2856 5084
585 266 781 348 emunt,
801 271 834 334 ι.
1200 217 1206 228 ’
1267 266 1290 331 e

1130 361 1149 394 ἢ

136 431 318 496 vivendum
345 445 381 495 se
406 432 479 514 ipsa
511 451 584 496 esse
615 441 816 497 contentam.
868 427 965 494 Quod
983 431 1056 492 'etsi
1084 428 1224 492 difficile
1239 435 1292 491 est

87 516 94 524 “
137 516 291 597 probatu,
314 522 456 597 propter
475 523 544 576 tam
565 518 661 578 varia
683 524 795 577 ettam
810 515 914 576 multa
936 520 1103 575 tormenta
1114 516 1290 577 fortunent

136 598 205 658 tale
225 606 336 658 tamen
357 604 420 675 est,
440 604 484 658 nt
501 596 739 658 elaborandum
767 598 820 666 sit,
852 613 918 677 quo
947 595 1080 656 facilius
1106 594 1291 676 probatura

137 678 223 740 nihil
245 688 296 741 est
317 681 577 755 enimomnium‚
600 681 730 762 quaein
751 676 965 760 philosophia
978 684 1179 752 tractantur,
1202 672 1292 759 quod

136 761 273 846 gravius
288 761 621 848 magnificentiusque
633 760 777 825 dicatur.
811 759 910 836 Nam,
932 779 1033 841 quum
1055 777 1094 820 ea
1111 777 1208 820 cauea
1229 760 1291 820 im·
1308 766 1335 822 2-

136 843 264 923 pnlerit
284 864 352 920 eos,
375 847 432 923 qui
454 846 555 924 primi
577 863 612 904 se
634 841 677 904 ad
705 842 937 924 philosophiae
963 839 1113 902 studium
1143 841 1292 902 contule-

137 932 233 1002 runt5
251 933 300 1002 ut,
323 925 476 987 omnibus
498 926 599 986 rebus
615 926 824 1005 posthabitis,
837 931 926 986 totos
947 943 983 986 se
1003 925 1039 983 in
1061 924 1292 1004 optimovitae

136 1014 227 1068 statu
258 1006 465 1089 exquirendo
493 1007 714 1082 collocareut3
744 1010 895 1090 proiecto
933 1023 992 1087 spe
1023 1005 1118 1068 beate
1153 1001 1293 1068 vivendi

135 1095 263 1150 tantam
295 1091 332 1149 in
367 1107 406 1149 eo
440 1087 552 1150 studio
566 1151 569 1154 ,
583 1105 699 1150 curam
729 1105 929 1170 operamque
955 1095 1172 1169 posuerunt..
1195 1075 1294 1152 Quod

135 1171 165 1238 si
185 1170 226 1231 ab
248 1172 290 1232 iis
312 1157 457 1231 inventa*
479 1179 513 1232 et
533 1173 682 1252 perfecta
708 1172 818 1232 virtus
845 1177 907 1246 est,
938 1177 972 1230 et
1002 1171 1032 1230 si
1061 1167 1233 1251 praesidii
1249 1165 1295 1233 ad

135 1249 232 1314 beate
253 1250 436 1315 vivendum
456 1253 493 1313 iu
516 1255 644 1316 virtute
665 1254 746 1315 satis
767 1260 836 1331 est3
859 1251 932 1334 quis
944 1257 1005 1330 est,
1027 1253 1087 1332 qui
1107 1272 1174 1314 uon
1196 1269 1294 1331 prae-

114 1416 291 1484 ¹¹panemo.
327 1419 383 1470 rro
412 1415 561 1478 casana
584 1435 658 1469 unu.
684 1418 735 1470 01.
764 1414 850 1468 habet
877 1416 932 1472 oua·
952 1414 995 1481 κῃ·
1023 1414 1096 1470 cua.
1117 1419 1142 1470 1.
1162 1395 1293 1481 asstare

115 1488 189 1556 'pro
208 1485 343 1552 difficile.
380 1488 469 1540 llehd.
490 1494 548 1540 tom
566 1488 677 1539 multo
695 1493 721 1539 et
741 1491 798 1539 tom
815 1488 928 1539 varia.
957 1487 1003 1538 En
1021 1487 1076 1539 tibi
1094 1495 1292 1539 correctorem

134 1556 294 1610 Ciceronis.
330 1557 465 1610 Alterum
484 1565 543 1610 tam
561 1558 639 1610 deest
658 1558 689 1610 in
706 1573 765 1609 uno
784 1557 835 1610 Ox.
855 1564 885 1609 et
902 1557 969 1610 coo.
988 1557 1085 1610 Duisb.
1123 1559 1183 1612 Mr.

183 1690 185 1692 ,
206 1629 286 1683 Quod
305 1630 358 1681 etsi
376 1654 409 1672 ·-
427 1628 567 1699 fortunae]
587 1626 713 1680 Adducit
730 1628 842 1680 Nonius
864 1628 895 1679 in
912 1628 1039 1695 motato.
1076 1627 1113 1680 D.

208 1698 275 1751 Tale
293 1703 385 1751 tamen
403 1705 456 1762 eet,
481 1705 512 1750 ut
530 1699 731 1752 elaborandum
755 1697 814 1763 sit]
845 1698 913 1752 God.
933 1698 1022 1751 Rehd.
1048 1703 1141 1752 tamen
1164 1698 1221 1751 tate
1238 1704 1291 1751 ert.

134 1767 174 1820 Et
192 1767 233 1821 ita
250 1769 322 1821 Edd.
341 1772 370 1822 Ρ.
391 1768 424 1820 A.
443 1771 474 1822 B.
495 1768 523 1822 S.
544 1770 579 1825 Ε.
599 1770 630 1822 G.
649 1770 720 1821 Ven.
740 1777 828 1821 nostr.
856 1769 920 1820 Asc.
940 1772 965 1822 l.
985 1771 1012 1824 2.
1038 1770 1119 1821 Junt.
1156 1767 1192 1820 ln
1208 1786 1238 1821 se
1261 1787 1290 1836 q.

133 1846 200 1907 post
224 1838 298 1892 sitit
319 1839 469 1892 omittitur
495 1846 538 1893 eet
561 1841 593 1890 in
621 1839 695 1891 Gud.
716 1841 741 1893 2.
767 1838 857 1892 Rehd.
903 1839 939 1890 In
965 1839 1052 1896 Mart).
1076 1839 1195 1914 legitur
1216 1840 1249 1892 κε’
1276 1839 1293 1890 't

133 1908 210 1961 enm
237 1914 286 1962 est.
323 1912 390 1963 Mox
415 1910 506 1962 Rehd.
532 1926 590 1962 non
615 1910 701 1963 habet
726 1911 757 1963 in
779 1918 846 1980 post
872 1925 950 1978 quoe.
979 1910 1067 1963 Goth.
1088 1910 1119 1961 iu
1138 1927 1230 1984 marg.
1249 1910 1293 1963 ait

135 1978 245 2032 esseio
261 1987 320 2033 ret.
340 1981 403 2050 cod.
423 1998 487 2049 quo
505 1983 629 2048 μανίαι.
667 1981 713 2032 Ex
729 1979 836 2032 nostrie
854 1980 952 2031 nullus
969 1980 1097 2033 assentit.
1133 1979 1194 2032 Mr.
1284 2020 1289 2026 .

206 2050 274 2103 Cum
297 2051 394 2121 aliqua
421 2066 506 2104 causa
528 2051 675 2119 impulerit
701 2051 764 2117 eos]
792 2051 904 2122 ⁴Vulgo
927 2064 969 2103 ea.
1007 2051 1065 2104 Sed
1087 2068 1123 2103 ex
1152 2049 1294 2103 orationis

134 2119 224 2174 ductu
240 2129 320 2192 patet
337 2123 420 2175 illam
436 2122 572 2174 voculam
591 2123 654 2174 loco
672 2138 731 2173 non
748 2122 919 2185 convenire3
940 2128 1117 2193 quiapropter
1134 2121 1292 2196 legendum

135 2191 231 2260 aliqua
249 2192 379 2244 eumacl.
397 2193 541 2257 Bentleio,
560 2193 609 2244 vel
628 2193 772 2262 quaedam,
792 2191 868 2260 quod
886 2192 991 2244 eodem
1003 2193 1088 2246 redit.
1128 2192 1164 2245 l).

204 2262 287 2328 Nam,
305 2277 443 2329 prumea
461 2279 548 2316 cauea
565 2262 711 2330 impulerit
729 2262 796 2328 eon]
833 2263 920 2326 „Nou
938 2262 1023 2315 video
1048 2279 1102 2314 cur
1119 2277 1153 2312 eo
1177 2269 1292 2314 mutan-

134 2330 201 2384 dum
227 2333 265 2384 sit
289 2349 357 2384 cum
378 2334 474 2386 Bentl.
502 2342 532 2386 et
556 2333 670 2386 Darisio·
699 2333 731 2385 iu
754 2334 867 2400 aliqua:
898 2332 991 2384 multo
1019 2332 1098 2384 enim
1120 2331 1225 2384 melior
1249 2337 1293 2383 est

134 2401 224 2454 lectio
240 2402 367 2475 vulgata.
404 2403 555 2456 Sententia
573 2413 630 2456 este
661 2402 694 2468 ii,
721 2403 772 2472 qui
790 2402 882 2472 primi
904 2402 987 2454 seed
1011 2401 1213 2472 philosophiae
1232 2411 1293 2454 stu-

134 2471 215 2524 dium
246 2470 443 2540 coutulerunt,
475 2473 553 2525 nihil
578 2474 658 2527 aliud
688 2474 780 2547 magis
804 2472 950 2538 curabant,
982 2490 1069 2542 quam
1089 2480 1124 2525 ut
1148 2472 1293 2542 optimum

132 2543 212 2595 vitae
231 2551 336 2595 statum
355 2543 574 2614 exquirerent.“
596 2543 686 2598 Bonis.
721 2543 805 2598 Schz.
826 2543 940 2612 recepit
962 2543 1069 2613 atiquo,
1097 2543 1221 2608 llarisio,
1242 2543 1292 2597 vel

133 2613 265 2665 Bentleio
289 2614 394 2684 potius,
425 2615 587 2669 obsecutus:
622 2632 796 2685 quamquam
829 2631 928 2684 operas
955 2614 1153 2667 inobedientes
1179 2613 1291 2680 habuit,-
1397 2618 1402 2629 '

134 2689 208 2753 duae
226 2692 383 2754 utrumque
400 2687 570 2749 omiserunt,
604 2694 638 2737 ut
663 2703 741 2738 nunc
765 2685 796 2736 in
814 2685 958 2738 contextis
981 2685 1056 2756 apud
1072 2702 1139 2737 eum
1157 2685 1290 2760 legatur:

133 2754 209 2808 Nam
226 2771 306 2824 pana
324 2770 417 2813 consa.
438 2784 472 2796 -
507 2756 593 2809 Nihil
611 2754 665 2808 illa
682 2756 881 2810 emendatione
899 2755 995 2807 minus
1011 2756 1211 2812 necessarium.
1239 2757 1292 2808 En

133 2841 221 2877 cauea
239 2825 322 2890 dicit,
341 2834 439 2895 postea
456 2843 519 2880 eam
537 2828 735 2898 expositurus;
759 2825 892 2880 nimirum
914 2831 944 2877 at
962 2857 996 2869 -
1014 2832 1085 2879 totos
1102 2842 1133 2878 ae
1152 2853 1186 2865 -
1205 2827 1292 2879 collo·

133 2903 240 2949 corant.
277 2896 357 2949 Idem
381 2898 512 2950 sentiunt
528 2889 580 2951 W.
607 2898 638 2948 iu
655 2897 761 2950 scholis
785 2906 814 2950 et
836 2897 999 2950 Kiihnerus.
1026 2896 1093 2950 cod.
1120 2897 1194 2951 Gud.
1214 2898 1291 2949 male

135 2966 253 3023 exhibet
270 2966 379 3035 inpulit
396 2962 450 3038 pro
469 2959 628 3035 impulerim
655 2980 728 3021 unns
747 2969 798 3022 Ox.
820 2967 944 3036 primam
967 2982 1022 3036 pro
1038 2967 1135 3041 primi.
1160 2968 1234 3020 Gud.
1258 2983 1290 3021 ee

132 3037 260 3107 positum
282 3037 368 3091 habet
392 3047 459 3092 ante
482 3041 668 3092 contulerunt.
697 3038 782 3094 Vind.
803 3042 828 3092 1.
854 3037 971 3090 exhibet
997 3038 1198 3091 contulerint.
1234 3040 1291 3091 Pro

133 3107 238 3177 optimo
255 3107 343 3162 Goth.
364 3117 394 3161 et
411 3109 526 3162 Lambh
547 3109 580 3160 in
597 3127 659 3161 mar
681 3148 688 3161 .
707 3108 814 3162 habent
833 3125 891 3162 esse
910 3109 942 3159 in
958 3116 1018 3160 ret.
1039 3109 1099 3163 cod.
1119 3115 1288 3178 oppos-tunm

133 3178 190 3230 duo
209 3181 277 3233 Oxx.
296 3179 368 3231 Edd.
388 3181 416 3231 P.
436 3181 469 3232 A.
489 3181 520 3233 B.
539 3179 567 3234 S.
586 3180 621 3233 Ε.
666 3218 673 3232 .
693 3181 764 3233 Veu.
784 3187 872 3231 nostr.
894 3184 923 3233 et
941 3179 1000 3230 Alt.
1026 3178 1090 3233 Asc.
1112 3185 1136 3235 1.
1156 3183 1183 3236 Ἰ.
1207 3183 1289 3234 ert.

134 3248 265 3316 optimae.
286 3249 359 3302 Gud.
380 3252 405 3304 2.
424 3257 502 3304 statu
519 3251 601 3304 vitoe.
630 3251 665 3304 In
683 3267 762 3322 seqq.
781 3254 857 3302 unus
866 3252 915 3304 Ox.
933 3249 1061 3317 profecto
1079 3267 1116 3304 re
1134 3251 1198 3320 (pro
1216 3252 1286 3319 epe).

134 3319 209 3380 Gud.
229 3323 256 3375 ἢ.
276 3318 388 3372 omittit
405 3321 518 3374 meandi
534 3330 599 3391 post
618 3321 712 3385 beote3
734 3338 808 3373 uuus
828 3321 878 3374 Ox.
899 3321 973 3374 Gud.
993 3321 1077 3373 vind.
1099 3326 1123 3376 1.
1143 3325 1169 3377 2.
1188 3319 1242 3374 Ed.
1258 3325 1288 3376 P.

133 3396 220 3443 totam
237 3406 292 3461 pro
310 3397 426 3443 tantam.
463 3393 524 3444 Mr.
630 3425 633 3430 -
702 3394 706 3400 ’
838 3432 842 3437 .
913 3423 935 3437 .1
1019 3394 1031 3406 ”

87 3483 92 3490 ’
205 3461 285 3516 Quod
301 3461 330 3514 η’
346 3463 381 3514 ab
400 3461 441 3515 iia
458 3464 570 3517 invento
592 3468 620 3516 et
637 3466 765 3532 perfecto
786 3460 879 3516 virtue
897 3461 956 3528 eet]
991 3462 1133 3518 Adhibuit
1155 3471 1288 3519 nostrum

132 3530 232 3584 locum
250 3533 287 3584 G.
306 3533 342 3584 N.
361 3532 515 3599 Buschius‘,
550 3534 582 3586 in
599 3535 765 3587 Prolusioue
787 3534 975 3588 Rostochiana
998 3552 1022 3588 a.
1048 3538 1127 3601 18³0,
1151 3555 1223 3606 quae
1241 3538 1288 3590 in·

132 3602 273 3654 scribitur
296 3603 511 3656 Observationes
538 3605 573 3657 ad
600 3605 658 3658 Cic.
687 3605 722 3657 de
746 3606 823 3658 Orat.
846 3605 936 3659 libros
961 3607 1036 3658 Part.
1056 3608 1079 3659 1.
1104 3626 1133 3678 p.
1154 3611 1196 3664 17.
1220 3609 1288 3662 loco

134 3672 282 3726 Ciceronis
298 3673 333 3726 ‹le
352 3674 398 3727 Or.
414 3674 437 3728 Ι.
456 3677 482 3730 4.
495 3677 543 3729 13:
563 3680 594 3728 at
613 3677 739 3729 omittam
757 3677 826 3728 ittae
843 3675 964 3730 omnium
982 3677 1173 3733 doctrinarum
1190 3679 1287 3733 insen·

134 3745 222 3796 trices
238 3741 372 3809 Athenon
391 3744 422 3796 tn
441 3746 539 3816 quidue
555 3751 665 3798 rumoso
683 3746 795 3800 dicendi
812 3747 855 3800 tta
872 3754 898 3800 et
924 3744 1069 3801 incentu
1095 3756 1135 3802 eet
1158 3754 1185 3809 et
1206 3765 1287 3817 per-

132 3815 240 3880 fecta.
259 3816 316 3868 .Et
342 3822 443 3868 tuetur
467 3816 553 3873 simul
566 3816 628 3869 >hio
645 3818 725 3869 locus
749 3817 841 3870 nostri
858 3816 1023 3881 lectionem,
1053 3836 1217 3886 quanquam
1233 3835 1288 3886 per

112 3887 164 3936 ‘se
182 3885 248 3937 satis
265 3893 369 3947 tutam,
407 3886 520 3950 erfectus,
539 3887 620 3938 ouius
638 3886 702 3940 loco
715 3888 800 3941 Vino.
811 3892 836 3942 1.
856 3896 885 3940 et
902 3889 992 3941 Rehd.
1011 3886 1117 3939 habent
1133 3891 1292 3955 perspectu,³

131 3962 194 4008 tres
213 3956 282 4008 011.
302 3962 333 4008 et
350 3902 406 4006 ni
418 3957 451 4008 P·-
468 3959 605 4022 profecto.
641 3960 695 4023 Pro
714 3958 754 4011 ite
770 3976 806 4011 ex
821 3957 888 4012 Gud.
907 3960 978 4031 Reg.
998 3957 1047 4006 cui
1065 3956 1096 4005 in
1113 3956 1168 4006 hoc
1187 3971 1287 4006 errore

153 4025 306 4095 lorumque
333 4025 472 4078 accedunt
496 4026 614 4081 cut-1.
629 4030 672 4093 -2,
705 4027 938 4080 Davisiusdedit
960 4025 1016 4076 tta.
1040 4025 1137 4076 Duisb.
1162 4022 1236 4074 Gud.
1256 4032 1287 4075 et

131 4043 224 4148 heho.
244 4095 433 4150 habentliie.
465 4095 565 4149 Virtus
581 4113 646 4148 cum
664 4100 781 4167 proprie
800 4099 918 4150 inventa
935 4094 994 4145 dici
1012 4109 1072 4146 non
1088 4093 1186 4164 possit,
1205 4104 1284 4148 necte

131 4176 252 4220 monent
268 4168 364 4221 Kiilm.
385 4176 413 4221 et
431 4166 526 4222 Wolf.
546 4167 578 4217 in
596 4166 701 4219 scholis
723 4168 782 4219 diei
799 4166 846 4218 his
871 4164 983 4216 verbis:
1012 4166 1143 4235 perfecta
1166 4166 1285 4218 virtutis

133 4238 243 4308 species
265 4256 298 4292 ao
325 4241 424 4292 forma.
441 4239 566 4291 inventa.
602 4236 671 4290 God.
697 4235 770 4290 Gud.
797 4240 823 4292 Ἰ.
854 4234 966 4287 omittit
990 4237 1019 4289 ei
1044 4247 1110 4292 ante
1133 4238 1284 4307 praesidii.

133 4309 203 4365 God.
221 4309 295 4384 Aug.
314 4309 410 4375 habet,
430 4326 529 4363 errore
548 4307 672 4362 scribaet
691 4308 721 4360 in
737 4309 840 4361 virtute
856 4305 977 4360 virtue
995 4315 1044 4362 est.
1080 4312 1142 4366 Mr.

207 4379 271 4450 quie
288 4387 340 4447 eet,
359 4380 406 4450 qni
422 4397 478 4436 non
490 4380 640 4451 praeclare
662 4384 691 4433 et
708 4379 743 4434 ab
766 4378 830 4442 illie
845 4377 984 4449 potitam]
1007 4381 1054 4446 „i
1074 4399 1099 4436 e.
1118 4381 1283 4454 depositam.

995 4490 1039 4551 1*
