2856 5084
208 248 267 312 168
412 242 642 348 CICERONIS
663 244 908 326 TuscuunN.
931 244 1159 310 DISPUTAT.

203 409 261 470 ille
282 407 453 474 dilexerite
473 411 588 491 plures
609 411 698 470 enim
718 411 860 495 singulis
882 410 991 472 solent
1012 429 1083 472 esse
1104 416 1243 490 nuptae:
1267 426 1350 490 quae
1412 463 1416 467 .

205 498 256 552 est
271 491 419 562 victrix,
455 509 493 552 ea
520 493 619 569 laeta,
660 492 933 572 prosequentibus
955 492 1033 567 suis,
1076 511 1143 551 una
1171 510 1246 551 cum
1272 493 1350 552 viro

204 574 241 643 iu
262 592 382 656 rogum
403 574 609 652 imponitur:
632 573 690 632 illa
711 575 799 634 victa
822 581 945 635 maeste
970 569 1121 634 discedit.
1171 572 1351 651 Nunquam

203 661 359 714 naturam
379 673 450 714 mos
472 656 638 716 vinceret:
661 661 712 717 est
731 657 820 714 enim
842 673 881 714 ea
901 672 1035 734 semper
1054 655 1198 725 invicte,
1220 652 1350 715 sednon

201 735 341 809 umbris,
354 733 493 806 deliciis,
507 737 588 811 otio,
599 735 771 818 languore,
781 733 907 795 desidia
919 737 1064 794 animum
1077 736 1252 794 infecimus
1262 735 1352 814 :opi-
1422 733 1425 736 ’

200 817 356 876 nionibus
376 817 528 896 maloque
549 834 644 878 more
660 817 840 877 delenitum
857 817 1074 880 mollivimns.
1105 815 1351 900 Aegyptiorum

152 898 155 903 ’
201 916 327 958 morem
343 900 414 979 quis
430 896 580 982 ignorat?
602 917 743 980 quorum
759 899 905 960 imbutae
920 907 1046 959 mentes
1061 899 1237 978 pravitatis
1254 914 1349 958 erro-

201 1098 289 1141 more.
328 1080 383 1134 Sed
408 1083 458 1134 ubi
482 1082 538 1134 alia
564 1082 663 1134 suadet
685 1090 714 1134 et
740 1081 862 1134 meliora
884 1082 1059 1151 optimorum
1086 1082 1227 1133 librorum
1251 1080 1349 1147 lentie,

200 1168 259 1205 non
277 1152 405 1205 audimus
424 1153 619 1205 defensionem
636 1151 781 1225 vulgatae,
801 1169 974 1222 quamquam
991 1168 1044 1220 per
1062 1169 1091 1203 se
1110 1166 1168 1203 non
1186 1151 1349 1219 improban-

200 1223 273 1292 dam,
310 1224 444 1275 Nostram
463 1222 550 1275 etiam
573 1222 728 1277 lectionem
745 1221 898 1292 Zumptius
917 1220 1064 1286 (Gramm.
1083 1223 1144 1272 Lat.
1169 1219 1191 1284 ᾗ.
1213 1224 1273 1275 710.
1293 1222 1346 1274 Ed.

178 1295 240 1360 ,6.)
258 1293 368 1361 probat,
396 1293 513 1362 eiusque
538 1294 679 1346 rationem
741 1292 921 1346 ammaticam
944 1292 1077 1360 explicat.
1116 1287 1163 1341 ln‘
1176 1307 1255 1358 seqq.
1275 1309 1348 1343 unus

201 1363 251 1418 Ox.
271 1361 445 1415 dilexerint
463 1379 516 1431 pro
534 1362 676 1416 dilexerit.
739 1362 821 1414 einde
839 1362 913 1414 Gud.
935 1366 958 1416 l.
978 1363 1005 1427 (a
1025 1366 1048 1415 l.
1067 1361 1119 1424 m.)
1148 1362 1223 1413 Mon.
1244 1365 1269 1416 1.
1293 1362 1348 1415 duo

200 1432 323 1487 Oxx.'‘e‘n
340 1448 441 1499 rogum
456 1434 621 1502 ponitur,
643 1433 773 1502 absorpto
791 1431 832 1483 e'm
848 1433 1037 1500 praecedente
1054 1448 1090 1482 m.
1128 1431 1188 1483 Mr.

270 1502 342 1555 Illae
358 1505 449 1556 uictae
466 1509 583 1557 moestae
601 1501 758 1568 discedunt]
794 1502 898 1575 vulgo,
925 1503 978 1556 illa
1002 1501 1076 1554 niolo
1094 1507 1199 1554 moesto
1217 1499 1345 1555 discedit.

200 1573 256 1626 Sed
273 1582 352 1626 recte
370 1573 584 1632 CLBentleius:
603 1591 669 1625 nam
685 1590 753 1626 cum
769 1572 869 1642 plures
887 1572 1009 1647 singulis
1027 1572 1136 1625 soleant
1155 1587 1214 1625 esse
1232 1581 1347 1643 nuptae,

198 1644 264 1711 plus
282 1661 339 1696 una
356 1644 491 1696 vincatur
507 1661 620 1696 necesse
639 1650 689 1696 est.
726 1643 800 1696 Deo.

270 1714 322 1767 illa
338 1714 422 1780 sicta]
441 1715 575 1780 „hebens
593 1715 764 1782 obsequerer
780 1714 833 1765 uni
846 1714 912 1767 cod.
928 1713 1014 1766 Leid.
1028 1715 1058 1765 in
1077 1729 1135 1783 quo
1154 1721 1197 1765 est
1213 1712 1269 1767 illa
1287 1712 1347 1766 nlla

198 1782 282 1836 uiola
307 1785 401 1837 Nimis
419 1786 554 1838 audacter
563 1786 633 1838 Dav.
653 1801 719 1836 cum
737 1784 869 1838 Bentleio
887 1783 1016 1837 correxit
1033 1785 1101 1839 illae
1119 1783 1209 1837 victae
1229 1791 1348 1838 moestae

122 1854 123 1857 ’
199 1853 351 1907 discedunt.
390 1855 446 1908 Sed
463 1855 560 1908 dicere
577 1854 674 1924 potuit
690 1855 793 1922 plnree,
812 1855 925 1907 etiamsi
938 1854 1008 1906 dnae
1028 1863 1110 1907 erant
1128 1863 1233 1923 nuptae
1251 1857 1295 1907 sin
1336 1885 1349 1896 -

198 1923 269 1977 lis.“
294 1922 380 1978 Βοιώ.
416 1925 495 1990 „llla
520 1925 597 1979 viola
621 1924 859 1998 intelligendumt
881 1925 991 1977 siduas
1016 1933 1129 1977 tantum
1146 1923 1255 1992 habuit.
1314 1926 1349 1978 ed

197 1995 273 2046 mihi
290 1995 386 2065 placet
404 1995 690 2048 eorrectio.Bentleii
710 2005 738 2048 et
748 1995 871 2048 Davisii:
891 1995 960 2048 illae
978 1997 1078 2062 vietae,
1098 1993 1146 2047 vel
1164 1995 1241 2048 uliae
1257 1997 1349 2050 victae

197 2072 319 2118 neoeetoe
337 2064 512 2118 discedunt.“
531 2067 609 2121 Erus
638 2064 745 2131 „Nihil
764 2082 832 2134 opus
851 2066 1040 2120 correctione.
1076 2067 1168 2119 Voces
1193 2066 1246 2119 illa
1270 2068 1348 2120 oleta

197 2135 275 2187 idem
293 2135 459 2209 significant.
477 2136 582 2203 quodt,
600 2152 785 2203 quaecunque
809 2152 844 2189 ex
867 2135 927 2186 illis
945 2144 988 2189 est
1005 2135 1092 2201 victa,
1117 2135 1177 2189 sive
1200 2136 1270 2190 illae
1289 2138 1349 2191 sint

198 2205 269 2258 duae
287 2206 346 2258 sive
364 2206 471 2275 plures.
508 2207 571 2258 Vox
588 2205 642 2257 illo
659 2205 691 2258 in
708 2204 874 2258 huiusmodi
892 2206 1084 2259 locutionibus
1101 2207 1162 2258 vim
1179 2206 1266 2259 habet
1283 2208 1349 2278 plu·

197 2275 266 2328 ralis
284 2275 409 2339 numeri,
436 2284 469 2328 ut
493 2275 524 2327 in
550 2275 656 2331 11.15:
688 2275 808 2328 videmus
830 2276 928 2328 rudem
953 2276 1058 2328 illuns
1083 2283 1109 2328 et
1126 2276 1347 2344 inexercitatum,
1390 2341 1393 2345 Ι

198 2345 321 2414 quamvis
338 2347 437 2399 leniter
455 2346 549 2410 ictum,
566 2346 696 2413 ploratus
714 2344 893 2412 turpissimos
911 2347 1001 2400 edere.
1039 2346 1087 2399 Sic
1106 2348 1194 2399 etiam
1213 2348 1245 2398 in
1261 2349 1349 2414 Quin-

197 2416 243 2467 til.
264 2417 333 2467 lnst.
355 2415 400 2468 Or.
419 2418 442 2468 1.
461 2419 493 2471 3:
521 2417 624 2483 probus
641 2431 745 2485 quoque
770 2417 801 2470 e'n
816 2416 923 2483 primu
941 2420 996 2471 erit
1022 2417 1088 2470 ille
1110 2416 1287 2485 ingeniosum
1319 2427 1348 2472 et

198 2484 236 2537 ib.
253 2487 357 2554 probus
379 2485 501 2539 abillo
529 2485 611 2552 segni
633 2493 660 2538 et
684 2485 791 2539 iacente
808 2488 924 2539 mullum
942 2485 1066 2540 uberil.“
1089 2487 1231 2553 Pearcius.
1269 2489 1348 2555 „Illa

145 2621 149 2626 ,
197 2555 271 2609 vieta
288 2557 308 2608 i.
329 2575 353 2611 e.
372 2565 485 2609 ceterae
503 2573 612 2617 omnes,
630 2575 650 2608 s.
665 2574 852 2626 quaecunque
870 2558 949 2610 victa
967 2557 1040 2611 est.“
1057 2557 1220 2625 Holte'nger.
1239 2559 1273 2611 ad
1284 2561 1345 2613 cic.

197 2625 260 2680 Ecl
280 2644 308 2695 p.
322 2629 389 2684 Δ28θ.
417 2626 493 2692 „Illa
510 2626 675 2692 collective,
694 2635 728 2677 ut
745 2628 835 2693 aiunt,
854 2629 1022 2690 sternendum
1039 2628 1163 2692 videtur,
1182 2637 1215 2679 ut
1232 2639 1346 2682 ceterae

99 2753 112 2773 ο
196 2696 334 2749 mulieres
357 2696 462 2762 victae,
495 2705 629 2765 tanquam
663 2715 729 2761 una,
760 2706 940 2768 opponantur
974 2699 1026 2750 uni
1052 2698 1170 2750 mulieri
1194 2698 1347 2751 victrici.“

196 2765 290 2822 Kelbn.
328 2766 437 2820 Orellio
456 2767 593 2820 satisfacit
610 2767 777 2840 Hottingeri
796 2769 967 2838 explicatio:
993 2770 1053 2838 ipse
1071 2768 1105 2820 de
1121 2767 1177 2832 hoc
1202 2787 1254 2820 usu
1276 2787 1348 2840 pro·

170 2837 321 2890 ‘nominis
342 2837 392 2891 ille
416 2837 513 2891 laudat
537 2837 598 2890 cic.
627 2837 661 2891 de
680 2837 726 2890 Or.
747 2838 770 2889 Ι.
792 2843 815 2893 1.
835 2843 861 2894 4.
887 2840 977 2907 Plaut.
1006 2839 1169 2892 Trinumm.
1195 2839 1234 2891 11.
1253 2843 1279 2894 3.
1299 2844 1344 2896 92.

112 2908 114 2912 ’
196 2909 263 2961 Tac.
284 2905 380 2961 Germ.
405 2925 429 2960 c.
447 2912 493 2965 214.
514 2935 548 2946 -
583 2911 637 2961 Pro
662 2915 767 2960 maesta
790 2928 864 2961 unus
888 2911 937 2966 Ox.
965 2909 1111 2973 maiestas,
1137 2927 1211 2960 unus
1234 2911 1346 2964 omittit

196 2995 271 3042 moe3
301 2978 374 3030 alius
391 2978 476 3031 habet
491 2977 578 3040 vineit
595 2994 647 3048 pro
666 2977 804 3041 vinceret.-
829 2971 915 3048 idque
935 2989 977 3032 est
1000 2980 1181 3043 correctoris,
1209 2981 1260 3049 qui
1283 2999 1347 3034 sen-

196 3050 318 3103 tentiose
350 3049 432 3116 loqui
459 3049 550 3110 vellet
577 3049 755 3110 Ciceronem.
796 3050 892 3101 Aliam
916 3050 1011 3116 habes,
1044 3050 1196 3124 egregiam
1220 3050 1344 3117 scilicet,

197 3118 425 3182 emendationem
441 3134 518 3171 more
535 3134 587 3189 pro
606 3135 665 3172 neon
683 3120 715 3170 in
734 3119 807 3175 Gud.
827 3123 852 3174 2.
873 3121 940 3174 cod.
960 3125 1034 3174 Mon.
1056 3125 1080 3175 l.
1109 3120 1225 3172 exhibet
1243 3127 1284 3173 eet
1307 3138 1345 3175 ea

197 3189 298 3247 enim.
335 3190 400 3240 Mox
418 3207 491 3240 unus
505 3191 554 3243 Ox.
575 3188 643 3241 otiis
658 3206 713 3258 pro
731 3189 802 3242 otio.-
820 3189 960 3247 nimirum
979 3192 1047 3261 quia
1064 3190 1209 3259 praecedit
1227 3193 1343 3258 umbrie,

197 3257 318 3314 deliciis.
355 3256 472 3311 Inversa
490 3261 602 3313 ratione
622 3268 663 3311 nst
682 3260 713 3310 in
732 3260 815 3314 Vind.
838 3260 1227 3328 12umbn,olio,delielle.
1258 3263 1346 3316 Wol-

195 3330 249 3383 lius
268 3330 300 3380 in
318 3327 423 3380 scholis
445 3328 553 3383 umbrie
578 3329 716 3398 explicat:
742 3330 823 3383 intro
844 3330 976 3398 privatos
997 3331 1130 3400 parieles.
1159 3332 1226 3384 Gud.
1245 3332 1342 3384 Duisb.

195 3399 280 3453 hebet
299 3400 443 3466 languore,
462 3399 529 3453 olio.
548 3399 632 3452 Vind.
652 3402 678 3454 2.
698 3401 826 3468 opinione
845 3418 899 3471 pro
917 3401 1101 3471 opinionibus.
1141 3403 1201 3455 Mr.

265 3489 388 3558 maloque
405 3504 482 3541 more
500 3487 648 3541 delinitum
664 3489 857 3555 multivomes]
893 3490 1051 3557 „Maloque
1068 3505 1145 3542 more
1171 3490 1191 3542 d
1197 3495 1346 3543 emotum

196 3558 301 3628 Gryph
310 3594 320 3621 ,
339 3558 389 3627 qui
408 3558 485 3610 idem
505 3577 519 3612 e
537 3559 656 3632 regione
674 3560 705 3610 in
723 3577 786 3612 mar
807 3599 813 3611 .
834 3560 969 3612 devictum
994 3559 1152 3613 lectionem
1169 3561 1278 3612 variam
1294 3577 1346 3612 ve-

194 3629 358 3680 tustissimis
390 3645 421 3680 ae
445 3647 480 3681 ue
509 3629 618 3681 litteris
645 3627 761 3682 habet.“
819 3638 873 3682 rut.
898 3634 899 3637 ’
924 3630 991 3695 ‚,A1.
1013 3629 1205 3683 v,delenilnmff‘
1242 3631 1343 3699 Murg.

193 3696 307 3750 Lemdb.
328 3704 353 3751 el
372 3647 450 3750 Geel.
480 3698 588 3764 „Nihil
605 3699 768 3752 novandum
788 3700 930 3764 existimo,
949 3700 998 3753 sed
1015 3708 1127 3751 tantum
1146 3701 1345 3771 diversitatem

194 3769 483 3822 animadvertendam.
529 3769 647 3822 Palatin.
677 3771 815 3822 secundus
844 3771 980 3823 delentem
1003 3770 1170 3823 molivimue.
1198 3779 1265 3822 tert.
1297 3772 1345 3824 de-

193 3841 312 3893 vietum:
342 3857 428 3908 wem
451 3840 482 3891 in
509 3855 559 3892 ora
583 3838 669 3891 habet
694 3857 808 3908 quoqne
827 3841 942 3910 Gryph.
960 3841 1008 3893 sed
1032 3841 1154 3893 interius
1173 3843 1345 3895 demotum.“

194 3908 276 3963 Geso.
313 3909 423 3979 Scripsi
450 3909 613 3973 delenitum
639 3926 706 3962 cum
729 3910 797 3962 Dav.
825 3909 894 3979 [qui
918 3910 993 3964 hane
1019 3913 1143 3963 ferinam
1170 3912 1230 3964 sine
1257 3913 1344 3966 dubio

192 3981 279 4032 habet
297 3998 332 4033 ex
349 3979 430 4054 Reg.]
451 3981 496 4032 Or.
519 3997 553 4033 ex
572 3978 658 4031 Godd.
680 3980 752 4032 Gud.
775 3984 798 4032 1.
818 3980 908 4034 Rehd.
930 3981 1090 4035 Scribitur
1107 3982 1139 4033 in
1156 3982 1239 4034 Vind.
1251 3987 1276 4037 l.
1295 3983 1345 4035 de-

192 4050 276 4116 liniti,
297 4052 328 4102 in
347 4067 403 4103 uno
423 4051 472 4102 Ox.
492 4050 552 4102 eius
570 4049 634 4102 loco
652 4049 728 4102 idem
743 4050 808 4114 polii.
845 4052 1007 4104 Discrimen
1030 4056 1094 4104 esse
1107 4052 1172 4103 vult
1198 4053 1280 4104 interv
1296 4054 1344 4105 de-

193 4121 283 4175 lenire
301 4129 330 4174 et
349 4122 468 4176 delinire
485 4119 627 4171 Drakenb.
646 4121 681 4173 ad
697 4122 761 4175 Liv.
782 4123 808 4186 ⁷,
826 4123 870 4177 38.
891 4140 977 4190 quem
995 4125 1103 4174 refutat
1120 4123 1191 4175 Ern.
1211 4123 1243 4174 in
1262 4123 1342 4176 Clav.

193 4192 256 4243 Liv.
292 4193 372 4244 Unus
392 4193 442 4247 Ox.
461 4189 546 4242 habet
564 4188 709 4256 mollimus,
727 4191 815 4245 neue.
836 4192 980 4246 mollitum.
1018 4195 1078 4246 Mr.

263 4259 467 4328 Aegyptiorum
492 4277 596 4313 morem
618 4261 870 4329 quielgnorutll
885 4264 971 4317 Codd.
997 4264 1085 4315 Marb.
1113 4266 1185 4315 lllon.
1206 4263 1340 4317 1.Rehd.

193 4330 385 4399 Egipte'ornm5
403 4347 475 4382 unus
497 4332 546 4385 Ox.
567 4335 640 4398 Aeg.
657 4349 741 4387 vero
758 4347 878 4398 morem3
911 4334 1008 4407 pergit
1031 4336 1105 4391 Mon.
1127 4335 1149 4385 Ι.
1180 4333 1238 4402 pua'
1262 4334 1343 4402 igno·
