2856 5084
158 329 160 333 ,
211 257 274 326 238
416 250 912 320 CICERONIS-tuscanam.
934 254 1165 320 DISPUTAT.

235 433 319 499 ater,
350 428 531 502 tyrannum
559 417 737 502 Cypselum
762 417 851 502 qaod
880 421 975 482 terre
1002 438 1069 481 non
1099 427 1244 503 poterat,
1276 421 1368 564 ἣιῗῐ

243 505 415 587 arquinios
437 503 611 578 Corintho,
633 510 670 564 et
688 503 736 564 ibi
757 521 832 564 suas
853 504 1005 563 fortunas
1032 505 1218 579 constituit,
1252 521 1292 563 ac
1340 506 1368 551 '-

211 588 312 651 beros
332 587 534 668 procreavit.
576 585 668 667 Num
688 584 791 648 stulta
820 585 1013 667 anteposuit
1039 585 1152 648 exsilii
1172 585 1367 650 libertatem

211 669 410 733 domesticae
431 665 606 730 servituti!

149 755 191 823 38
296 750 366 812 lam
393 769 476 812 vero
504 757 615 810 motus
643 749 757 824 animi,
786 747 1042 828 sollicitudines,
1073 747 1301 834 aegritudines
1323 771 1368 814 ue

129 843 188 894 110.
213 834 380 898 oblivione
401 833 587 909 leniuntur,
608 829 772 891 traductis
804 832 926 892 animis
952 830 995 892 ad
1024 833 1242 913 voluptatem.
1321 853 1368 894 on

162 911 189 963 b.
213 919 285 979 sine
306 933 406 978 causa
427 917 534 1001 igitur
553 914 720 994 Epicurus
741 932 839 974 ausus
866 921 916 974 est
937 912 1059 993 dicere,
1082 934 1213 996 semper
1233 914 1269 974 in
1290 916 1369 996 plu-

210 1000 305 1063 ribus
325 999 420 1061 bouis
442 1017 512 1059 esse
533 997 728 1078 sapientem,
771 997 827 1056 uia
848 1014 979 1076 semper
1000 999 1044 1060 sit
1065 999 1102 1057 in
1122 997 1366 1078 voluptatibus.

209 1083 258 1144 Ex
279 1101 344 1164 quo
367 1079 452 1145 effici
474 1086 570 1161 putat
590 1078 657 1156 ille,
680 1016 770 1158 quod
791 1080 994 1161 quaerimus,
1015 1087 1053 1139 ut
1075 1081 1204 1162 sapiens
1231 1100 1367 1164 semper

210 1267 321 1339 Scripsi
339 1274 436 1320 autem
452 1266 642 1334 uostri'regia
660 1283 695 1318 ex
714 1264 803 1320 Gadd.
828 1267 898 1341 Reg.
928 1266 1001 1319 Gud.
1022 1270 1047 1326 1.
1066 1269 1090 1320 2.
1117 1267 1204 1320 Marb.
1230 1268 1315 1321 Viud.
1331 1274 1364 1324 -1.

209 1343 283 1393 Mon.
306 1343 330 1393 1.
349 1340 375 1392 2.
413 1337 530 1406 Reliqui
556 1336 641 1389 codd.
662 1345 691 1388 et
709 1337 780 1389 Edd.
804 1352 901 1390 omnes
927 1336 1034 1389 habent
1060 1338 1138 1404 regis
1154 1337 1256 1403 nostri,
1288 1341 1367 1408 quod

209 1407 419 1481 praetulissem,
438 1406 495 1459 nisi
513 1407 631 1476 optimis
647 1407 731 1458 libris
744 1439 745 1443 =
756 1407 859 1460 fuisset
877 1408 1140 1478 obtemperandum.
1163 1435 1195 1448 -
1233 1411 1268 1462 In
1287 1413 1363 1463 lllon.

212 1484 236 1536 1.
255 1479 393 1532 scribitur
410 1477 560 1532 tirannum.
596 1477 638 1531 De
657 1478 783 1549 Cypsela
799 1479 858 1530 vid.
877 1479 1016 1531 Herodot.
1024 1481 1057 1531 V.
1068 1482 1112 1534 92.
1132 1479 1201 1548 ibiq.
1221 1480 1283 1533 inte
1321 1500 1364 1535 rr.

210 1551 245 1604 In
263 1549 346 1602 Vind.
367 1555 392 1604 l.
412 1550 472 1600 aius
490 1565 596 1601 nomen
614 1549 752 1601 scribitur
769 1547 914 1618 cypreum
946 1566 1001 1619 pro
1028 1551 1100 1617 quad
1124 1551 1155 1601 in
1173 1568 1264 1625 marg.
1284 1499 1364 1605 ¹(iprat.

210 1630 253 1675 est
271 1635 357 1690 quem.
395 1618 448 1671 Est
465 1620 521 1672 hoc
540 1620 721 1685 correctoris,
746 1621 874 1690 quinon
893 1629 1086 1689 concoqueret
1110 1637 1270 1690 pronomen
1288 1623 1367 1676 rela-

208 1692 302 1745 tivum
320 1691 409 1744 tertio
426 1692 490 1744 loco
510 1690 585 1760 (post
603 1696 752 1760 tyranuum
763 1690 919 1760 eqpeetun,
940 1691 1016 1760 quod
1034 1709 1101 1743 cum
1117 1692 1148 1743 vi
1167 1694 1366 1762 praepositum

209 1764 265 1829 est)
282 1763 465 1818 collocatum.
502 1763 556 1814 Pro
574 1761 654 1826 fugit
672 1770 714 1813 est
731 1763 814 1828 fugai
841 1763 872 1812 iu
891 1753 958 1814 God.
978 1761 1061 1813 Vind.
1082 1765 1107 1818 2.
1145 1765 1274 1836 Purgant
1292 1765 1365 1818 Edd.

208 1833 242 1885 A.
265 1834 297 1885 B.
320 1830 348 1885 S.
375 1833 410 1884 E.
429 1835 466 1886 Μ.
486 1833 519 1884 1..
547 1831 628 1883 Junt.
654 1833 725 1887 ven.
748 1841 838 1886 nostr.
864 1831 928 1884 Ald.
954 1832 1036 1885 Boul.
1065 1833 1128 1888 Gar.
1156 1833 1255 1905 steph.
1282 1835 1364 1887 Brut.

207 1903 323 1957 Lembb.
343 1902 429 1959 Goth.
450 1901 529 1973 sylb.
552 1903 719 1970 Tarqaiaaa,
738 1902 807 1955 God.
826 1905 902 1955 llllcu.
924 1908 948 1957 1.
969 1920 1036 1955 cum
1054 1902 1107 1956 Ox.
1117 1903 1150 1954 D.
1173 1903 1319 1974 Tarquini
1325 1921 1365 1960 ue

209 1972 402 2039 Curiatium,
422 1973 487 2026 duo
505 1975 574 2027 On.
597 1973 810 2042 Tarquiniis
828 1971 971 2040 Curiatio,
997 1991 1072 2025 unus
1089 1990 1105 2027 e
1123 1974 1267 2042 corintio,
1291 1976 1365 2029 alius

208 2046 319 2098 omittit
352 2042 531 2113 Tarquinios,
569 2043 643 2098 Gud.
670 2046 696 2098 2.
727 2043 813 2096 babet
846 2044 1068 2112 Tarquinius
1096 2044 1238 2099 variatio.
1287 2048 1364 2100 Tum

208 2116 305 2171 Duisb.
325 2119 454 2182 samanae
472 2131 548 2180 suar,
567 2114 650 2165 vind.
671 2119 696 2168 l.
715 2130 784 2167 ruas
801 2115 942 2168 coustituit
960 2117 1104 2178 {mturare
1131 2118 1290 2192 elegantius
1308 2118 1364 2171 sei·

207 2187 280 2241 lieet
305 2186 345 2238 ex'
367 2185 536 2238 auctoritate
562 2184 683 2240 librarii.
721 2186 756 2237 Iu
782 2186 865 2238 libris
887 2185 921 2237 de
945 2187 1015 2255 Rep.
1035 2187 1076 2239 ll.
1097 2189 1139 2242 19.
1165 2205 1250 2257 quem
1277 2207 1378 2258 supra,

150 2272 152 2277 ·
208 2257 332 2322 laudavi,
359 2255 430 2308 haec
448 2256 490 2308 ita
506 2255 656 2308 dicuutur:
688 2261 768 2324 atque
790 2254 823 2309 ia
849 2272 883 2310 ea
904 2255 1019 2311 civitate
1043 2257 1214 2312 domicilium
1239 2264 1265 2312 et
1282 2260 1363 2313 sedes

214 2423 216 2427 >
282 2394 422 2466 Tarquini
442 2397 532 2465 Regia
558 2394 667 2463 nostri]
703 2395 897 2468 Tarquinium
924 2397 1053 2451 Priscum
1077 2398 1157 2451 dicit.
1203 2399 1363 2453 Historiam

207 2470 273 2522 inse
295 2475 415 2589 uarrapt
437 2468 539 2590 lugius
559 2468 609 2520 lib.
633 2469 657 2520 1.
683 2484 743 2538 cap.
771 2471 815 2523 34.
842 2467 962 2538 Dionys.
994 2467 1184 2523 Halicarnass.
1217 2471 1285 2525 Lib..
1307 2471 1362 2528 111.

207 2556 233 2592 c.
253 2543 298 2596 46.
317 2546 347 2592 et
365 2556 380 2590 a
395 2537 426 2589 ii.
492 2579 499 2594 .

256 2644 258 2647 ’
278 2624 352 2685 Num
371 2626 505 2678 stulte-
524 2623 689 2690 servitutiil
725 2624 795 2691 „Sic
811 2625 870 2680 MS.
881 2622 989 2681 'caela
1008 2634 1039 2680 et
1055 2628 1127 2682 Edd.
1145 2627 1209 2681 Ald.
1228 2628 1361 2681 Davisius

207 2697 250 2764 [in
267 2697 320 2750 Ed.
340 2699 377 2762 2.,
396 2713 450 2748 nec
468 2712 536 2748 vero
556 2697 586 2748 iu
605 2695 644 2762 3.]
663 2695 738 2749 Nou
758 2724 791 2734 —
810 2697 974 2752 seruituti.“
991 2698 1061 2751 Era.
1090 2697 1126 2751 Se
1144 2699 1185 2750 ita
1204 2699 1362 2751 correxisse

207 2767 281 2821 dixit
298 2767 379 2833 Dav,
397 2767 539 2819 rationem
558 2783 616 2819 non
634 2766 750 2818 addidit.
788 2769 913 2844 Legitur
930 2785 983 2823 aaa
1001 2769 1032 2820 in
1049 2785 1106 2822 uno
1125 2768 1175 2822 Ox.
1191 2768 1243 2820 ‘'ln
1261 2768 1360 2822 Duisb.

100 2877 101 2881 κ
207 2847 251 2895 est
272 2850 340 2905 uec,
359 2838 407 2891 sed
435 2855 467 2889 su
487 2854 520 2889 ra
542 2837 595 2888 liu.
625 2853 698 2892 uam.
735 2839 887 2892 Manifesta
913 2856 968 2893 nou
989 2847 1032 2892 est
1055 2839 1104 2893 sel
1123 2839 1295 2893 correctoris
1313 2841 1363 2892 vel

206 2910 385 2982 interpretis.
414 2855 502 2982 *Made
527 2907 600 2960 Gud.
624 2911 651 2963 2.
683 2907 765 2962 Nam.
810 2910 845 2962 ln
869 2911 976 2965 duobtu
998 2912 1067 2965 (ixx.
1100 2912 1175 2965 mira
1201 2920 1244 2964 est
1272 2910 1361 2964 lectio

205 2981 359 3036 arbitrii
376 2978 538 3033 libertatem.
576 2980 637 3032 Mr.
1090 2989 1091 2993 ¹

277 3103 302 3139 c.
322 3089 366 3144 38.
402 3086 466 3138 Iam
483 3101 549 3137 aera
567 3091 658 3137 molus
675 3084 787 3152 animi]
819 3084 887 3139 cod.
907 3084 981 3139 Gud.
1007 3086 1070 3140 Iam
1094 3086 1208 3143 animi
1231 3094 1360 3154 motus,

206 3157 309 3210 omisso
327 3171 401 3210 aero.
429 3158 503 3208 Mon.
525 3160 549 3209 1.
576 3154 736 3208 obliviore.
764 3156 860 3209 Duisb.
881 3155 1025 3211 leniuntur
1043 3157 1189 3212 obliuione.
1224 3159 1362 3211 Locutio-

205 3245 273 3283 uem
291 3228 414 3280 animum
432 3227 579 3287 traducere
598 3235 674 3278 uruat
692 3225 809 3280 Cicero:
835 3225 966 3279 adhibuit
985 3244 1048 3280 eam
1065 3229 1100 3283 ad
1116 3229 1225 3280 Famm.
1245 3227 1267 3281 1.
1289 3230 1315 3282 2.
1336 3230 1360 3283 l.

204 3301 231 3356 5.
252 3298 283 3351 iu
301 3301 383 3352 Verr.
412 3295 476 3349 Act.
496 3297 535 3351 11.
564 3299 597 3350 1..
615 3296 654 3348 11.
673 3300 727 3360 38,
753 3299 813 3352 192.
839 3297 874 3349 de
898 3296 946 3352 Or.
972 3297 1011 3350 11.
1035 3298 1079 3352 72.
1107 3301 1169 3354 293.
1206 3300 1271 3349 Mox
1290 3299 1359 3352 Cod.

204 3370 289 3424 Vind.
309 3371 336 3424 2.
355 3368 443 3421 habet
459 3367 517 3421 Nec
534 3385 587 3439 pro
605 3384 670 3432 aaa,
700 3366 773 3420 Gud.
793 3369 819 3422 2.
849 3366 960 3419 omittit
984 3366 1090 3434 igitum
1120 3386 1195 3420 unus
1215 3369 1264 3420 Ox.
1292 3387 1360 3424 cum

204 3440 289 3494 Vind.
311 3443 335 3495 1.
355 3455 456 3492 vocem
474 3455 595 3508 seraper-3
626 3437 772 3508 posterior
794 3452 847 3506 pro
866 3436 931 3505 qaia
954 3435 1040 3490 habet
1064 3439 1145 3507 quad.
1171 3439 1267 3492 Duisb.
1292 3459 1360 3496 cum

204 3511 310 3566 duobus
329 3511 399 3566 Oxx.
419 3510 529 3563 omittit
551 3512 597 3564 eit.
636 3510 696 3563 Mr·
759 3533 761 3536 >

274 3581 390 3649 Semper
412 3580 442 3634 ia
463 3580 593 3649 pluribus
616 3581 697 3633 banis
720 3594 779 3642 esee
802 3574 972 3645 eapientem]
1009 3577 1128 3648 Sapiens
1152 3580 1289 3633 videlicet
1316 3591 1359 3635 est

203 3653 366 3717 virbonus,
392 3660 420 3704 et
438 3652 581 3722 Epicurus
603 3647 760 3720 ἀχώριστόν
782 3663 852 3719 φησι
877 3648 923 3712 τῆς
944 3647 1047 3732 ἡδονῆς
1071 3651 1120 3714 τὴν
1144 3646 1248 3720 ἀρετήν.
1287 3652 1358 3705 Vide

203 3724 470 3788 LaertiumX,132,
483 3725 543 3780 138.
560 3723 653 3774 Hinc
670 3719 726 3777 riu
743 3721 899 3788 στρεβλωθῇ
917 3715 933 3772 o‘
952 3733 1050 3790 oaqoc,
1070 3714 1143 3776 siras
1160 3719 1246 3776 αὐτὸν
1264 3722 1358 3776 εὐδαί-

202 3812 277 3868 μονα
295 3793 395 3846 statuit
417 3791 439 3857 §-
460 3796 521 3850 118.
557 3793 593 3845 D.
746 3797 757 3825 ¹

274 3885 318 3938 Ex
338 3899 388 3953 quo
406 3880 518 3950 effici
539 3885 622 3950 putat
639 3877 690 3932 ille
708 3909 742 3922 -
758 3883 797 3930 ui
815 3907 848 3918 -
867 3877 943 3944 eit]
979 3878 1021 3931 De
1045 3883 1259 3934 constructione
1282 3886 1357 3950 effici

203 3983 236 3994 -
254 3963 284 4009 ut
303 3982 335 3992 —
355 3955 395 4008 sii
412 3954 471 4006 vid.
491 3953 603 4007 Ottonis
620 3951 739 4002 Excurs.
759 3948 793 4001 de
812 3950 886 4001 Part.
913 3956 943 4001 ut
959 3967 1013 4018 pro
1030 3952 1098 4004 Aac.
1120 3971 1143 4005 c.
1165 3954 1220 4005 lui.
1242 3954 1276 4005 ad
1294 3954 1354 4007 Cic.

202 4028 236 4080 de
254 4027 339 4079 Finn.
359 4026 396 4078 11.
417 4028 442 4079 3.
463 4029 489 4080 6.
508 4041 536 4093 Ρ.
555 4023 705 4080 att-415.
725 4019 775 4071 ubi
802 4029 931 4072 nostrum
949 4021 1046 4074 locum
1063 4026 1158 4098 tangit
1176 4042 1205 4093 Ρ.
1225 4027 1290 4090 412,’
1308 4042 1357 4077 ex-

202 4099 364 4169 plicatque:
382 4094 478 4161 Effiai,
497 4099 529 4145 ut
547 4125 581 4136 -
601 4100 644 4144 est
660 4091 680 4144 i.
702 4109 729 4160 q·
748 4090 906 4144 rationibus
922 4093 1048 4160 probari,
1067 4096 1251 4162 maamado-.
1282 4095 1361 4148 Add.

202 4170 337 4223 Greuaer.
357 4168 391 4220 ad
409 4167 468 4220 Cic.
488 4164 523 4216 de
541 4163 578 4214 N.
597 4161 630 4215 D.
651 4162 703 4214 111.
727 4166 767 4218 12.
786 4181 814 4232 Ρ.
833 4166 894 4219 535.
920 4165 963 4217 ed·
983 4165 1031 4217 Gr.
1052 4174 1081 4217 et
1099 4174 1188 4218 nostr.
1208 4164 1272 4227 maj.
1299 4168 1356 4220 Ra·

201 4240 265 4293 rior
282 4248 324 4292 est
342 4238 374 4290 in
390 4238 445 4290 hac
462 4234 608 4288 locutione
627 4231 693 4285 Aac.
715 4250 739 4289 c.
759 4234 815 4286 1ns.
853 4236 929 4288 Eum
955 4236 1039 4287 habes
1058 4253 1143 4306 supra
1160 4236 1245 4288 Tusc.
1265 4236 1289 4289 1.
1309 4241 1353 4293 31.

201 4313 244 4366 77.
273 4311 310 4364 de
324 4310 361 4363 N.
380 4309 413 4361 D.
437 4306 489 4360 111.
517 4308 560 4360 13.
586 4305 629 4359 34.
667 4305 702 4356 In
729 4304 796 4358 Cod.
815 4306 913 4358 Duisb.
939 4306 1040 4359 ordina
1063 4307 1218 4359 verborum
1243 4316 1354 4362 mutato

200 4381 351 4437 scribitur:
377 4392 480 4454 simper
497 4373 666 4452 tapieaalsr'i
683 4376 785 4431 matus.
822 4379 884 4432 Mr.
