2856 5084
193 278 233 340 n
282 246 285 252 ’
378 272 605 339 onerosus
626 220 874 342 macunen.
894 271 1123 339 n1srurtr.
1158 236 1159 243 ‘

190 440 331 502 virtutis
353 425 556 526 indagatrix,
579 440 811 522 expultrixque
831 440 1010 504 vitiorum!
1033 421 1126 520 'quid
1146 459 1214 499 non
1246 438 1345 501 inodo

189 614 323 675 Dufresn.
352 624 442 678 Quasi
465 639 542 687 uero,
569 621 620 688 ait,
646 622 762 692 aliquid
776 639 829 691 per
848 640 879 678 ee
895 623 959 692 ipsa
977 622 1101 688 sentiret,
1124 639 1159 676 ae
1177 639 1232 676 non
1248 627 1345 692 potius

101 734 110 742 ,
188 693 240 747 ille
273 694 434 747 laudandus
459 700 541 760 esset,
575 693 623 762 qui
647 710 710 746 earn
734 693 845 749 tribuit.
880 694 979 750 Potuit
1000 695 1098 747 eodem
1124 695 1203 748 modo
1230 696 1344 761 gratiae

188 780 276 831 agere
293 764 352 818 cibo
370 771 397 818 et
413 764 501 832 potui,
529 764 595 833 quia
616 765 677 818 sine
700 761 747 816 iis
771 766 853 819 retus
875 765 936 819 uita
955 772 1084 819 cannara
1105 768 1278 832 naupasia:
1312 766 1343 821 in

187 834 287 904 quitus
304 841 341 893 ut,
354 850 460 900 sensus,
480 837 522 888 ita
539 833 666 900 beneficii
683 834 758 887 nitil
774 842 823 889 est.
851 835 938 906 Atqui
954 843 986 888 ut
1001 835 1055 889 itta
1071 839 1199 904 corporis
1206 836 1342 890 alimenta

187 910 260 970 runt,
278 906 320 970 sic
338 905 457 969 animae,
475 902 626 972 sapientia.
639 932 669 942 -
690 905 728 958 ib.
749 921 775 958 c.
795 907 838 961 14.
857 923 887 988 p.
907 909 975 962 223:
993 904 1166 975 magistram
1184 915 1213 960 tu
1229 909 1344 962 virtutis

186 981 236 1029 aut
249 983 395 1045 parentem
412 975 488 1028 vitae
505 991 597 1041 uocas,
617 975 655 1028 ad
671 975 800 1045 quamsi
817 992 878 1046 quas
896 976 1057 1041 accesserit,
1081 977 1166 1031 multo
1188 976 1228 1042 sit
1251 979 1343 1033 incer·

189 1044 249 1099 tior
267 1062 374 1113 necesse
392 1051 442 1110 est,
462 1062 541 1115 quam
556 1045 639 1115 prius
656 1045 752 1112 tuerit.
771 1072 805 1085 -
831 1047 894 1115 Duo
913 1049 982 1101 Oxx.
1002 1047 1142 1100 omittunt
1158 1047 1246 1113 vitae;
1266 1049 1340 1105 Gud.

189 1124 220 1170 et
238 1117 322 1173 Vind.
344 1123 368 1173 Ι.
388 1115 495 1170 habent
512 1117 677 1178 uirtutum,
695 1116 736 1170 lle
758 1155 765 1168 .
785 1116 910 1179 virtus,
929 1117 1016 1186 Mqrb.
1036 1117 1211 1187 indagatrix,
1230 1137 1267 1172 ex
1284 1137 1342 1188 quo
1408 1150 1412 1153 -

189 1203 288 1241 errore
308 1196 371 1242 orta
399 1195 442 1240 est
466 1188 585 1258 scriptio
605 1187 671 1240 Cod.
696 1135 786 1241 aeia.
814 1187 978 1242 indicatrix.
1015 1188 1179 1242 Sohefferus
1198 1198 1294 1242 autem
1310 1191 1342 1244 in

188 1256 264 1311 libro
291 1257 326 1312 do
348 1257 532 1328 Philosophia
558 1258 658 1310 italica
684 1275 713 1326 p·
738 1260 797 1314 39.
817 1260 930 1312 confert
958 1259 1130 1311 sententiam
1156 1259 1275 1329 Didymi
1306 1278 1342 1313 ex

189 1327 324 1383 Stobaeot
351 1328 541 1398 ἡφιλοσοφία
558 1322 630 1399 θήρα
648 1333 695 1394 τῆς
711 1325 840 1396 ἀληθείας
857 1327 916 1382 lari
933 1330 980 1380 nal
997 1330 1102 1400 ὄρεξιςς
1129 1347 1201 1400 quae
1220 1338 1261 1383 est
1278 1348 1342 1384 sen-

187 1399 280 1452 tentia
298 1399 504 1472 Pythagorica3
526 1398 655 1467 itemque
672 1398 747 1452 hano
765 1416 801 1451 ex
817 1399 901 1473 Diog.
921 1401 1016 1452 hairt.
1036 1401 1065 1453 ai
1088 1399 1238 1470 putrirepas
1254 1405 1342 1473 θηρα-

186 1463 232 1521 xin
258 1473 305 1535 τῆς
332 1467 467 1535 ἀληθείας.
493 1496 526 1508 -
570 1468 672 1539 „1pse,
698 1470 807 1545 pergit,
841 1470 943 1524 Cicero
969 1470 1184 1544 investigandae
1208 1473 1340 1525 veritatis

187 1537 262 1604 dixit
285 1556 503 1607 assumerem,
534 1539 633 1608 sieque
658 1558 698 1593 vu
774 1541 944 1610 nuncupari,
970 1541 1016 1594 uti
1040 1557 1077 1594 ex
1100 1541 1252 1595 Hortensio
1280 1544 1340 1594 eius

185 1608 290 1678 liquet,
309 1628 346 1663 ex
356 1612 512 1680 quoverba
525 1609 694 1664 haeeaffert
726 1610 762 1662 'b.
775 1612 827 1663 Ill.
848 1611 1027 1679 Lactantius:
1046 1612 1162 1667 Quando
1179 1609 1340 1680 philosophi
1392 1612 1397 1624 '

186 1695 245 1735 esse
264 1683 430 1749 caeperunt?
459 1680 568 1744 Thales,
587 1688 616 1734 ut
634 1684 743 1751 opinor,
759 1681 877 1750 primus.
914 1682 1019 1735 Recens
1037 1682 1148 1752 quidem
1166 1680 1233 1736 iaec
1249 1691 1337 1737 aetas.

152 1769 155 1774 ’
188 1749 246 1805 Ubi
262 1767 339 1819 ergo¹
359 1754 433 1819 apud
457 1751 630 1822 antiquiores
657 1754 743 1807 tatuit
768 1767 848 1806 amor
872 1751 925 1805 iste
952 1751 1165 1820 investigandae
1181 1753 1339 1808 veritatis?

184 1819 301 1873 Alludit
316 1823 413 1876 verbis
436 1823 550 1875 ultimis
573 1831 672 1893 aperte
690 1822 725 1875 ad
741 1823 892 1896 vulgarem
920 1822 1002 1874 illam
1019 1823 1219 1893 philosophiae
1238 1825 1341 1878 defini·

185 1890 304 1944 tionem.
341 1894 376 1946 ln
394 1894 556 1947 Tusculana
580 1894 682 1963 quinta
705 1893 839 1947 ueritatis
865 1893 996 1951 nominat
1019 1894 1235 1961 indagatricem,
1263 1897 1340 1964 quod

184 1962 270 2032 plane
292 1965 578 2035 ¹cumauperioribus
603 1982 640 2017 ex
662 1965 788 2033 Didymo
811 1962 978 2017 eoncordat.
1021 1963 1045 2016 0
1068 1964 1143 2018 uitae
1162 1963 1338 2035 philosophia

185 2033 251 2104 dux,
269 2033 376 2104 inquit,
403 2037 612 2091 avertentis
630 2035 809 2101 indagatrix,
836 2035 975 2102 expultrix
999 2035 1140 2089 uitiorum.
1176 2037 1271 2110 Vulgo
1295 2037 1338 2090 le-

184 2102 266 2176 gitur
292 2106 448 2160 oirtutis
469 2105 652 2172 indagatrix.
687 2106 796 2158 Verum
814 2106 855 2157 sie
872 2104 1055 2157 scribendum
1073 2123 1143 2171 esse,
1169 2106 1244 2158 sicut
1262 2101 1337 2158 dixi·

183 2190 257 2241 mus,
285 2175 334 2228 vel
359 2193 395 2228 ex
419 2177 577 2230 Lactantio*
595 2183 723 2246 apparet,
748 2175 800 2244 qui
825 2182 978 2245 propterea
1004 2176 1036 2228 L.
1062 2176 1114 2228 111.
1139 2193 1163 2231 o.
1184 2179 1226 2232 1³.
1265 2177 1337 2240 Inst.

182 2241 247 2300 Div.
276 2246 326 2297 ubi
348 2246 478 2318 ¹disputat
505 2247 640 2300 adversus
666 2264 699 2300 ea
723 2246 870 2300 Ciceronis
899 2246 1003 2299 verbat
1042 2246 1131 2300 (luins
1163 2246 1337 2303 ueritatis

182 2315 450 2384 indagatricem
465 2319 596 2386 profiteri
609 2316 715 2385 putas?
734 2317 840 2387 (ipsum
858 2315 992 2368 Tullium
1006 2316 1177 2387 alloquitur)
1196 2317 1243 2386 qui
1254 2334 1337 2388 saepe

182 2389 309 2452 testaris,
332 2404 396 2441 cum
418 2391 498 2441 tanta
523 2389 670 2442 multitudo
698 2387 784 2452 iuuit
807 2384 1043 2456 philosophorum,
1069 2386 1219 2455 sapientem
1246 2393 1337 2441 tamen

182 2453 274 2511 adius
299 2458 445 2513 exstitisse
472 2458 615 2524 nentinem.
652 2458 751 2511 Etiam
775 2475 811 2512 ex
831 2457 960 2529 patribus
983 2457 1109 2527 antiquis
1134 2457 1177 2509 sic
1200 2459 1336 2511 nonnulli

181 2538 394 2597 nuncuparunt.
433 2529 565 2582 Clemens
582 2529 681 2599 primo
699 2528 860 2581 Stromate:
883 2528 977 2600 φαμὲν
995 2523 1045 2592 τὴν
1068 2531 1241 2597 φιλοσοφίαν
1258 2529 1336 2597 trixq-

180 2611 228 2680 oqr
250 2597 412 2722 ipsernqepl
434 2601 571 2668 ἀληθείας.
609 2598 688 2664 Quod
710 2599 889 2672 Pythagorae
913 2607 956 2652 est
973 2593 1063 2669 tipo,
1087 2598 1163 2668 apud
1187 2598 1266 2651 huno
1293 2608 1336 2652 est

181 2672 295 2734 curura·
369 2687 393 2725 r.

252 2739 446 2809 expultrixque
464 2738 631 2805 uitioruml]
667 2740 778 2804 „Faba
799 2737 958 2793 excultrix:
984 2746 1020 2790 an'
1043 2737 1085 2790 sie
1110 2737 1235 2791 excolere
1252 2757 1335 2791 usur-

180 2816 278 2877 patur,
296 2819 330 2862 ut
348 2812 515 2878 excoquere?
533 2818 567 2863 ut
585 2811 702 2864 Ouidius
720 2810 794 2862 <lixit
813 2810 888 2863 Fast.
899 2810 946 2862 IV.
966 2811 1066 2872 uitium
1083 2808 1190 2863 metalli
1207 2810 1334 2879 excoquit

181 2877 277 2947 ignis.»
307 2883 347 2934 Et
364 2882 445 2956 Virg.
467 2883 490 2938 1.
510 2881 617 2956 Georg.
637 2883 738 2935 uitium
756 2879 918 2950 excoquitur
933 2895 986 2949 per
1004 2881 1107 2947 ignem.
1146 2882 1195 2940 lta,
1216 2880 1334 2933 videtur

180 2949 241 3020 ipse
267 2943 434 3014 Cicero‘ll:
447 2952 481 3005 de
499 2953 636 3026 Legibus:
662 2960 719 3006 tum
743 2949 818 3015 utta
833 2949 933 3016 mplius
950 2949 992 3003 iia
1010 2949 1161 3020 mysteriis,
1186 2951 1281 3020 quibus
1298 2967 1334 3003 ex
1419 2973 1422 2977 ¹

181 3024 292 3087 agresti
317 3014 475 3092 inmanique
499 3023 560 3075 uita
584 3022 687 3076 exculti
713 3023 752 3075 ad
767 3020 977 3074 inmanitatem
999 3027 1027 3073 et
1053 3020 1182 3090 mitigati
1208 3020 1334 3073 sumus.“

181 3089 263 3157 Gabia.
300 3092 389 3157 Quam
419 3094 517 3164 inepta
538 3094 576 3146 sit
599 3094 670 3146 haee
696 3093 842 3146 annotatio
867 3093 934 3146 satis
959 3092 1169 3160 deinonstra‘vit
1192 3089 1332 3144 Davisius.

180 3159 523 3234 scribiturepuitrixque
549 3164 581 3215 in
607 3165 728 3233 aliquot,
753 3171 788 3216 ut
805 3161 932 3231 ridetur,
958 3162 1042 3217 Codd.
1064 3163 1133 3215 Oxx.
1158 3162 1232 3216 Edd.
1252 3164 1283 3215 1..
1305 3171 1334 3215 et

178 3231 268 3297 ΕΜ
287 3236 477 3304 excultrixque
494 3236 526 3286 in
545 3235 631 3288 codd.
652 3234 725 3288 Gud.
745 3238 772 3288 1.
795 3234 864 3307 Reg.
891 3233 936 3300 (ut
959 3233 1108 3286 contendit
1125 3233 1194 3285 Dar.
1222 3241 1250 3286 et
1267 3232 1332 3286 veri
1385 3298 1387 3300 η

122 3338 127 3354 .
180 3311 223 3356 est
241 3303 346 3370 simile,
372 3304 440 3373 quia
458 3305 536 3358 idem
553 3305 640 3358 habet
659 3304 732 3359 Gud.
755 3303 795 3370 l.)
813 3303 928 3370 Duisb.;
954 3323 1028 3356 unus
1048 3306 1097 3358 Ox.
1123 3303 1210 3356 habet
1236 3303 1333 3372 expat-

179 3372 250 3437 trix,
275 3375 349 3427 alius
367 3375 501 3444 epuitrix,
529 3376 713 3446 omissoque.
750 3375 851 3448 Pergit
865 3381 947 3426 ‘unus
966 3377 1016 3432 ox.
1046 3391 1113 3441 curn
1130 3376 1206 3427 Mon.
1228 3378 1251 3428 l.
1272 3371 1331 3443 qui,

178 3443 251 3497 alius
271 3446 321 3499 0¹.
341 3462 408 3515 que;
427 3446 501 3499 Gud.
520 3445 605 3499 habet
623 3443 799 3506 sedetiam
818 3445 945 3510 omnium
968 3442 1186 3516 postrema'uox
1204 3443 1282 3495 deest
1301 3445 1332 3494 in

178 3532 237 3569 uno
256 3517 333 3582 0¹·i'
349 3533 416 3568 mox
438 3517 513 3571 alius
538 3517 624 3570 habet
651 3532 707 3570 esse
724 3533 790 3571 non
806 3514 953 3583 potuisset.
991 3513 1071 3580 Quod
1090 3522 1132 3567 est
1150 3514 1332 3575 correctoris,

178 3585 306 3653 quinon
331 3595 425 3640 nosset
449 3588 524 3642 hane
551 3585 726 3650 structuram
744 3585 880 3641 Ciceroni
896 3601 955 3638 non
980 3584 1147 3637 inusitatam
1164 3602 1192 3635 v.
1211 3600 1237 3635 o.
1255 3585 1331 3654 Epp.

96 3679 99 3682 ⁴
177 3654 214 3708 ad
232 3656 311 3709 Fam.
331 3658 378 3709 tx.
399 3659 449 3712 15:
469 3676 518 3712 eos
537 3675 588 3727 ego
606 3674 675 3713 non
693 3656 792 3710 modo
817 3671 901 3723 reges
924 3656 1085 3722 appellatos,
1108 3655 1168 3707 sed
1192 3655 1331 3708 omnino

178 3729 260 3780 natos
275 3727 436 3780 nesciebam.
456 3730 552 3783 Parad.
572 3731 607 3795 V,
627 3734 658 3785 l:
677 3728 706 3780 la
724 3743 788 3780 non
805 3726 904 3779 modo
923 3727 1086 3794 imperator,
1108 3724 1173 3778 sed
1190 3724 1262 3778 liber
1276 3721 1330 3777 'lsa-

177 3795 282 3850 dendus
308 3802 446 3853 omnino
470 3817 524 3854 non
548 3799 613 3852 erit.
649 3799 755 3850 Nostro
776 3797 841 3849 loco
857 3793 941 3865 ,quid
959 3803 1002 3848 est
1027 3794 1068 3861 id,
1092 3795 1169 3864 qnod
1193 3794 1331 3849 histonii

177 3867 293 3942 negatio
311 3869 342 3920 in
361 3871 452 3924 altera
468 3869 614 3942 ¹enuntiati
631 3877 723 3939 parte.
760 3865 852 3920 Verba
871 3865 1012 3933 expultrix
1031 3874 1060 3919 et
1077 3864 1246 3934 indagatrix
1259 3874 1331 3947 imit

62 3952 70 3960 “
176 3933 253 3999 ἅπαξ
270 3935 413 4010 λεγόμενα.
451 3943 512 3996 Mr.

246 4027 462 4102 Expultrixque
480 4015 627 4095 vitiorum]
663 4028 735 4080 Cum
753 4026 785 4078 in
804 4000 870 4079 coa.
891 4023 1060 4080 Fabriciano
1079 4027 1255 4080 scriberetur
1282 4041 1329 4079 ex-

71 4109 73 4114 ’
176 4099 285 4151 cultrix
307 4101 452 4168 uitiorum,
478 4100 620 4154 dubitavit
645 4097 822 4162 Gebhardus,
847 4114 882 4148 an
906 4113 964 4149 non
990 4114 1022 4149 ea
1035 4106 1119 4163 ¹esset
1141 4097 1328 4162 verelamio,

177 4175 207 4220 et
225 4175 437 4238 expurgatricis
456 4171 601 4226 obtineret
618 4176 797 4241 potestatem.
834 4168 891 4220 Hie
908 4167 1023 4221 scilieet
1041 4167 1093 4225 ille
1113 4177 1164 4234 est,-
1192 4167 1242 4237 qui
1261 4182 1329 4220 oon-

175 4241 328 4294 tumelioso
347 4242 482 4297 baronum
499 4243 616 4297 nomine
634 4240 800 4295 dehonestat
817 4238 896 4292 alios.
924 4266 956 4278 -
984 4237 1040 4301 ¹Sed
1057 4238 1092 4291 ad
1116 4256 1188 4292 rem.
1224 4238 1328 4292 Excal-

177 4307 239 4361 trix
255 4311 398 4376 uitiorum,
415 4323 503 4382 prout
522 4315 614 4380 etiam
628 4313 774 4386 dantReg.
795 4318 824 4364 et
834 4309 981 4375 Pithoean.
1001 4325 1058 4362 non
1076 4309 1134 4361 nisi
1151 4309 1328 4383 flagitiorum

178 4395 289 4436 servam
308 4391 337 4435 et
355 4382 531 4438 ornatricem
548 4392 643 4454 potest
660 4384 806 4449 denotare,
824 4380 899 4452 quod
918 4379 1023 4442 estrei
1042 4380 1228 4436 contrarium.
1264 4379 1329 4434 Onu·
