2856 5084
352 364 355 369 Ι
406 262 1001 351 axcuasosx1.aa111.1aas.
1222 267 1283 333 asa
1334 229 1347 250 '

133 429 228 512 potius
246 428 400 503 legendum
419 429 570 498 amiculus,
600 427 676 498 quod
700 436 730 481 et
752 429 823 495 seni,
850 438 879 499 et
897 428 1053 500 Epicureo,
1085 437 1114 484 et
1130 429 1284 484 hortorum

134 500 245 553 incolae
263 507 342 552 certe
366 502 526 554 conveniat.
563 497 754 552 Camerarius.

203 571 239 623 El
256 567 306 624 loc
323 571 373 625 ille
394 568 602 624 acroclolus
626 578 680 622 etc.
702 597 736 608 -
771 571 863 622 Locus
885 568 934 622 hic
952 570 1031 623 varie
1050 556 1173 641 scriptus
1192 580 1234 624 est
1252 572 1285 623 in

132 639 215 708 libris
227 640 304 694 MSS.
325 641 356 691 in
374 642 438 693 aliis
452 642 502 707 sic,
522 640 676 709 agriculus,
696 641 726 691 in
740 639 804 692 aliis
823 642 982 707 egesarius,
1002 641 1034 692 in
1045 642 1109 694 aliis
1128 642 1284 708 agricolus,

133 710 165 761 in
190 711 254 764 aliis
282 712 439 764 ecraculus.
465 712 534 780 quid
552 711 661 763 multa?
687 710 765 763 nihil
789 711 904 763 sinceri.
941 710 1064 784 Vulgata
1081 721 1177 766 autem
1195 712 1285 766 lectio
1357 715 1359 720 ’

134 780 297 847 Graeculus,
315 783 400 851 plane
418 783 552 835 mendosa
571 791 620 834 est.
650 782 759 834 Natum
778 790 873 833 autem
892 782 1028 833 mendum
1048 792 1092 835 est
1110 800 1146 835 ex
1164 783 1220 834 scri
1242 790 1285 834 to-

133 868 201 903 rum
223 853 410 904 librariorum
435 853 598 918 inscientia,
623 852 675 921 qui
699 852 809 904 Graeca
831 852 957 916 nomina,
984 853 1114 921 quamvis
1138 801 1286 905 interdum

134 921 244 993 scripta
262 931 355 974 essent
373 922 470 975 literis
488 924 607 988 Latinis,
634 929 731 974 tamen
750 939 781 975 aa
799 922 996 991 depravabant.
1033 924 1096 997 Ego
1115 922 1187 976 olim
1205 939 1286 976 acro·

133 989 230 1046 clatus
254 993 394 1046 edendum
419 995 529 1059 curavi,
545 1000 610 1051 ,aut
637 1001 725 1057 certe,
754 1009 790 1044 ne
815 993 947 1059 mentiar,
975 994 1139 1063 ἀκράχολος,
1167 994 1285 1048 Graecis

134 1063 240 1128 literis,
259 1063 288 1119 P.
307 1064 431 1116 Victorii
450 1064 644 1128 coniecturam
663 1071 785 1128 secutus,
812 1080 904 1131 neque
923 1081 969 1116 me
988 1066 1046 1117 mei
1064 1065 1135 1117 facti
1153 1082 1189 1116 ne
1207 1081 1285 1116 nunc

135 1134 252 1203 quidem
270 1135 409 1204 poenitet.
448 1136 522 1186 Nam
540 1134 615 1202 quod
631 1133 664 1186 Α.
685 1134 835 1185 Turnebus
854 1135 961 1185 mavult
981 1134 1042 1208 legi
1061 1134 1210 1201 acriculus,
1235 1150 1285 1186 no-

135 1204 214 1256 mine
233 1203 332 1268 latino,
362 1205 509 1258 deminuto
534 1207 566 1256 ab
593 1219 666 1268 acer,
693 1205 744 1256 vix
767 1205 856 1256 audeo
881 1205 1012 1272 probare,
1045 1206 1174 1275 quamvis
1192 1205 1284 1258 multo

135 1274 231 1326 minus
256 1276 346 1326 ausim
364 1276 535 1346 improbare.
572 1277 646 1327 Nam
670 1273 734 1339 hoc,
763 1272 935 1340 acroclolus,
959 1277 1082 1329 maxime
1101 1277 1238 1329 convenit
1256 1284 1286 1328 et
1372 1270 1378 1282 '

135 1346 197 1397 seni
215 1347 326 1398 Zenoni
351 1355 380 1399 et
398 1348 607 1415 Epicureorum
632 1346 758 1419 ingenio,
787 1362 856 1413 quos
878 1347 915 1397 M.
934 1345 1049 1399 Tullius
1069 1364 1151 1417 saepe
1168 1348 1209 1399 ait
1228 1363 1305 1415 esse·

136 1416 296 1472 iracundos.
332 1417 376 1468 Ex
396 1433 452 1485 quo
470 1417 545 1468 illud
563 1416 649 1481 infra,
678 1432 735 1468 non
757 1415 846 1488 longe
869 1414 1029 1482 admodum,
1053 1417 1095 1469 111·
1116 1417 1202 1470 nimis
1225 1417 1287 1469 ira-

135 1488 226 1540 cunde
244 1492 340 1554 agunt.
377 1490 484 1539 Verum
511 1495 608 1539 tamen
626 1485 703 1538 nihil
720 1486 845 1549 affirmo,
872 1494 901 1538 et
919 1487 993 1540 hanc
1012 1496 1101 1541 totam
1120 1497 1287 1542 controver-

137 1557 208 1609 siam
233 1557 375 1632 integram
402 1558 546 1626 relinquo.
584 1558 715 1621 Rursum,
749 1556 892 1609 acriculus
915 1557 990 1609 mihi
1012 1559 1118 1627 placet,
1146 1559 1213 1627 quia
1230 1575 1287 1611 vox

136 1627 226 1680 latina
244 1637 312 1683 este·
333 1646 391 1680 non
417 1637 462 1681 est
484 1637 580 1682 autem
606 1627 670 1680 veri
695 1627 789 1679 simile
809 1627 976 1681 Ciceronem
1001 1629 1032 1680 in
1049 1629 1103 1681 hac
1123 1645 1155 1681 re
1175 1630 1287 1682 Graeco

136 1699 253 1750 nomine
276 1699 363 1752 fuisse
388 1716 516 1750 usurum.
560 1696 725 1750 haedinum
759 1697 790 1747 in
816 1698 898 1751 Curis
925 1699 1064 1754 secundis.
1111 1698 1146 1751 In
1172 1699 1287 1753 Omissis

136 1786 206 1821 vero
226 1770 260 1822 ad
278 1770 330 1822 Ed.
352 1772 429 1833 1566,
457 1779 521 1839 post
538 1770 571 1822 Τ.
593 1768 615 1820 l.
636 1787 664 1837 p.
684 1771 746 1831 382,
765 1769 806 1819 ita
824 1769 990 1837 scripserat:
1020 1764 1193 1840 „alupdxolac
1211 1769 1288 1823 malo

136 1840 207 1914 legi,
227 1858 321 1909 quam,
338 1849 372 1892 ut
390 1841 441 1892 alii
458 1841 570 1904 volunt,
590 1838 746 1892 acriculus:
767 1855 940 1908 quamquam
957 1839 1014 1892 hoc
1032 1857 1090 1893 non
1108 1841 1221 1904 damno,
1238 1857 1289 1892 ve·

137 1918 300 1962 rumtamen
323 1912 414 1984 magis
432 1912 527 1980 placet
545 1912 677 1973 alterum,
705 1916 734 1961 et
752 1911 841 1982 magis
859 1910 995 1962 convenit
1013 1911 1226 1980 Epicureorum
1243 1911 1289 1961 in·
1333 1908 1341 1917 ’

136 1981 232 2056 genio,
253 1998 323 2048 quos
341 1999 423 2051 saepe
442 1983 478 2032 Μ.
498 1981 613 2032 Tullius
636 1980 683 2031 ait¹
695 1996 754 2031 esse
777 1979 958 2032 iracundas.“

208 2051 368 2120 Ἀκρόχολος
392 2052 555 2116 iracundus,
583 2068 598 2100 a
626 2067 735 2102 susuma
766 2047 832 2100 bilis
855 2050 1049 2104 concitatione
1071 2051 1242 2121 appellatur,
1272 2042 1290 2102 ii

137 2113 279 2192 ι’περβολῇ
297 2120 369 2187 ὀξύς,
401 2123 447 2174 καὶ
464 2117 532 2191 πρὸς
549 2123 608 2173 πᾶν
625 2117 743 2190 ὀργίλος,
770 2123 815 2171 καὶ
833 2117 878 2173 ἐπὶ
896 2127 991 2175 nevil.-
1019 2123 1070 2190 qui
1088 2123 1211 2173 nimium
1230 2121 1289 2173 cito

138 2203 167 2246 et
186 2193 220 2245 ad
239 2194 335 2246 omnia
353 2201 382 2245 et
400 2192 528 2261 qualibet
547 2192 581 2245 de
600 2209 682 2243 causa
700 2191 846 2242 iracundia
866 2191 1034 2257 exardescit,
1054 2201 1087 2244 ut
1106 2193 1206 2245 scribit
1224 2190 1291 2242 Ari-

137 2264 254 2317 stoteles
272 2263 293 2315 l.
313 2267 339 2318 4.
359 2265 393 2316 de
412 2263 545 2316 Moribus.
582 2262 683 2314 Talem
701 2262 789 2312 fuisse
814 2261 893 2314 hunc
910 2264 1057 2315 Zenonem
1076 2263 1177 2331 (quem
1195 2261 1290 2326 Philo,

137 2343 171 2387 ut
190 2336 233 2387 esl
258 2334 292 2386 de
310 2336 346 2387 N.
366 2335 399 2386 D.
420 2335 442 2386 1.
470 2331 666 2402 coryphaeum
690 2330 836 2400 appellare
863 2333 1075 2402 Epicureorum
1103 2332 1231 2397 solebas)
1255 2349 1292 2383 ex

102 2444 106 2454 .
138 2405 228 2479 signis
254 2405 314 2456 illis
338 2405 477 2474 suspicari
500 2404 580 2468 licet,
609 2403 685 2471 quod
711 2402 888 2455 contendebat
916 2410 941 2455 el
967 2419 1071 2470 magna
1090 2421 1154 2457 uoce
1172 2402 1289 2456 dicebat.

138 2478 241 2544 Neque
259 2491 330 2531 vero
346 2475 396 2527 hic
414 2475 549 2544 proprius
575 2481 669 2525 motus
696 2471 791 2536 huius,
820 2472 868 2525 sed
894 2475 1054 2543 communis
1080 2475 1293 2545 Epicureorum

138 2547 209 2609 fuit,
227 2554 260 2598 ut
278 2543 386 2597 indicat
404 2544 483 2597 locus
501 2545 554 2596 ille
573 2545 668 2613 primo
687 2543 721 2594 de
739 2543 779 2594 Le
802 2543 877 2595 ibus:
899 2574 930 2585 -
949 2545 1038 2597 solent
1058 2545 1125 2598 enim
1144 2571 1178 2581 -
1196 2544 1293 2597 admo-

141 2618 205 2670 dum
223 2617 321 2670 irasci.
348 2617 399 2668 His
417 2615 574 2667 rationibus
584 2614 722 2667 adductus
737 2615 764 2664 P.
776 2561 963 2666 lictorius-
976 2617 1090 2683 putavit
1103 2632 1162 2668 non
1181 2615 1293 2678 incom-

141 2688 225 2740 mode
243 2689 271 2740 le
293 2688 304 2738 i
322 2704 402 2757 posse
420 2680 586 2753 ἅκρόχολοςε
610 2684 654 2738 Jo.
665 2685 843 2737 Camerarius
862 2693 961 2737 contra
973 2685 1124 2752 apriculus.
1144 2688 1170 2738 E
1191 2684 1293 2738 oillud

142 2776 208 2812 cum
218 2760 286 2810 Lam
307 2757 355 2810 ino
364 2759 511 2828 praefero:
527 2772 690 2826 quanquam
703 2753 756 2807 ille
765 2771 858 2823 neque
869 2753 925 2808 hoc
935 2756 1057 2808 damnat.
1077 2757 1125 2810 Fr.
1133 2704 1291 2810 Fadrieiue.

213 2828 362 2882 Turnebus
394 2828 533 2882 acriculus
556 2826 589 2878 ab
618 2825 689 2889 acri,
714 2823 946 2895 dnoaopcareaca'e:
987 2828 1015 2877 P.
1036 2827 1182 2880 Victorius
1210 2824 1293 2897 ἀκρό-

141 2902 223 2971 χολος
241 2899 426 2968 reponebant.
465 2897 520 2950 Sed
543 2912 601 2948 non
625 2895 660 2946 fit
686 2894 759 2946 mihi
778 2892 955 2948 verisimile
974 2897 1293 2951 Graecohocnomine

141 2987 226 3023 usum
245 2969 422 3022 Ciceronem.
460 2969 526 3021 Non
543 2967 638 3038 placet
657 2966 822 3018 coniectura
834 2967 1008 3032 Victoriana,
1030 2985 1115 3036 quam
1134 2977 1163 3021 et
1181 2965 1294 3020 auctori

142 3042 199 3112 ipsi
223 3049 320 3111 postea
338 3038 517 3108 displicuisse
542 3037 634 3090 audio.
671 3036 823 3089 Lambinus
850 3037 938 3088 animi
961 3038 1100 3104 incertus,
1124 3055 1181 3108 quo
1208 3036 1295 3089 incli-

143 3120 203 3176 net,
225 3114 349 3184 ignorat.
387 3107 542 3163 Graeculus
558 3107 710 3175 aliquando
730 3114 881 3171 tentarem,
911 3116 939 3160 et
959 3109 1077 3160 fortasse
1101 3125 1159 3161 non
1177 3114 1297 3179 praeter

97 3217 101 3225 -
143 3198 214 3235 rem.
251 3183 329 3234 Zeno
349 3180 437 3245 enim,
456 3179 515 3248 qui,
534 3187 567 3231 ut
584 3177 665 3229 Atlas
684 3177 804 3242 caelum,
827 3178 932 3230 fulcire
951 3178 1032 3231 illam
1050 3180 1196 3249 porticum
1213 3185 1296 3250 puta-

143 3253 237 3318 batur,
265 3261 295 3304 et
321 3268 419 3304 omnes
438 3249 529 3302 Stoici
554 3247 650 3313 [vides
675 3265 772 3300 errare
791 3249 888 3299 virum
912 3249 1107 3302 doctissimum
1126 3252 1158 3302 in
1175 3263 1296 3320 persona

144 3323 280 3389 Zenonis]
308 3323 339 3374 in
363 3322 480 3375 vocibus
504 3319 638 3372 cudendis
662 3318 897 3387 excutiendisque
919 3319 1068 3394 ingenium
1086 3320 1121 3373 ad
1138 3322 1296 3391 reprehen-

145 3394 255 3447 sionem
272 3410 361 3462 usque
380 3396 579 3445 exercuerunt.
616 3391 682 3440 Non
700 3388 793 3458 'longe
813 3389 915 3441 abiero.
940 3391 995 3441 lnf.
1014 3389 1064 3443 lib.
1083 3392 1116 3442 V.
1136 3391 1226 3456 Zeno,
1251 3391 1296 3441 in·

146 3464 221 3535 quit,
240 3463 360 3516 Cillieus
378 3464 485 3515 advena
504 3460 610 3528 quidam
633 3465 659 3511 et
680 3459 823 3526 ignobilis,
849 3459 1113 3528 uerboruneopifea,
1138 3462 1296 3516 insinuasse

146 3550 177 3588 se
200 3531 232 3585 in
255 3535 395 3599 antiquam
413 3529 620 3600 philosophiam
642 3529 761 3582 uidetur.
791 3530 830 3595 [c.
852 3530 910 3595 ll.]
947 3532 986 3583 Et
1011 3531 1060 3582 lib.
1080 3531 1128 3584 lV.
1155 3533 1189 3584 de
1208 3533 1293 3584 Finn.

147 3604 184 3671 [c.
205 3602 261 3669 aa]
282 3604 357 3656 Tuus
375 3603 426 3656 ille
444 3601 581 3668 Poenulus
601 3599 663 3665 [alii
681 3599 819 3665 Zenulus]
845 3600 919 3664 (scis
936 3600 1006 3654 enin
1026 3601 1163 3656 Ciltiaeos
1181 3603 1295 3656 clientes

147 3682 207 3729 luas
226 3691 241 3727 e
258 3672 410 3742 Phoenicia
426 3672 576 3740 profectos)
600 3670 679 3724 loma
698 3671 792 3737 igitur
814 3677 910 3723 acutus
928 3679 983 3728 etc.
1006 3672 1153 3726 Poenulum
1170 3673 1296 3745 appellat

147 3745 227 3816 quasi
245 3747 360 3797 vafrum
379 3752 407 3795 et
425 3743 571 3806 callidum,
590 3750 618 3794 et
638 3741 757 3795 Cilliaei
774 3760 790 3794 a
807 3741 1006 3806 Phoenicibus,
1022 3752 1056 3796 ut
1075 3753 1103 3796 et
1121 3746 1218 3809 Poeni,
1237 3743 1296 3797 ori·

146 3815 218 3868 undi
235 3823 308 3868 teste
327 3813 441 3866 Laertio
459 3815 491 3866 in
509 3816 623 3867 Zenone
643 3821 696 3866 etc.
734 3813 771 3868 Α,
791 3810 918 3866 Sabellus
935 3813 1057 3868 Nodorr.
1077 3815 1226 3867 Cicer-ann.
1241 3814 1294 3866 111.

211 3903 335 4009 Illicitur
353 3954 427 4024 apud
445 3955 613 4007 Ciceronem
630 3955 730 4006 Tusco.
741 3952 793 4005 111.
807 3956 847 4008 17.
877 3954 956 4006 zeno
975 3955 1112 4007 acriculus
1130 3954 1165 4005 ab
1182 3951 1298 4006 affecta·

149 4037 191 4080 tas
209 4025 410 4096 disputationis
428 4025 524 4089 tricas,
553 4033 612 4091 aut,
637 4033 673 4076 ut
694 4024 742 4075 illi
765 4024 997 4093 persuadebatur,
1021 4024 1216 4077 acrimoniam·
1253 4025 1297 4076 lta

150 4097 267 4152 omnino
296 4094 452 4170 legendum
476 4095 528 4147 illo
553 4095 625 4148 loco.
653 4095 743 4146 «Palas.
768 4094 948 4147 membranae
974 4095 1132 4177 agriculus:
1163 4112 1185 4162 g
1208 4110 1297 4163 proc

151 4168 273 4221 solemni
282 4166 503 4238 permutatione.
524 4165 616 4219 Closs.
632 4165 795 4232 Trungulus
806 4161 926 4230 κολοβὸς,
940 4163 1066 4232 iyaalsoc
1079 4182 1132 4235 pro
1144 4164 1295 4218 truncalus.

152 4239 180 4295 J.
199 4236 362 4291 Gebhardus
380 4236 411 4287 in
430 4234 601 4306 Crepundiis
620 4237 644 4288 l.
663 4239 689 4291 2.
708 4253 737 4306 p.
756 4237 817 4291 334.
847 4236 927 4287 idem
946 4237 977 4288 in
995 4236 1068 4287 Ann.
1088 4237 1123 4289 ad
1139 4234 1169 4292 h.
1188 4235 1225 4288 l.:

223 4299 392 4374 „Acricubes
409 4306 575 4360 felicissima
593 4316 635 4359 est
652 4306 781 4358 Turnebi
799 4305 975 4370 coniectura,
994 4324 1009 4358 a
1026 4307 1161 4360 Vaticano
1179 4306 1214 4359 ad
1232 4322 1298 4368 ocu·

153 4380 215 4434 lum
233 4387 451 4451 repraesentata,
477 4395 563 4450 quam
581 4378 695 4432 adiuvat
712 4377 771 4432 Pal.
790 4385 856 4431 tert.
876 4375 1034 4444 agriculus·
1045 4378 1208 4435 scribendo.
1229 4377 1298 4448 quid
