2856 5084
194 273 236 338 80
398 271 627 337 CICERONIS
648 270 897 336 TUSCULAN.
919 272 1150 337 DISPUTAT.

173 432 182 440 ”
195 439 323 503 voluit:
345 438 437 517 alias,
459 439 624 517 volucres,
647 439 736 501 caelo
758 438 963 501 fruilibero=
984 445 1155 521 serpentes
1173 436 1351 520 quasdam:

196 520 351 605 quasdam
373 541 443 583 esse
464 520 671 608 gradientem
696 541 811 582 earum
838 524 987 604 ipsarum
1018 523 1142 602 partim
1174 521 1351 607 solivagas,

196 607 320 688 partim
342 613 573 690 congregatas:
595 607 755 665 immanes
776 605 869 682 alias,
892 603 1049 686 quasdam
1071 613 1182 665 autem
1203 605 1351 668 cicures:

198 687 373 748 nonnullas
410 687 540 748 abditas
573 695 729 768 terraque
759 695 873 750 tectas.
921 685 1028 767 Atque
1055 705 1169 746 earum
1203 706 1352 768 quaeque

197 784 294 832 suum
315 779 429 831 tenens
451 789 583 844 munus,
605 789 706 850 quum
720 770 756 827 in
772 767 915 848 disparis
929 771 1104 830 animantis
1119 772 1224 830 vitam
1239 779 1352 832 trans·

197 853 249 913 ire
270 871 337 912 non
358 854 473 933 possit,
501 864 613 913 manet
639 853 684 914 in.
707 852 780 936 lege
807 858 957 912 naturae.
1000 851 1042 913 Et
1063 859 1102 912 ut
1122 852 1237 914 bestiis
1258 850 1351 913 aliud

198 934 254 996 alii
276 936 448 1016 praecipui
470 955 489 994 a
510 942 630 994 natura
652 933 764 994 datum
794 941 854 1010 est,
885 932 972 1014 quod
1001 953 1098 994 sunm
1127 953 1275 1014 quaeque
1296 954 1352 995 re·

197 1019 295 1093 tinet,
322 1036 383 1077 nec
405 1015 545 1077 discedit
566 1017 607 1077 ab
630 1034 689 1094 θος
718 1018 767 1076 sic
798 1015 926 1076 homini
949 1018 1053 1078 multo
1076 1015 1230 1097 quiddam
1253 1036 1352 1096 prae·

113 1102 356 1210 ofistantiust
390 1101 453 1160 etsi
481 1100 688 1183 praestantia
717 1097 838 1159 debent
868 1118 906 1159 ea
928 1097 1007 1178 dici,
1043 1118 1125 1181 quae
1146 1099 1271 1162 habent
1292 1101 1353 1161 ali·

1018 1226 1189 1235 ...Ἦ

196 1289 245 1341 bes
264 1288 298 1340 de
316 1289 352 1340 N.
372 1287 406 1338 D.
426 1287 449 1338 1.
469 1290 518 1342 37:
547 1286 708 1341 Bestiarum
731 1292 861 1339 terrenae
884 1293 948 1339 aunt
976 1289 1086 1354 eliae,
1110 1280 1242 1355 partim
1267 1305 1354 1360 apara-

197 1357 273 1424 tiles‚
309 1358 411 1412 aliae
437 1357 586 1426 ancipites.
623 1358 665 1410 De
689 1356 755 1409 Div.
777 1359 799 1413 1.
827 1360 875 1413 42:
929 1361 1076 1414 artirn.e
1099 1360 1186 1424 caelo,
1215 1363 1291 1414 alia
1318 1378 1354 1414 er

197 1437 278 1482 terra
305 1429 483 1554 orp'qebantar,
521 1429 690 1500 quaedam
723 1430 807 1482 etiam
834 1446 867 1482 ese
901 1376 1039 1482 dominnm
1065 1431 1252 1498 pecudumque
1288 1447 1372 1492 conr

197 1517 214 1554 a
247 1506 284 1553 tu.
360 1519 384 1553 r.
412 1520 414 1524 ·
1328 1543 1334 1550 .

214 1517 245 1569 ep
264 1571 374 1641 partim
391 1571 536 1638 solivagae
556 1599 588 1609 -
608 1571 744 1640 quasdam
771 1577 863 1624 autern
886 1571 1014 1637 cicures]
1051 1572 1200 1637 „Videtur
1225 1567 1353 1626 transtu-

196 1642 264 1695 lisse
282 1642 447 1698 Aristotelis
466 1644 518 1695 illa
536 1661 571 1695 ex
588 1644 808 1698 Politicis:'reir
825 1641 857 1695 di
873 1647 979 1711 θηρίων
997 1637 1030 1694 τὰ
1048 1643 1101 1710 μὲν
1118 1646 1243 1710 ἀγελαῖα,
1268 1645 1301 1698 rel
1320 1645 1353 1699 δὲ

198 1713 370 1784 σποραδικά·
390 1724 419 1768 et
437 1715 535 1786 paullo
553 1724 629 1783 post:
649 1714 683 1768 toi
701 1713 754 1782 μὲν
772 1715 868 1784 ἥμερα,
887 1712 920 1766 τὰ
939 1711 971 1766 di
989 1712 1104 1782 dypaef‘
1125 1715 1221 1768 Ursin.
1260 1717 1353 1769 Locus

198 1794 241 1838 est
266 1785 386 1837 Aristot.
408 1785 492 1839 Polit.
513 1787 694 1856 1.8.p.11.
723 1785 801 1855 sylb.
845 1787 925 1838 Unus
950 1785 1001 1837 Ox.
1026 1785 1111 1837 habet
1136 1785 1244 1853 partim
1271 1802 1352 1841 ease.

198 1855 272 1909 Gud.
293 1857 318 1910 2.
347 1871 443 1909 earum
471 1857 550 1924 ipsa
572 1856 686 1924 partim,
712 1859 787 1909 Mon.
809 1861 833 1910 1.
859 1856 994 1923 radingas
1016 1873 1070 1926 pro
1095 1856 1252 1924 solivagas,
1278 1877 1352 1911 unus

198 1927 248 1981 Ox.
272 1935 470 1995 congregata,
502 1927 591 1980 Rehd.
616 1928 726 1981 omittit
753 1933 856 1992 autern,
873 1929 944 1979 eius
967 1927 1032 1979 loco
1058 1927 1145 1980 Marb.
1172 1928 1258 1982 habet
1275 1945 1351 1995 vero,

155 2007 160 2013 '
198 1997 253 2051 duo
273 1999 342 2051 oxx.
362 2005 426 2050 aut:
446 2015 480 2050 ex
498 1992 651 2069 perperam
669 1999 745 2051 lecto
765 1998 942 2067 compendio.
982 1999 1042 2050 Mr.

268 2069 414 2122 nonnullas
441 2068 551 2121 abditas
578 2075 706 2138 terraque
733 2069 840 2135 tectas]
877 2069 974 2120 Duisb.
999 2076 1064 2138 post
1098 2069 1244 2122 nonnullas
1266 2069 1353 2125 habet

198 2138 275 2192 alias
293 2139 415 2192 abditas.
453 2139 488 2191 ln
505 2156 564 2191 uno
584 2141 632 2193 Ox.
653 2149 694 2192 est
713 2147 859 2208 terreque,
879 2141 910 2190 in
928 2141 1002 2192 Mon.
1024 2144 1048 2194 l.
1070 2145 1202 2208 terraque
1221 2144 1351 2196 certae.

196 2209 299 2279 Talpas
318 2210 445 2284 intelligi
463 2219 562 2262 monet
579 2210 741 2262 Beroaldus.
778 2210 877 2283 Pergit
895 2210 947 2262 Ed.
968 2211 1003 2262 E.
1025 2210 1071 2262 At
1096 2227 1201 2276 aarum,
1216 2206 1304 2265 'Gud.
1324 2216 1351 2269 2.

197 2281 286 2350 Atque
313 2297 501 2350 earumque
523 2297 612 2334 auum.
637 2281 767 2350 Vindl.
797 2286 894 2333 tenet
919 2297 1025 2334 neonus.
1064 2275 1169 2332 V'oeem
1193 2284 1223 2335 in
1241 2284 1353 2336 omittit

196 2351 311 2416 Duisb.;
341 2352 423 2405 Vind.
445 2358 469 2406 l.
493 2353 578 2405 habet
605 2352 762 2421 disparem
796 2369 869 2403 unus
895 2352 945 2404 Ox.
973 2361 1002 2404 et
1021 2352 1098 2418 ,Gud.
1120 2355 1144 2406 2.
1170 2355 1351 2407 animantes.

196 2424 271 2476 Mon.
294 2427 318 2477 l.
339 2425 498 2477 transsire.
536 2425 598 2476 Mr.
1364 2423 1367 2426 “

269 2494 304 2546 Et
330 2500 362 2548 nt
391 2494 486 2547 bestiis
511 2494 592 2546 alind
616 2493 672 2545 alii
691 2492 838 2563 praecipui
862 2508 880 2545 a
905 2500 1007 2548 natare
1032 2494 1126 2546 dotum
1156 2495 1208 2561 eat]
1244 2497 1354 2562 „Unus

196 2565 278 2617 Leid.
306 2565 407 2618 bestiis
431 2564 526 2617 aliis
552 2563 654 2617 alind
676 2563 830 2632 praecipui.
875 2565 949 2616 Mihi
976 2565 1117 2634 placerett
1150 2566 1247 2620 bestiis
1273 2569 1353 2630 aliud

198 2635 288 2689 aliis
304 2634 482 2704 praecipui.“
509 2633 599 2686 Boon.
638 2635 733 2699 „Baln
753 2635 859 2691 Baliol.
884 2643 914 2687 et
931 2635 1041 2692 Eliens.
1070 2653 1125 2688 sec.
1151 2636 1251 2689 aliis.“
1276 2638 1349 2690 Dav.

179 2706 230 2764 ,in
253 2707 305 2758 Ed.
326 2709 351 2762 2.
388 2708 428 2759 Et
457 2705 598 2757 dederunt
623 2704 701 2770 aliis,
730 2706 805 2772 quod
827 2706 944 2758 videtur
969 2723 1026 2758 esse
1058 2706 1089 2756 in
1118 2711 1244 2776 quiaque
1270 2709 1351 2770 Oxx„

197 2778 319 2830 Lallem.
342 2785 372 2831 et
390 2778 464 2831 oliv.
485 2776 552 2830 Cod.
572 2777 656 2827 Vind.
677 2782 701 2831 l.
722 2793 789 2827 cum
806 2775 852 2827 his
872 2777 951 2840 facit,
976 2776 1059 2833 Vind.
1080 2780 1105 2831 2.
1134 2795 1201 2829 cum
1218 2777 1353 2830 Leideusi

99 2857 102 2864 ’
196 2849 356 2901 Bouhierii.
394 2849 533 2900 Ernestus
553 2864 619 2898 cum
638 2862 696 2897 non
715 2856 907 2914 concoqueret
932 2847 1012 2900 aliud
1030 2865 1096 2899 cum
1116 2848 1261 2914 Genitivo‚
1287 2867 1354 2918 pra·

195 2937 262 2972 vam
280 2920 351 2971 iecit
371 2919 567 2971 coniecturam
587 2918 646 2982 [cui
664 2919 743 2968 favet
760 2917 870 2982 Duisb.]
897 2919 1053 2986 praecipue.
1090 2919 1199 2972 Laudat
1223 2919 1354 2973 Schelle-

196 3008 246 3042 rus
265 3006 301 3042 ex
319 2989 378 3041 Cic.
399 2989 433 3041 de
453 2990 515 3041 Inv.
540 2990 577 3041 11.
600 2993 624 3041 l.
653 2988 734 3039 otton
757 2989 940 3040 commodi.
971 2989 1043 3042 Gud.
1064 2988 1150 3041 habet
1168 2989 1238 3043 aliis
1256 2992 1352 3055 aliana,

196 3059 272 3132 Aug.
298 3074 316 3109 a
341 3067 445 3112 natura
467 3059 623 3127 praecipui,
651 3057 706 3109 duo
726 3059 801 3110 Oxx:
824 3059 964 3110 omittunt
989 3059 1076 3112 verba
1104 3077 1121 3112 a
1139 3068 1251 3113 notura.
1288 3064 1353 3115 Post

198 3131 294 3184 datum
312 3137 352 3181 est
369 3131 468 3205 pergit
486 3131 538 3182 Ed.
558 3131 591 3182 Ε.
612 3131 683 3196 qnod
701 3145 780 3180 suram
799 3137 852 3182 eat
879 3144 1002 3199 quaeque
1020 3130 1136 3194 retinen
1162 3132 1193 3182 in
1216 3148 1274 3185 uno
1302 3135 1352 3185 Ox.

198 3209 240 3254 est
259 3199 397 3267 retineat,
434 3203 466 3252 in
493 3201 549 3252 alio
568 3217 635 3251 mox
653 3215 701 3252 nec
720 3201 880 3264 discedat,
909 3201 941 3251 in
959 3203 1036 3254 Mon.
1056 3204 1081 3255 2.
1103 3218 1141 3254 ne
1160 3204 1301 3256 discedat
1318 3204 1353 3256 ab

197 3287 238 3324 eo.
274 3273 313 3324 Et
330 3272 386 3324 hoc
405 3272 521 3340 quidem
538 3271 734 3323 videturesse
754 3272 936 3336 correctoris,
965 3272 1076 3341 quiite
1099 3275 1264 3326 continuari
1287 3291 1354 3326 eon-

198 3343 388 3396 structionem
406 3342 559 3396 relativam
578 3339 665 3406 (qnod
686 3372 716 3382 -
737 3342 851 3406 relinet)
870 3344 948 3407 ferre
967 3360 1025 3395 non
1042 3353 1146 3412 posset,
1166 3345 1354 3407 desideraret-

184 3411 255 3484 'que
274 3414 414 3483 scriptum
433 3420 459 3466 et
479 3428 496 3463 a
516 3428 569 3481 qno
587 3429 640 3464 non
660 3412 785 3464 discedit.
807 3415 841 3464 ln
861 3413 933 3465 Gud.
956 3419 978 3468 l.
1001 3422 1030 3466 et
1047 3417 1072 3468 2.
1095 3422 1138 3466 est
1156 3416 1303 3482 discendit,
1323 3418 1354 3468 in

197 3487 271 3558 Aug.
293 3486 423 3538 discedet.
462 3487 527 3537 Mox
544 3501 618 3534 unus
637 3483 686 3535 Ox.
708 3484 807 3535 bonurn
824 3500 877 3552 pro
895 3483 1009 3550 lamini,
1033 3485 1084 3535 ubi
1106 3480 1185 3538 vides
1204 3487 1353 3540 Ciceronis

196 3559 318 3608 verbum
342 3574 358 3607 a
378 3557 470 3630 glossa
495 3557 652 3617 extrusum,
678 3571 748 3622 quae
767 3554 930 3624 pertineret
955 3556 989 3607 ad
1012 3555 1155 3624 quiddam,
1184 3557 1266 3609 cuius
1284 3558 1350 3613 loco

198 3628 271 3679 alius
288 3627 374 3679 habet
392 3628 510 3696 quidem,
529 3626 603 3698 Aug.
623 3626 768 3693 quoddam.
804 3627 859 3677 Pro
879 3629 930 3680 etsi
951 3627 981 3692 (i.
1002 3644 1025 3678 e.
1047 3629 1230 3696 quamquam)
1253 3628 1351 3680 Duish.

197 3698 283 3750 habet
309 3699 368 3752 dici
391 3712 439 3761 ea;
467 3701 541 3750 Mon.
562 3699 587 3750 2.
617 3705 646 3766 et
670 3714 744 3764 unus
773 3698 822 3751 Ox.
850 3697 928 3750 debet
950 3713 1004 3766 pro
1027 3697 1139 3764 debent3
1167 3698 1250 3750 Vind.
1271 3703 1296 3754 1.
1325 3707 1354 3752 et

197 3769 286 3824 Rehd.
308 3785 341 3821 ea
360 3770 456 3822 debent
474 3768 542 3820 dici.
580 3767 662 3819 Alius
682 3768 731 3819 Ox.
752 3768 874 3820 debeant.
911 3769 973 3821 Mr.

268 3857 336 3908 qnae
363 3839 461 3893 babent
488 3838 613 3904 aliquam
641 3838 905 3905 comparationeme]
942 3839 1004 3890 Duo
1024 3840 1092 3892 Oxx.
1122 3855 1191 3909 quae
1220 3856 1277 3893 non
1295 3839 1354 3895 ba·

198 3913 305 3967 beant.
342 3911 426 3964 Vides
456 3910 487 3960 in
505 3910 600 3961 addito
623 3909 873 3962 non‘correctoris
896 3927 1023 3975 inanum,
1052 3911 1103 3978 qui
1121 3911 1222 3975 vellet,
1251 3929 1284 3964 ea
1310 3911 1353 3963 di-

198 3986 287 4037 cenda
305 4001 363 4036 esse
381 3981 565 4052 praestantia,
585 3997 656 4049 quae
675 3980 733 4030 sint
752 3973 995 4048 incomparabilia.
1034 3980 1088 4033 Sed
1104 3981 1161 4033 hoc
1179 3982 1266 4050 plane
1286 3997 1353 4034 con-

198 4056 322 4108 trarium
346 4063 390 4106 est
414 4048 572 4104 sententiae
596 4051 751 4104 Ciceronis.
789 4051 982 4115 Prae-stantia,
1017 4051 1098 4117 dicit,
1125 4069 1157 4104 ea
1188 4061 1255 4104 sunt
1281 4069 1353 4121 quae

195 4134 350 4196 praestant,
378 4123 517 4177 videlicet
544 4122 608 4174 aliis
634 4139 669 4174 ex
696 4122 795 4174 eodem
822 4139 936 4196 genere,
963 4121 1083 4191 ideoque
1109 4124 1352 4191 comparationem

199 4196 363 4248 admittunt.
400 4195 510 4246 Habent
525 4209 595 4246 vero
615 4209 673 4244 esse
691 4192 711 4242 i.
732 4210 759 4261 q.
780 4194 940 4257 admittunt,
963 4210 1046 4245 nemo
1066 4193 1215 4258 dubitabit,
1236 4195 1287 4262 qui
1306 4194 1353 4247 ci-

200 4283 335 4320 ceronem
353 4266 441 4317 norit.
478 4264 621 4332 Exempla
644 4262 728 4314 habes
752 4264 827 4334 apud
845 4266 872 4316 J.
892 4265 1041 4316 Vorstium
1066 4264 1099 4316 de
1126 4264 1284 4318 Latinitate
1303 4263 1352 4318 Se-

199 4339 276 4390 leota
302 4355 332 4407 p.
354 4337 517 4390 lto—lta.
547 4335 613 4388 eod.
638 4335 713 4386 Mon.
733 4337 759 4389 2.
788 4333 896 4398 baben
924 4337 999 4386 Mon.
1020 4338 1045 4388 1.
1074 4335 1187 4389 omittit
1213 4334 1352 4404 aliquam,

199 4409 289 4463 Rebd.
309 4406 426 4463 exhibet
445 4406 571 4477 aliquane
588 4405 823 4473 conparationem
840 4403 949 4462 labent.
985 4405 1049 4459 Mr.¹
