2856 5084
392 269 393 272 ‘
478 257 608 339 mum
628 263 673 354 v,
693 276 745 341 29.
766 274 817 342 eo.
1167 281 1227 346 no

73 438 111 501 Si
132 441 220 521 enim
242 439 349 502 Stoici
368 441 449 502 fines
472 439 637 502 bonorum
659 449 751 503 recte
771 449 969 522 posuerunt,
1000 443 1150 505 conlecta
1172 464 1226 507 res

74 530 143 590 ests
166 540 299 585 necesse
320 532 370 584 est
392 542 523 602 semper
543 524 676 585 beatum
699 542 771 585 esse
799 524 993 602 sapientem.
1036 524 1100 586 Sed
1122 545 1222 606 quae·
1241 531 1283 584 84.

73 624 186 666 ramus
206 624 468 688 unamquamque
486 606 694 688 reliquorum
716 606 933 678 sententiam
956 607 985 666 si
1005 607 1081 668 fieri
1102 617 1224 689 potest,

73 695 111 747 ut
131 687 195 749 hoc
215 690 425 769 praeclarum
447 690 539 768 quasi
560 687 732 750 decretum
764 688 879 750 beatae
907 691 997 751 vitae
1028 693 1133 770 possit
1154 712 1224 753 om-

73 770 166 829 nium
187 772 360 832 sententiis
382 779 416 831 et
437 770 835 852 disciplinis'convenire.
1227 802 1229 807 ·

176 850 262 914 Sunt
303 863 416 915 autem
444 852 538 914 'hae‘
564 853 607 913 de
648 853 780 927 finibus,
822 859 861 912 ut
899 854 1031 934 opinor,
1075 863 1224 918 retentae
1246 868 1286 930 30

33 936 37 947 '
72 930 292 1018 defensaeque
323 937 518 997 sententiae.
569 935 719 996 Primum
751 935 918 1017 simplices
950 942 1126 1018 quattuor:
1162 938 1295 1053 Iti-ops

68 1118 142 1173 illud
158 1136 306 1189 cumpace
323 1136 447 1187 agemus,
467 1121 698 1190 supravidimus.
718 1121 809 1174 Bouh.
830 1122 956 1174 coniecit
975 1138 1024 1176 nos
1042 1122 1118 1176 illud
1135 1124 1223 1180 idem

67 1207 129 1244 cnm
144 1209 174 1260 p.
194 1207 223 1244 a.
249 1193 377 1245 Bentleii
402 1208 452 1244 nos
469 1192 541 1246 illud
559 1192 668 1262 quidem
687 1194 833 1246 omnium
850 1209 997 1260 cumpace
1015 1210 1131 1261 agemus
1158 1196 1223 1250 ideo

66 1263 183 1344 placere
202 1279 260 1315 non
278 1279 368 1333 posse,
389 1264 461 1332 quia
473 1279 541 1316 mox
558 1264 690 1332 sequitur
708 1263 832 1319 omnium
849 1264 1004 1329 sententiis,
1025 1265 1109 1328 (unde
1127 1266 1222 1320 Bentl.

67 1333 148 1386 istud
165 1334 289 1387 omnium
305 1333 424 1399 hausit)
443 1342 540 1387 monet
560 1335 608 1388 Or.
626 1334 749 1403 vultque
769 1334 901 1408 intelligi
918 1335 1006 1387 verba
1023 1352 1085 1388 cam
1101 1351 1170 1404 pace
1188 1338 1223 1391 de

64 1420 136 1472 pace
154 1405 252 1459 animi.
290 1405 402 1458 Habent
419 1404 493 1457 illud
510 1402 601 1468 itlius,
642 1404 698 1457 uod
716 1404 932 1464 commendabat
946 1406 1078 1471 Ursinus,
1099 1416 1224 1475 quatuor

65 1477 138 1530 Oxx.
158 1475 245 1527 Marb.
263 1474 361 1527 Duisb.
381 1475 452 1527 Edd.
473 1477 502 1527 P.
522 1474 556 1526 A.
575 1477 606 1526 B.
650 1513 656 1526 .
676 1475 711 1528 Ε.
732 1475 761 1528 G.
775 1476 856 1530 Junt.
877 1476 949 1528 Ven.
969 1484 1058 1528 nostr.
1079 1475 1143 1529 Asc.
1157 1483 1182 1532 1.
1192 1480 1221 1534 2.

65 1545 164 1599 Herw.
187 1550 211 1600 1.
232 1548 256 1600 2.
293 1548 358 1599 Post
376 1542 554 1600 Stoici'God.
576 1545 650 1599 Gud.
670 1547 696 1599 2.
724 1544 811 1598 habet
835 1544 981 1611 finibus
1005 1548 1137 1601 donorum
1154 1567 1222 1601 curn

65 1615 174 1681 Marb.;
193 1634 266 1669 unus
285 1617 334 1669 Ox.
354 1619 484 1682 pontem
502 1618 643 1670 donorum.
660 1615 746 1680 ¹Cod.
765 1617 837 1692 Reg·
859 1617 1075 1684 possiverunt
1101 1635 1155 1688 pro
1172 1634 1223 1686 po·

67 1693 200 1752 sumunt,
228 1706 301 1739 unus
320 1689 369 1740 Ox.
395 1687 549 1754 posuerint.
586 1686 769 1740 Exciderunt
792 1686 879 1739 verba
904 1703 1012 1741 necesse
1030 1694 1071 1741 est
1100 1690 1131 1740 in
1148 1690 1221 1743 Edd.

65 1757 100 1808 A.
119 1759 150 1810 B.
171 1757 199 1811 S.
219 1758 253 1810 E.
273 1759 354 1811 Junt.
373 1760 445 1814 Ven.
464 1767 555 1811 nostr.
574 1757 638 1811 Asc.
657 1756 682 1813 2.
711 1756 812 1831 Pergit
829 1757 914 1810 Vind.
934 1761 959 1812 2.
981 1775 1047 1810 cum
1066 1759 1138 1814 Gud.
1159 1760 1222 1814 bea-

65 1835 124 1881 tum
142 1844 262 1897 semper3
280 1829 422 1898 posterior
441 1829 527 1881 etiem
542 1828 631 1882 habet
648 1828 813 1882 sententiam
831 1831 1014 1898 reliquorum.
1052 1830 1113 1882 Mr.
1219 1862 1223 1869 -

137 1899 165 1951 ei
182 1899 246 1963 fieri
261 1901 375 1968 potest]
411 1899 636 1972 Brachylogiam
654 1916 712 1951 esse
731 1900 771 1951 ait
789 1899 885 1954 Wolf.
915 1900 946 1951 in
970 1899 1086 1965 scholis,
1113 1901 1154 1953 ita
1172 1919 1224 1955 ex·

64 1969 244 2039 plicandam:
263 1976 294 2022 nt
312 1969 458 2023 videamus
476 1986 521 2024 an.
541 1969 607 2036 fieri
621 1971 728 2036 possit.-
753 1968 786 2021 id
814 1970 889 2039 qnod
907 1976 1007 2024 tamen·
1019 1981 1077 2023 'non
1100 1986 1221 2039 prorsus

64 2041 190 2110 despero.
227 2041 354 2104 Addidit,
381 2040 526 2106 nitidem,
555 2039 641 2111 quasi
658 2040 693 2092 ad
712 2039 864 2105 decretum,—
889 2041 956 2110 quia
973 2041 1030 2093 hoc
1046 2042 1220 2094 vocabulum

62 2113 181 2182 proprie
199 2113 319 2181 ponitur
337 2112 371 2165 de
391 2112 435 2176 iis,
455 2129 528 2181 quae
545 2111 660 2182 publice
679 2110 883 2163 decernuntur.
908 2113 1005 2165 Recte.
1049 2112 1219 2166 Tenendum

62 2198 142 2247 vero,
168 2182 347 2248 Ciceronem,
376 2183 425 2233 ubi
442 2183 569 2250 primum
588 2196 623 2234 eo
640 2182 744 2245 utitur,
778 2182 917 2234 Graecam
934 2199 1047 2248 vocem,
1075 2184 1124 2236 cui
1143 2184 1220 2237 illud

64 2254 311 2306 accommodatum
330 2269 388 2306 esse
407 2253 530 2318 volebat,
550 2253 704 2306 addidisse:
731 2250 817 2304 Acad.
837 2252 875 2305 11.
896 2256 931 2307 9:
959 2255 1091 2322 qnoniam
1118 2253 1151 2306 id
1168 2252 1220 2306 da-

63 2324 156 2376 terent
173 2323 337 2376 Academici
355 2323 529 2387 decretnm,
549 2321 671 2387 (sentitis
689 2320 764 2374 enim
780 2321 851 2385 iam,
869 2337 913 2373 me
925 2320 976 2375 doc
991 2316 1085 2390 δόγμα
1096 2323 1219 2391 dicere,)

62 2393 138 2448 nilsil
152 2410 235 2462 posse
252 2393 369 2462 percipi.
394 2392 528 2461 Arippara
546 2393 657 2445 Latinis
676 2392 763 2445 etiam
781 2391 840 2444 dici
856 2390 963 2460 placito
983 2392 1025 2458 (τὰ
1041 2390 1218 2461 ἀρέσκοντα),Ι

63 2469 147 2529 scita,
165 2473 276 2516 ¹notum
300 2472 351 2516 est.
388 2464 480 2516 Verba
503 2462 531 2517 si
553 2464 619 2528 fieri
642 2467 734 2531 potest
764 2461 933 2532 exciderunt
957 2465 989 2514 in
1014 2464 1082 2518 God.
1107 2465 1216 2531 Rehd.3

63 2535 150 2587 Verb.
171 2535 203 2586 in
220 2551 312 2589 unare.
334 2551 370 2585 ex
387 2533 444 2589 MS.
469 2534 566 2587 nescio
593 2549 650 2604 quo
669 2532 797 2586 enotavit
818 2532 976 2586 lectionem
991 2535 1082 2602 possit
1107 2535 1160 2588 eti
1166 2552 1218 2589 am

64 2605 196 2658 omnium.
216 2576 304 2659 Rehd.
325 2605 357 2656 in
374 2604 433 2657 fine
451 2602 717 2674 capitistomninm
741 2602 892 2658 sententiis
915 2606 1060 2661 convenire
1083 2613 1112 2660 et
1134 2607 1219 2666 disci·

61 2676 152 2746 plinio
159 2698 169 2742 ,-
193 2677 233 2729 ita
252 2676 364 2728 scilicet
381 2676 563 2729 numerosior
581 2675 658 2728 cadit
676 2674 776 2728 oratio.
812 2675 872 2728 Mr.
1065 2689 1068 2693 ·

138 2764 162 2803 c.
182 2746 323 2803 3⁰.‘Sunt
349 2753 439 2800 auten
461 2743 513 2800 iae
538 2747 573 2800 de
595 2745 696 2812 finibus
713 2774 747 2786 —
765 2752 889 2799 retentae
916 2747 1097 2815 defensaeque
1114 2756 1220 2804 senten·

66 2816 148 2882 tiae]
185 2817 330 2882 „Palatin
354 2817 469 2871 secund.
495 2818 589 2886 quint.
615 2822 678 2870 sant
702 2823 794 2870 antem
819 2815 902 2871 daec
926 2818 961 2870 de
985 2819 1100 2882 finitus.-
1129 2820 1218 2872 etsie

62 2905 187 2957 semper,
207 2895 241 2941 ut
259 2897 288 2941 et
306 2889 338 2948 in
355 2889 486 2941 Vatican.
505 2896 575 2957 puto
593 2885 689 2959 deese,
704 2887 772 2955 quia
789 2887 908 2943 Palatia.
929 2888 1022 2957 quint.
1049 2890 1132 2943 Febr.
1152 2888 1216 2942 dee.

62 2958 212 3082 gobhinfra
235 2976 298 3029 cap.
316 2961 361 3014 31.
388 2957 457 3012 liaeo
481 2965 546 3012 sunt
572 2957 728 3012 sententiae
753 2959 795 3011 ita
811 2957 932 3011 Palatin.
953 2961 1047 3027 quint.
1066 2958 1218 3030 Vatican.“

88 3046 102 3084 e
139 3047 166 3080 ν’
371 3056 373 3062 “
903 3044 911 3051 .
1209 3083 1212 3087 .

133 3101 213 3152 Haec
232 3101 267 3153 de
284 3101 383 3165 finiens
403 3128 435 3143 -
455 3100 623 3166 sententiae]
660 3099 711 3153 Sic
727 3099 797 3172 Reg.
816 3097 962 3152 Pithoean.
981 3099 1058 3152 Med·
1070 3100 1141 3154 Pali.
1160 3118 1214 3156 sec.

64 3172 158 3241 quint.
177 3188 210 3224 ac
228 3172 320 3223 Vatic.
338 3172 498 3240 Ἀρχαϊκῶς.
535 3171 630 3244 Vulgo
647 3167 709 3222 dae.
743 3169 782 3223 D.
1106 3201 1109 3206 ·

135 3241 207 3295 Sunt
226 3240 416 3308 artemiae]
452 3244 562 3294 Verum
581 3241 698 3311 quidem
717 3249 769 3306 est,
789 3257 847 3294 esse
867 3241 898 3292 in
915 3238 993 3294 haud
1010 3243 1110 3311 paucis
1129 3242 1214 3297 codd.

64 3310 140 3378 haec,
159 3311 349 3382 (quamquam
365 3312 400 3365 de
416 3314 486 3388 Reg.
506 3313 623 3365 collatio
648 3318 747 3364 nostra
770 3317 856 3378 tacet,
879 3329 974 3381 neque
993 3312 1068 3365 Gud.
1086 3316 1111 3368 1.
1131 3314 1158 3368 2.
1186 3313 1217 3367 id

62 3383 203 3447 habentz)
233 3402 269 3437 ex
294 3384 400 3436 nostris
422 3383 454 3435 in
477 3384 624 3436 Maru-et
646 3398 703 3435 uno
729 3382 779 3435 Ox.
817 3381 873 3435 Sed
896 3382 988 3435 faerit
1010 3381 1081 3436 haec
1099 3383 1217 3454 antiqua

61 3455 166 3517 forma,
183 3463 218 3506 ut
236 3463 353 3507 estnon
372 3455 462 3506 semel
480 3454 555 3524 apud
572 3453 705 3506 Plautum
724 3460 754 3504 et
771 3452 942 3506 Terentium
960 3451 1012 3517 (Pl.
1031 3451 1098 3506 Aul.
1119 3454 1172 3507 111.
1187 3454 1214 3510 t.
1298 3515 1301 3519 ¹

62 3527 107 3581 59.
127 3526 194 3579 Ter.
215 3525 290 3577 Eun.
309 3524 362 3577 lll.
384 3527 409 3581 5.
429 3522 501 3587 did:
527 3540 586 3576 non
613 3532 711 3577 tamen
734 3522 853 3576 videtur
870 3522 1005 3576 Ciceroni
1031 3523 1214 3577 obtrudenda.

59 3596 99 3653 ln
117 3596 185 3648 cod.
204 3595 302 3647 Duisb.
322 3604 366 3648 est
383 3593 440 3660 dee,
461 3597 492 3646 in
508 3595 582 3648 Edd.
603 3593 630 3647 S.
650 3595 685 3651 E.
705 3608 762 3646 ece.
782 3592 851 3650 Cod.
871 3592 955 3647 Vind.
976 3597 1002 3649 1.
1021 3591 1083 3660 lice,
1108 3600 1137 3647 ut
1155 3593 1216 3663 opi·

63 3681 117 3718 nor
136 3665 171 3717 de
189 3665 287 3730 finitus
303 3672 436 3719 retentae.
474 3664 518 3719 Ad
535 3666 709 3719 sententiam
727 3663 845 3717 laudant
863 3663 922 3720 Cic.
949 3663 984 3718 de
1001 3664 1087 3717 Finn.
1107 3665 1145 3719 ll.
1171 3668 1213 3721 ll.

60 3739 140 3792 34-
151 3738 196 3790 36.
215 3736 248 3786 V.
268 3738 364 3790 6-8.
384 3735 539 3810 Augustin.
559 3736 593 3789 de
606 3736 667 3789 (liv.
680 3735 743 3800 Dei,
763 3737 795 3787 1..
812 3735 887 3789 XIX.
906 3736 1077 3804 praesertim
1095 3753 1122 3788 c.
1134 3739 1215 3791 1—3.

61 3804 144 3872 Quod
160 3821 230 3861 rero
249 3804 322 3857 dicit
340 3804 442 3860 Cicero
459 3814 489 3859 at
508 3807 616 3874 opinor,
635 3807 667 3860 id
684 3822 742 3858 non
761 3805 803 3858 ita
820 3804 1047 3880 intelligendum
1065 3814 1115 3870 est,
1135 3806 1216 3874 quasi

60 3878 91 3932 id
109 3876 247 3946 opinetur
264 3883 386 3941 tantum,
405 3894 457 3931 neo
480 3894 551 3930 vero
578 3877 668 3930 soietr
681 3877 733 3931 ssd
750 3873 780 3928 h.
799 3876 820 3927 l.
846 3884 880 3928 ut
902 3877 1024 3945 saepius,
1047 3875 1153 3926 urbane
1172 3873 1216 3929 lo·

61 3948 172 4018 quitur,
191 3964 228 3998 ne
246 3947 375 3999 docentis
394 3947 475 4014 quasi
491 3946 624 4021 magistri
642 3947 769 4018 speciem
786 3963 854 4016 prae
872 3962 903 3999 se
919 3947 1003 4000 ferat.
1014 3943 1219 3999 *scribitur

62 4019 237 4084 defensae
255 4023 483 4086 rete-ntaeque
501 4016 656 4072 sententiae
673 4017 706 4071 in
723 4015 792 4071 cot.
811 4014 907 4067 Duisla
928 4015 959 4065 in
978 4031 1035 4082 quo
1052 4013 1215 4083 saepissime
1265 4019 1285 4044 ²
1327 4018 1330 4031 '

61 4098 164 4143 contra
183 4106 280 4142 omnes
297 4088 388 4141 libros
405 4088 543 4144 vocabula
560 4088 683 4141 traiecta
700 4085 829 4156 reperies
847 4102 863 4136 a
880 4084 972 4139 scriba
986 4083 1045 4142 ¹sibi
1070 4085 1102 4135 in
1123 4084 1217 4137 corri-

63 4161 156 4235 gendo
175 4160 314 4214 Cicerone
332 4158 484 4211 admodum
501 4153 644 4227 placente.
680 4156 740 4211 Mr.
1112 4169 1114 4175 ·

136 4248 259 4302 Primum
277 4246 418 4316 simplices
437 4245 585 4315 quatuorr]
622 4245 695 4311 „Gt
720 4223 857 4298 llleinerse
886 4237 1012 4296 Gesch'.
1036 4240 1063 4293 (1.
1088 4238 1215 4296 Ethik.

64 4320 100 4372 T.
119 4321 141 4372 l.
161 4338 190 4390 p.
210 4320 294 4376 229.“
312 4316 425 4374 Setuci.
456 4313 747 4371 Inconstantem
769 4313 912 4394 simplices
941 4317 1060 4382 quatuor
1083 4315 1223 4398 primm

64 4391 165 4465 Pergit
183 4391 278 4446 Duisb.
299 4408 397 4444 rursus
414 4391 527 4443 inversa
546 4387 684 4441 orationis
710 4386 797 4466 seria:
821 4381 904 4438 ‘neirl
926 4384 1032 4449 bonnm,
1056 4399 1114 4440 nese
1140 4384 1217 4438 oola·

896 4489 961 4553 12*
