2856 5084
208 272 273 341 aas
561 220 1009 345 MOHARDIBENTLEH

318 438 408 488 Tanto
425 428 529 503 toallis
545 432 627 486 modo
643 433 648 498 Ι
664 429 740 484 mino
757 425 851 499 aelric
867 427 962 483 modis

315 505 390 559 Intn'
407 504 436 558 oi
442 501 487 573 {di
504 518 603 557 novom
622 500 720 572 nilque
738 500 882 568 integram
899 497 1077 569 caldariam.

318 576 392 631 Cooe
409 575 482 641 ertit
499 575 659 628 Cleostrata
678 568 812 640 obstcede
830 573 865 626 ab
882 572 956 640 islto
976 571 1098 637 obsecro,
1117 581 1172 626 etc.

135 687 138 691 -
210 648 347 704 Ceterum
364 648 395 699 in
413 645 553 699 Ennianis
570 643 655 699 exilii
672 644 776 709 addidi,
796 652 856 695 tam
875 660 910 695 ex
928 651 978 695 tuo
997 643 1105 708 codice,
1130 660 1216 713 quam
1234 659 1270 696 ex
1290 643 1370 698 Geb-

209 718 294 775 hardi
311 719 373 772 fere
393 717 531 771 omnibus·
568 715 664 782 Fugere
683 731 797 784 quoque
815 713 950 783 rescripsi
968 730 1022 782 pro
1041 715 1127 782 fugem
1151 723 1179 768 et
1197 713 1290 783 patrie
1308 730 1369 785 pro

208 791 326 859 patriae
343 789 419 859 quod
435 797 530 842 metro
541 794 700 862 repugnat.
736 787 825 838 Porro
841 788 954 852 putrem
979 783 1030 837 hic
1049 793 1078 838 et
1104 785 1137 837 in
1155 785 1208 838 illo
1227 785 1304 854 quod
1323 802 1370 839 se·

232 861 315 913 uitur

211 879 232 932 q
314 897 451 994 ’OPaten
476 927 615 996 opotrio,
641 925 787 981 oPrinmi
804 921 955 991 domus;*)

210 1003 354 1056 Eetionem
369 1000 526 1073 ‘intellige3
554 1001 635 1051 cuius
657 1000 723 1050 urbs
747 998 846 1050 Thebe
874 997 907 1049 ab
932 996 1052 1049 Achivis
1084 1014 1181 1051 eversa
1209 1005 1267 1062 est3
1303 1012 1368 1050 non

209 1073 354 1129 Priamum
377 1088 445 1124 cum
468 1072 533 1123 viro
561 1084 672 1125 summo
689 1070 870 1137 Hieronymo
889 1068 1036 1121 Columna.
1072 1070 1107 1124 ln
1125 1069 1268 1122 Plautinis
1291 1083 1366 1121 vero

211 1152 242 1198 et
259 1143 443 1197 Terentianis
462 1139 578 1224 singula
594 1140 742 1211 prosequi,
770 1155 862 1208 neque
881 1140 1071 1193 otiumnunc
1090 1149 1144 1205 est,
1173 1156 1268 1211 neque
1294 1154 1367 1192 con·

210 1214 302 1268 venit.
338 1214 465 1267 Tecum
481 1212 564 1264 editis
583 1219 680 1265 nostra
698 1211 831 1264 conferre
851 1225 908 1261 non
925 1210 1094 1279 poenitebit.
1135 1247 1136 1250 η

283 1284 351 1356 Cap.
371 1287 415 1340 tt.
452 1282 510 1336 Nec
527 1283 628 1335 siletur
645 1281 718 1336 illud
733 1278 919 1348 potentissimi
935 1280 1013 1347 regis
1022 1288 1211 1349 anapaestum,
1230 1280 1282 1350 qui
1300 1281 1368 1334 lau·

210 1355 261 1410 slot
277 1370 370 1408 senem
388 1361 414 1408 et
431 1353 604 1418 fortunatum
620 1368 680 1406 ease
698 1351 791 1428 dicit]
827 1351 996 1426 Elegantius
1014 1352 1093 1428 legas
1112 1369 1191 1422 μσς
1218 1351 1238 1409 i.
1259 1367 1284 1404 e.
1309 1366 1367 1420 pao

209 1441 266 1481 ono
286 1432 370 1480 nesto.
1096 1434 1098 1437 ’
1251 1443 1252 1446 ’

266 1442 352 1551 plbid.
388 1492 457 1551 Nisi
474 1494 547 1563 qnod
565 1492 642 1547 ratio
661 1492 798 1563 quaedam
818 1499 902 1546 annot
919 1491 996 1558 illos,
1015 1489 1065 1546 bos
1083 1492 1148 1561 ipso
1166 1491 1290 1559 notura]
1315 1491 1367 1546 In-

210 1572 311 1637 aptum
329 1574 371 1619 est
389 1574 418 1621 et
436 1566 568 1633 spurium
586 1565 660 1619 illud
679 1563 829 1620 maedam.
864 1566 990 1634 Repone,
1007 1563 1074 1618 Nisi
1091 1565 1165 1634 qnod
1182 1563 1270 1618 Retio
1289 1563 1366 1634 qni-

210 1637 282 1693 dam
300 1643 382 1693 sonat
401 1636 477 1698 illos,
497 1633 547 1686 lios
563 1636 627 1703 ipso
644 1634 764 1688 Natura.

282 1709 348 1777 Cap.
368 1709 412 1762 25.
453 1705 489 1759 Ut
512 1721 566 1770 eos,
593 1704 640 1775 qni
666 1707 708 1759 ito
735 1702 870 1771 vixerint,
898 1712 946 1758 unt
973 1720 1028 1758 non
1052 1703 1176 1772 attingat
1199 1721 1230 1758 ae
1254 1703 1366 1770 ritudo,

210 1784 260 1833 not
281 1777 434 1846 perleviter
454 1783 562 1845 pungat
588 1777 678 1831 oninn'
702 1773 805 1840 dolon]
843 1775 917 1841 Quid
939 1775 1018 1829 aliud
1045 1784 1088 1828 est
1114 1723 1272 1842 regnerio,
1304 1777 1364 1828 nisi

209 1848 301 1903 animi
327 1849 426 1903 dolor?
450 1849 559 1899 frustra
583 1848 592 1898 i
615 1845 846 1908 itur'sententia
873 1855 1022 1909 oneratur,
1048 1854 1077 1900 et
1101 1846 1179 1899 ultra
1197 1849 1366 1917 perfectum

208 1919 349 1975 trabitur.
367 1917 511 1988 Equidem
529 1865 721 1970 sisinnium
739 1916 848 1970 dedisse
867 1933 979 1970 censeo:
1000 1916 1058 1970 Ant
1077 1933 1131 1971 non
1150 1920 1276 1985 attingat
1294 1935 1366 1973 om·

208 1992 306 2056 nino,
331 1995 381 2042 ont
402 1988 553 2058 perleviter
572 1994 681 2056 pongor
705 1989 797 2042 animi
813 1988 908 2041 dolor.
947 1988 1056 2053 Quanto
1079 1988 1135 2040 hoc
1161 1988 1314 2042 rotundius
1335 1997 1365 2042 et

208 2061 394 2136 castigatius?
422 2060 464 2112 sic
481 2059 598 2112 Tuscul.
618 2061 666 2125 IV,
687 2063 728 2114 17.
767 2060 821 2124 Qui
846 2058 875 2111 si
898 2075 979 2112 error
996 2057 1093 2111 stultia
1118 2065 1279 2112 extenuetur
1303 2059 1365 2125 die,

207 2132 349 2199 sopientes
365 2147 398 2185 ne
416 2128 539 2213 attingat
557 2131 667 2197 quidem
687 2129 813 2182 omnino.
850 2129 893 2185 De
912 2130 976 2182 Fin.
997 2119 1047 2193 lV‚‘
1065 2132 1091 2184 4.
1122 2129 1252 2183 Priorem
1270 2136 1363 2186 ortem

207 2200 256 2255 illi
287 2203 403 2270 egregie
427 2202 623 2264 tradiderunt,
656 2198 687 2252 lai
709 2200 825 2254 omnino
856 2215 890 2253 ne
914 2201 1076 2274 attigerunt
1102 2201 1222 2269 potam.
1259 2202 1364 2270 Neque

207 2289 287 2338 varo,
315 2274 340 2326 si
359 2273 483 2347 vestigia
499 2272 654 2324 literarum
672 2270 809 2335 attendas,
832 2277 892 2322 tam
914 2270 1002 2345 longe
1028 2269 1083 2324 hoc
1101 2271 1179 2324 abest
1197 2272 1362 2348 evulgato,

207 2352 243 2403 ut
260 2343 432 2397 incredibile
451 2344 489 2395 sit
505 2342 651 2395 Librarius
668 2342 709 2394 sic
727 2340 784 2393 labi
801 2341 937 2411 potuisse.
1125 2351 1128 2356 '

279 2414 350 2483 Cap.⁸
365 2416 409 2469 29.
447 2413 556 2466 Notum
579 2414 662 2478 offert
688 2411 829 2466 dolorem:
855 2410 903 2466 eoi
926 2407 1036 2479 pridem
1058 2409 1191 2478 Crantor,
1218 2410 1362 2482 inquiant,

195 2482 306 2538 ‘noster
329 2484 478 2538 cedendum
503 2483 604 2552 putat]
643 2483 738 2536 Codex
761 2491 836 2546 tuus,
861 2490 895 2535 nt
918 2483 968 2538 alii
1014 2481 1130 2554 leriquc
1157 2483 1280 2540 Crantor
1306 2501 1365 2537 ve·

207 2562 298 2608 ster.-
316 2555 392 2626 quod
409 2571 563 2624 perperam
579 2554 745 2624 repudiavit
769 2553 947 2608 Gebhardus.
1010 2555 1193 2609 actoritatesn
1212 2555 1364 2609 Crantoris

194 2624 258 2678 bic
277 2625 419 2679 obiiciunt
437 2625 590 2691 Ciceroni3
608 2625 659 2694 qui
677 2621 706 2677 s‘e
725 2623 931 2692 Academicum,
944 2625 1091 2693 professus
1113 2642 1129 2676 a
1147 2625 1286 2697 magistro
1304 2626 1365 2678 dis·

207 2695 323 2751 rideret.
359 2696 440 2771 Ergo
457 2700 557 2751 aester.
593 2696 659 2749 Non
678 2695 756 2758 enim
773 2694 829 2766 ipsi
849 2703 930 2748 erant
948 2693 1121 2761 Academici,
1145 2695 1196 2764 qui
1222 2692 1295 2748 haec
1314 2713 1366 2752 rs-

228 2774 329 2824 onunt.

160 2880 163 2886 .
206 2785 227 2838 P
279 2839 347 2909 Gap.
365 2839 410 2894 3⁰.
449 2836 519 2892 Com
536 2834 869 2906 constet=oegritadinem
886 2841 1025 2893 vetustate
1043 2835 1123 2900 tolli,⁴
1142 2833 1212 2890 tane
1230 2835 1286 2889 oim
1305 2851 1363 2892 non

206 2925 269 2963 esse
286 2909 316 2962 in
334 2908 528 2978 dispositum,
556 2909 654 2962 sedin
672 2908 844 2975 cogitatione
862 2907 987 2974 diurna]
1023 2906 1137 2962 Priores
1165 2923 1261 2960 omnes
1281 2908 1363 2961 eliu-

206 2985 312 3032 tnrno
328 2979 450 3035 habent:
469 2986 503 3033 ut
521 2995 597 3046 inox,
617 2979 869 3047 cogitatioigitor
887 2977 1079 3042 diuturno,
1105 2976 1179 3031 nilil
1201 2993 1262 3031 esee
1280 2979 1311 3032 in
1329 2995 1363 3032 re

208 3052 289 3115 moli,
315 3051 408 3104 dolori
433 3051 573 3116 medetur,
598 3060 652 3107 non
669 3053 744 3120 ‘ipso
778 3047 1013 3106 diuturnitas.
1057 3049 1169 3100 Primus
1194 3049 1362 3103 Gebhardus

207 3122 303 3173 nescio
323 3121 424 3191 quibus
443 3121 625 3189 intemperiis
643 3130 721 3174 actus
741 3121 870 3175 diurno
889 3127 1013 3189 utroque
1029 3117 1094 3172 loco
1113 3119 1253 3189 reposuit,
1281 3129 1363 3190 quat-

206 3197 284 3252 tuor,
303 3199 336 3242 ut
354 3191 404 3257 ait,
425 3191 557 3243 codicum
576 3192 749 3245 auctoritate
768 3191 911 3245 inductus„
948 3190 1021 3256 Quid
1038 3188 1096 3243 boc
1117 3189 1237 3245 bomine
1254 3191 1363 3244 facias?

206 3258 366 3330 Reliquum
392 3269 457 3313 erat
476 3263 617 3330 proiecto,
643 3268 676 3314 ut
702 3263 788 3314 etiam
809 3260 951 3315 diurnitate
977 3268 1141 3329 reponeret.
1178 3261 1269 3331 Atqui
1292 3261 1363 3316 Dies

206 3330 257 3387 hic
275 3341 358 3385 notat
375 3333 488 3400 longam
506 3331 587 3396 diem
608 3332 840 3409 longinquitatem
858 3331 1008 3401 remoris,-
1033 3336 1067 3384 ut
1084 3329 1189 3401 passim
1207 3331 1362 3402 accipitur.

206 3403 287 3478 Ergo
305 3403 439 3459 diuturno
456 3402 614 3476 legendum
630 3420 689 3456 non
709 3396 820 3460 direrno'.

279 3474 344 3544 Gap.
362 3477 408 3529 31.
447 3472 628 3542 Chrysippus
644 3480 736 3536 autem
760 3479 842 3544 capnt
866 3489 926 3528 esse
944 3473 1034 3530 cinaei
1058 3470 1090 3525 in
1108 3473 1287 3536 consolando,
1314 3475 1362 3528 de·

206 3541 317 3597 trudere
335 3544 418 3598 illum
435 3543 592 3612 opinionem
609 3544 752 3609 promenti,
772 3546 844 3598 eise
864 3543 958 3609 officio
977 3543 1062 3611 fungi
1084 3552 1170 3612 putet
1190 3545 1261 3600 iuste
1280 3549 1361 3667 cipue

208 3612 310 3678 debito]
348 3615 383 3666 ln
403 3616 569 3684 quibusdam
588 3616 731 3668 codicibus
751 3615 827 3672 deest
846 3615 920 3667 illud
938 3614 983 3679 si,
1012 3615 1045 3666 in
1063 3614 1201 3680 aliisae,
1223 3615 1286 3669 Alii

185 3691 188 3698 “
206 3683 328 3752 Βοηῖιηε
345 3701 386 3750 se,
408 3702 481 3738 unus
507 3704 543 3739 ex
560 3687 617 3737 tuis
636 3692 665 3739 nt
682 3703 720 3740 se.
759 3687 822 3740 Hae
838 3695 904 3741 sunt
926 3684 1134 3740 hariolationes
1150 3686 1360 3752 Librariorum,

209 3755 260 3825 qui
278 3755 410 3807 vitiosam
430 3756 588 3809 orationem
607 3757 694 3809 facile
712 3765 900 3832 agnoverunt,
926 3756 1059 3808 morbum
1077 3772 1146 3808 vero
1165 3757 1251 3809 altius
1269 3757 1362 3809 laten-

207 3835 267 3879 tem
287 3828 481 3896 nequiverunt
500 3825 727 3898 deprehendere:
753 3829 804 3898 qui
829 3828 895 3892 iam,
922 3825 1080 3883 nisi'valde
1107 3827 1205 3894 fallor,
1230 3827 1361 3881 feliciter

208 3907 239 3950 et
256 3898 387 3950 funditus
405 3898 536 3968 tolletur.
574 3899 652 3972 Lege
672 3899 750 3952 enim
768 3899 905 3953 fidenter:
925 3895 1081 3961 Detrahere
1099 3897 1181 3950 illam
1199 3898 1359 3966 opinionem

148 4016 151 4022 .
207 3965 350 4034 moerenti,
373 3986 402 4020 se
420 3968 515 4036 officio
533 3969 620 4038 fungi
633 3969 674 4038 pi
680 3988 712 4034 o,
731 3975 764 4022 et
782 3969 868 4034 iusto,
888 3976 969 4037 atque
986 3969 1097 4030 debito„
1126 3969 1171 4023 Ex
1192 3971 1242 4038 pio
1265 3977 1293 4023 et
1311 3971 1361 4022 Li-

206 4039 320 4092 brarius
338 4040 443 4107 aliquis
462 4042 582 4104 oscitans
600 4047 675 4108 putet
696 4039 858 4115 effingebat.
897 4039 1028 4107 Officium
1050 4040 1127 4106 pium
1151 4057 1233 4111 saepe
1257 4040 1359 4094 habest

205 4112 254 4164 sed
278 4111 327 4163 vel
349 4113 450 4163 unicus
477 4111 557 4164 locus
582 4112 617 4164 ad
640 4111 838 4165 coniecturam
864 4120 992 4165 nostram
1022 4111 1221 4165 stabiliendam
1249 4112 1360 4166 abunde

205 4180 329 4247 sufficit3
348 4181 440 4252 Epist.
462 4183 540 4234 Fam.
559 4183 609 4249 v1,
629 4186 665 4238 1.-
691 4182 750 4237 Nec
768 4182 842 4238 enim
860 4199 912 4238 nos
928 4185 1051 4239 arbitror
1068 4180 1202 4240 victoriae
1221 4181 1359 4254 praemiis

240 4387 270 4442 *i
289 4393 349 4445 lam
367 4392 425 4447 vid.
444 4393 481 4450 A:
498 4393 635 4449 Matthiae
654 4395 688 4448 ad
707 4394 766 4451 cic.
786 4411 840 4466 pro
858 4393 936 4450 Sext.
956 4399 1000 4464 56,
1021 4397 1080 4452 120.
1100 4413 1128 4466 p·
1151 4398 1210 4455 163·
