2856 5084
195 253 261 323 ³28
548 252 763 319 RIGHARDI
790 252 1000 317 BENTLEII

196 419 393 491 interpretum
410 434 530 472 acumen
548 419 730 472 soloecismus
747 419 854 490 latens;
880 435 967 489 quem
984 425 1082 471 tamen
1099 435 1185 502 sagax
1204 426 1234 471 et
1252 417 1353 471 inten-

196 501 243 546 tus
261 492 388 545 lectore
406 490 524 543 latebris
542 490 600 543 suis
617 491 789 560 protrahere
806 491 924 561 poterit.
959 490 1044 553 Quae,
1063 490 1168 560 inquit,
1188 489 1352 554 declinatio,

197 565 230 617 ei
248 577 310 616 eum
327 564 437 616 ratione
454 563 514 627 fiet3
540 560 588 612 cui
607 578 781 630 consequens
800 570 872 624 erat,
896 569 930 612 ut
954 560 1149 634 subiungeret,
1162 559 1196 616 ,S
1202 560 1213 611 i
1220 577 1238 613 n
1256 566 1353 612 autem

196 636 258 688 eine
276 633 403 685 rationes
421 632 502 703 atqui
520 631 569 683 hic
588 632 671 698 dixit,
690 647 777 701 quae
801 637 900 685 autem.
937 631 1022 683 Vides
1041 633 1153 717 opinor,
1171 627 1202 683 τὸ
1222 629 1355 683 σόλοικον

198 713 229 757 et
246 702 446 757 duaudlovtou:
467 719 560 772 neque
580 703 658 754 enim
675 709 708 774 τῇ
726 698 857 771 προτάσει
875 702 1029 771 respondet
1054 723 1069 769 η
1088 699 1230 760 ἀπόδοσις.
1268 701 1355 754 Haud

197 784 293 827 tamen
311 776 375 827 loco
395 789 465 842 quae
482 774 680 843 reponendum
698 790 797 826 censeo
816 776 874 827 ein:
904 773 952 825 sed
970 773 1027 824 alia
1043 775 1092 825 via
1116 773 1270 825 sanandum
1289 789 1352 826 esse

197 845 304 906 locum,
323 844 414 898 ablato
434 844 486 896 illo
504 845 542 900 si.
581 843 726 908 Quoniam,
752 845 857 911 inquit,
886 859 903 895 a
927 843 1010 896 malie
1035 850 1139 896 natura
1159 842 1352 907 declinamue3

197 931 269 988 quae
288 914 441 969 declinatio
461 931 529 967 cam
555 914 667 967 ratione
690 912 745 980 fiet,
774 918 866 968 cautio
889 915 1150 983 appelleturtquae
1178 921 1270 967 autem
1288 913 1352 966 eine

198 990 319 1051 ratione,
338 986 494 1039 nominetur
513 992 608 1038 metue.
640 986 727 1037 Plena
744 986 833 1038 dictio
852 987 938 1051 foret,
958 986 1001 1038 Ea
1020 984 1181 1052 declinatio,
1201 1000 1354 1054 quaecum

197 1057 311 1112 ratione
328 1059 374 1123 fiet
393 1067 446 1109 etc.
483 1055 569 1107 Nihil
588 1056 704 1108 certius.

269 1128 341 1183 lbid.
378 1126 542 1180 Praesentis
569 1133 660 1180 autem
684 1127 762 1191 mali,
790 1125 925 1196 sapientis
943 1124 1053 1192 affectio
1078 1126 1157 1179 nulla
1181 1133 1235 1178 eet:
1265 1125 1354 1178 stulti

197 1207 292 1255 autem
309 1201 461 1266 aegritudo
479 1203 520 1250 eet
539 1213 581 1259 ea,
611 1214 665 1266 qua
684 1196 854 1266 afficiuntur
879 1197 911 1251 in
928 1198 1011 1250 malie
1029 1196 1161 1264 opinatis,
1189 1196 1355 1265 animaeque

198 1270 368 1336 demittunt]
406 1270 504 1322 Etiam
531 1267 581 1320 hic
605 1269 787 1321 soloecismus
815 1276 867 1332 est,
896 1277 925 1321 et
948 1268 1046 1338 priore
1075 1269 1191 1336 quidem
1218 1269 1354 1333 crassior,

196 1341 268 1394 licet
286 1342 378 1394 aciem
396 1340 591 1408 interpretum
610 1337 755 1414 effligerit.
791 1339 960 1406 Aegritudo,
986 1339 1036 1403 ait,
1061 1340 1183 1403 stulti,
1209 1353 1264 1406 qua
1289 1340 1356 1404 af·
1417 1347 1422 1356 '

197 1410 377 1479 ficiuntur
402 1417 428 1463 et
452 1408 652 1462 demittunt.
690 1411 824 1463 Placetne
849 1408 922 1462 boc?
953 1409 1101 1463 enimvero
1124 1417 1173 1460 aut
1199 1410 1355 1461 stultorum

198 1498 253 1552 qua
272 1481 445 1547 afficiuntur,
470 1487 518 1531 aut
542 1479 679 1545 vicissim,
706 1481 791 1533 etutta'
810 1496 863 1547 qua
887 1480 1024 1546 afficitur,
1049 1481 1110 1540 sine
1133 1479 1217 1531 dubio
1237 1479 1355 1531 dictum

196 1553 336 1633 oportuit.
372 1551 433 1603 Hoc
456 1549 596 1620 primum:
624 1551 699 1604 illud
723 1552 826 1604 deinde
851 1551 1061 1621 contemplare,
1090 1549 1254 1605 Praesentia
1278 1551 1355 1604 mali

196 1624 331 1692 sapientie
350 1620 462 1689 affectio
481 1622 557 1673 culta
575 1626 623 1673 eet.
661 1621 746 1688 Quae,
773 1622 892 1686 malurn,
921 1622 1043 1675 scabies?
1074 1639 1160 1690 quam
1184 1638 1272 1691 prava
1291 1639 1354 1673 ain-

195 1693 340 1767 biguitas?
376 1698 473 1767 Apage
493 1693 561 1743 istos
579 1692 745 1763 genitivose
766 1702 795 1745 ct
813 1709 921 1761 repone
945 1709 1009 1746 ineo
1033 1692 1173 1761 periculo,
1201 1692 1288 1743 unius
1313 1693 1356 1743 li·

195 1772 275 1816 terae
295 1763 482 1839 migratione:
503 1761 666 1815 Praesentie
685 1770 778 1817 autem
797 1765 869 1816 mali
887 1763 1050 1831 capienti
1068 1762 1179 1830 affectio
1192 1763 1270 1816 nulla
1290 1770 1352 1817 eet:

195 1836 320 1889 stultis
337 1840 427 1887 autem
446 1833 594 1900 aegritudo
614 1841 654 1886 eet
672 1850 715 1900 ea,
744 1850 799 1903 qua
826 1833 991 1898 afficiuntur
1010 1843 1064 1887 etc.
1103 1833 1169 1899 Quis
1192 1833 1263 1886 huic
1282 1850 1353 1886 con-

194 1905 323 1959 iecturae
341 1904 427 1958 fidem
454 1922 559 1978 negare
584 1905 677 1956 ausit?
713 1905 850 1958 Ceterum
873 1904 994 1971 sapienti
1017 1905 1093 1957 dixit
1111 1921 1230 1957 numero
1249 1905 1352 1978 singu-

194 1975 265 2042 lari;
292 1975 359 2046 quia
377 1975 470 2028 omnis
492 1975 603 2046 sapiens
623 1984 665 2028 est
683 1975 856 2040 uniusmodi,
883 1976 1033 2028 stultarum
1056 1992 1126 2028 vero
1154 1984 1219 2027 sunt
1239 1993 1352 2050 genera

195 2047 321 2100 infinita.
602 2069 608 2076 ·

266 2118 338 2187 Gap
354 2120 379 2171 7.
416 2115 489 2169 Nam
507 2114 536 2168 ei
554 2115 616 2185 quie
634 2115 807 2189 daleateiue
826 2118 908 2170 redae
933 2115 1080 2182 secundia·
1098 2135 1114 2168 a
1134 2134 1190 2186 quo
1209 2116 1270 2186 ipse
1289 2121 1352 2171 lae-

195 2188 292 2253 datur,
311 2187 366 2241 nan
384 2194 456 2240 recte
476 2188 586 2240 dicitur
605 2187 743 2252 invidere,
770 2193 799 2240 ut
818 2190 846 2240 ei
863 2188 982 2240 Hectori
1001 2187 1215 2254 Agamemnon]
1253 2188 1352 2242 Codex

195 2267 262 2311 tuus
281 2259 391 2312 dicetur
410 2258 541 2322 exhibet,
569 2259 645 2325 quod
662 2258 708 2310 illi
727 2267 876 2327 acceptum
894 2260 1068 2323 referemus3
1092 2267 1188 2312 cetera
1216 2259 1256 2311 sic
1275 2260 1352 2333 legi-

194 2347 258 2381 mus
277 2347 313 2380 ex
331 2328 504 2382 coniectura.
543 2326 618 2380 Nam
641 2326 668 2379 ei
694 2327 756 2394 quie
781 2329 878 2382 doleat
897 2331 956 2382 eine
975 2329 1057 2380 rebus
1084 2329 1214 2382 secundis
1231 2345 1248 2382 a
1267 2331 1352 2396 quti-

195 2401 257 2456 due
275 2401 334 2468 ipse
353 2400 490 2464 laedatur,
511 2415 566 2451 non
582 2405 657 2451 recte
677 2399 696 2450 d
702 2400 816 2452 icetu'r
834 2399 968 2464 invidere,
987 2405 1017 2451 ut
1036 2398 1063 2451 si
1082 2401 1253 2452 llectorie
1267 2400 1353 2468 Aga·

194 2486 328 2525 memnon.
366 2468 476 2534 Scribe,
497 2470 625 2538 inquam,
644 2485 662 2520 α
681 2470 780 2536 quitur
799 2469 937 2535 laedatur,
957 2478 985 2522 et
1005 2471 1085 2522 refer
1102 2471 1136 2523 ad
1151 2472 1234 2523 redae
1252 2487 1352 2524 secan·

195 2539 256 2594 die:
286 2542 327 2593 sic
354 2541 433 2594 enim
460 2540 572 2608 locutus
600 2548 642 2592 est
669 2540 700 2590 in
722 2542 828 2609 protasi
849 2541 936 2595 huius
955 2542 1124 2607 sententiae,
1147 2541 1279 2594 Alterius
1302 2557 1352 2594 ree

194 2612 330 2670 secundae
369 2626 431 2664 uae
449 2608 521 2666 nitu
537 2616 688 2663 noceant
707 2609 855 2675 invidenti,
876 2620 904 2663 et
922 2628 997 2676 rrrox,
1027 2611 1082 2666 Cui
1108 2610 1232 2666 alteriue·
1253 2627 1352 2664 com-

194 2699 244 2735 mo
256 2683 299 2735 da
317 2629 389 2734 ntitt
406 2688 564 2734 noceant.
598 2679 678 2745 Quod
695 2681 720 2732 si
737 2681 794 2734 hoc
812 2682 878 2733 satis
897 2682 1017 2747 clarum,
1037 2682 1111 2734 illud
1130 2681 1220 2752 adhuc
1240 2682 1350 2735 clarius

196 2760 248 2818 est,
268 2752 344 2821 quod
362 2752 503 2821 sequitur,
534 2751 570 2805 Ut
587 2753 615 2804 ei
632 2751 763 2804 Hectoris
781 2751 990 2818 Agamemnon3
1017 2753 1092 2821 quod
1114 2752 1154 2804 sic
1172 2752 1258 2821 plene
1279 2752 1352 2807 effe-

195 2840 251 2890 ras,
273 2823 309 2878 Ut
326 2824 502 2881 eiHectorie
518 2823 602 2874 rebus
620 2822 748 2886 secundis
775 2824 865 2875 doleat
883 2825 1086 2891 Agamemnon.
1123 2823 1162 2874 At
1186 2823 1210 2874 si
1228 2823 1351 2876 Hectori

194 2892 280 2968 legis,
303 2885 375 2946 haec
399 2894 513 2946 demum
537 2892 637 2944 evadet
664 2894 765 2956 oratio,
790 2893 852 2947 Nan
875 2901 946 2947 recte
973 2894 1080 2947 dicetur
1102 2892 1236 2958 invidere,
1265 2901 1296 2946 ut
1321 2896 1351 2948 ei

192 2963 313 3088 {lectori
340 2962 466 3019 inuideat
489 2963 689 3030 Agamemnon.
737 2963 816 3029 Quod
840 2965 973 3035 ineptum
997 2972 1055 3031 est,
1085 2972 1114 3016 et
1139 2964 1278 3017 Cicerone
1303 2966 1350 3016 in-

214 3055 225 3086 r
267 3053 325 3090 um.
1260 3064 1264 3072 ι

226 3053 332 3174 gnCap.
352 3107 378 3161 8.
416 3103 560 3169 Definiuut
581 3104 740 3170 Terrorem,
759 3113 862 3159 metam
879 3105 1090 3159 concutientem:
1117 3121 1151 3158 ea
1175 3122 1223 3174 qua
1249 3106 1290 3171 fit,
1317 3113 1350 3160 ut

191 3175 329 3245 pudorem
347 3175 443 3236 rabor,
463 3180 602 3228 terrorem
618 3176 713 3242 pallor
731 3182 758 3228 et
777 3184 881 3230 tremor
904 3184 930 3229 et
958 3178 1081 3232 dentium
1105 3179 1228 3245 crepitus
1254 3192 1352 3231 conee-

159 3303 162 3309 ,
194 3245 316 3317 quatur]
351 3245 437 3297 Nihil
455 3246 573 3315 pravius
591 3245 645 3298 hac
664 3246 789 3299 lectione
807 3248 855 3300 vel
880 3246 1014 3299 insulsius
1038 3247 1112 3321 fingi
1137 3256 1239 3317 potest.
1277 3248 1351 3301 Vide

194 3317 273 3368 enim
297 3315 359 3380 illa,
397 3317 440 3369 lix
466 3331 518 3383 quo
547 3316 620 3382 (scil.
645 3318 770 3382 terrore)
801 3319 848 3383 fit,
876 3323 906 3370 at
930 3318 1066 3384 pudorem
1089 3319 1173 3370 rubor
1205 3325 1348 3388 sequatur.

195 3386 278 3454 Quid,
303 3387 421 3453 malum,
449 3387 558 3439 terrori
586 3387 652 3438 crim
674 3388 803 3458 pudore?
841 3389 894 3440 Hic
913 3389 1138 3462 coniunguntur
1163 3388 1301 3444 doiorum
1320 3397 1350 3442 et

194 3455 393 3513 diisociabilia.
429 3456 480 3512 Sic
498 3465 594 3509 tamen
612 3457 711 3522 Aldus,
734 3459 899 3521 Lambinus,
928 3458 1100 3513 Gebhardus'
1120 3460 1271 3524 dederunt,
1299 3478 1351 3514 ne·

195 3547 252 3598 que
270 3530 302 3580 in
320 3545 393 3580 nuce
412 3527 478 3580 duri
497 3528 652 3598 quidquam
671 3539 828 3588 senserunt.
866 3531 905 3582 At
931 3547 988 3583 non
1014 3531 1055 3582 ita
1073 3530 1230 3596 Victorius,
1255 3547 1350 3600 neque

195 3599 284 3651 codex
308 3606 374 3650 tuus
401 3599 538 3668 scriptus3
562 3600 604 3651 sic
623 3600 702 3651 enim
721 3609 799 3653 recte
823 3600 937 3665 babent,
965 3601 1010 3653 Ea
1029 3616 1081 3669 qua
1099 3602 1139 3666 fit,
1164 3608 1196 3654 ut
1211 3602 1350 3670 pudorem

193 3669 287 3734 rubor,
308 3669 361 3722 sic
385 3673 518 3721 terrorem
534 3670 631 3737 pallor
649 3677 675 3722 et
694 3676 842 3724 tremeret
861 3671 983 3724 dentium
1001 3670 1125 3737 crepitue
1150 3678 1347 3741 consequatur.

194 3739 252 3794 Ubi
270 3739 346 3792 illud
364 3739 484 3808 insuper
501 3741 795 3807 animadvertendum,
822 3742 949 3811 Ellipsin
972 3741 1022 3794 hic
1041 3742 1107 3794 fieri
1133 3743 1350 3796 coniunctionis

194 3813 239 3863 u‘t.
275 3810 362 3864 Plena
381 3810 489 3880 quippe
504 3810 598 3876 ‚oratio
618 3811 658 3862 sic
677 3813 762 3876 foret,
786 3813 831 3866 Ea
850 3828 903 3881 qua
921 3814 961 3878 fit,
980 3821 1021 3878 ut,
1050 3819 1080 3865 ut
1101 3815 1232 3881 pudorem
1251 3815 1349 3880 ruder,

193 3881 236 3934 eic
261 3886 398 3935 terrorem
418 3881 517 3950 pallor
540 3887 589 3934 etc.
618 3889 810 3951 consequatur.
853 3884 913 3949 Qua
935 3883 1052 3953 Ellipsi,
1079 3885 1136 3936 nisi
1165 3901 1216 3938 nos
1239 3884 1350 3938 fallunt

194 3953 382 4022 exernplaria,
401 3970 483 4022 saepe
501 3952 596 4004 utitur
614 3952 725 4006 Cicero.

183 4041 190 4048 ’
265 4024 335 4078 ibid.
373 4023 417 4075 Ea
436 4040 486 4091 quo
504 4022 579 4076 illud
596 4024 694 4088 Ennii,
1355 4076 1358 4081 .

381 4096 450 4147 Tum
464 4109 556 4162 pauor
573 4095 743 4163 sapientiam
762 4092 831 4148 milti
847 4111 946 4148 omnem
965 4113 999 4150 ea
1018 4097 1112 4151 animo
1131 4097 1311 4165 expectorat]
1418 4151 1419 4159 ἵ

194 4163 337 4217 Gruterus
362 4166 421 4235 ipse
447 4184 481 4218 ex
506 4166 644 4231 omnibus,
669 4174 703 4219 ut
726 4173 835 4229 narrat,
859 4168 961 4231 Msstis,
992 4168 1153 4221 eaanineato
1178 4168 1281 4232 edidit,
1304 4170 1349 4222 De

195 4235 314 4288 Oratore
333 4233 448 4301 111‚·3e,
468 4238 510 4293 58.
541 4253 627 4306 quam
651 4233 808 4289 lectionem
827 4236 980 4293 Trechaici
1003 4240 1092 4292 metri
1117 4239 1195 4311 leges
1218 4240 1349 4294 aversari

193 4312 227 4355 tu
245 4305 399 4358 arbitratus
417 4325 455 4362 es.
491 4307 547 4360 Sed
564 4308 644 4362 aliud
660 4316 724 4360 tum
743 4308 856 4383 agebas:
875 4310 965 4379 probe
984 4311 1061 4362 enim
1075 4326 1206 4374 noveras,
1225 4311 1256 4364 td
1268 4309 1350 4365 Mtte·

194 4376 269 4443 opud
286 4376 423 4452 Tragicos
443 4378 631 4450 Cornicosque
655 4381 836 4450 frequentius
858 4375 1232 4458 proferriporoavllaissaa,
1257 4399 1348 4451 quam
