2856 5084
217 251 278 362 iss
420 285 647 353 cressonis
668 283 918 351 ruscuunu.
940 282 1170 349 msrursr.

212 459 324 523 darer!
348 455 453 539 Quam
474 452 555 516 huic
576 462 649 514 erat
668 453 846 529 miserum,
876 466 992 514 carere
1018 447 1260 512 consuetudine
1283 452 1366 513 ami·

215 562 345 617 corum,
367 538 527 600 societate
547 535 667 613 victus,
697 549 851 597 sermone
879 535 1015 597 omnino
1038 534 1213 598 familiari!
1236 533 1366 599 homini

213 623 412 708 praesertim
434 618 532 680 docto
553 639 571 680 a
593 634 700 700 puero
723 627 757 682 et
777 617 905 680 artibus
927 619 1083 702 ingenuis
1105 614 1249 679 erudito.
1287 617 1366 679 Mu·

211 712 359 774 sicorum
373 722 455 766 vero
476 700 739 785 perstudiosum,
760 703 890 783 poitam
905 702 1005 762 etiam
1026 703 1192 786 tragicum
1203 730 1249 748 ---v
1266 721 1366 782 quam

211 873 391 940 usmtaaer,
409 871 494 927 vind
514 875 540 927 2.
560 870 764 927 describeres!
799 871 974 941 Imperfecto
1001 870 1187 928 coniunctivi
1205 872 1299 926 utitur
1316 881 1365 943 ty-

211 957 327 1012 rannus,
351 945 403 1016 qui
427 945 458 998 id
472 944 547 999 'lieri
571 958 655 1013 posse
677 944 739 1014 ipse
762 942 902 1012 desperat.
938 943 980 1001 De
998 942 1052 996 hac
1071 943 1285 998 construetione
1302 944 1365 997 lau·

175 1022 177 1026 ⁸
210 1020 260 1074 dat
277 1017 429 1073 sunnonis
446 1016 483 1070 G.
503 1017 701 1068 Hermaunum
724 1013 759 1067 ad
776 1015 872 1088 Viger.
892 1033 920 1085 p.
942 1017 1001 1069 ⁷56.
1022 1032 1064 1083 sq·
1101 1015 1162 1068 Mu.

280 1090 382 1154 Docta,
402 1096 569 1155 stupuere
588 1086 696 1139 artibus
712 1085 846 1154 ingenuis
864 1082 983 1148 erudita]
1020 1085 1068 1140 Sic
1087 1086 1129 1139 Gl.
1149 1084 1307 1150 Bentleius,
1326 1093 1365 1152 et,

210 1170 244 1215 ut
289 1169 350 1226 uto,
383 1156 618 1212 commodissime.
665 1157 758 1232 Vulgo
783 1157 862 1211 dorla
887 1173 906 1210 a
929 1172 1017 1226 puero
1043 1165 1072 1209 et
1098 1157 1207 1210 artibus
1231 1158 1366 1234 ingenuis

209 1249 263 1287 eru
284 1233 333 1285 'to.
370 1229 407 1283 D.
1287 1283 1300 1290 .

209 1350 213 1359 ,
281 1303 360 1356 docta
378 1318 396 1354 a
411 1299 516 1369 puero]
545 1298 695 1366 „Vaticam
721 1300 806 1354 dato
830 1315 848 1352 a
870 1296 988 1368 puero.“
1015 1297 1096 1353 Gedlu
1137 1300 1264 1354 Bentleii
1291 1301 1365 1355 mihi

207 1373 354 1429 correctio
372 1372 524 1424 admodum
541 1369 659 1422 videtur
675 1370 861 1440 probabilis.“
880 1368 970 1424 Boua.
1006 1370 1108 1436 „Quod
1125 1371 1204 1424 dedit
1221 1371 1291 1425 Dar.
1311 1390 1363 1447 ego

209 1460 445 1516 quoqueverum
459 1439 564 1513 puto.“
583 1441 652 1495 Era.
689 1443 862 1506 „Molestum
881 1450 924 1495 est
941 1457 961 1494 a
975 1457 1072 1509 puero.
1110 1443 1208 1495 lllalim
1227 1449 1261 1497 et
1279 1460 1363 1498 aera

208 1519 320 1570 etiam
343 1515 453 1568 artibus
472 1514 605 1582 ingenuis
628 1512 768 1567 erudito.“
798 1512 909 1566 Nissen.
947 1514 1068 1583 Recepit
1094 1514 1182 1567 etiam
1209 1514 1363 1570 Schiitzius

208 1586 335 1641 Bentleii
353 1586 558 1649 coniecturam,
589 1601 643 1636 nec
668 1601 738 1637 vero
757 1585 902 1640 FAWolf.
923 1584 970 1637 Or.
990 1584 1079 1639 Nobb.
1099 1584 1173 1641 Tbn.
1196 1603 1290 1656 neque
1308 1603 1361 1662 ego

132 1683 137 1690 ³
208 1658 366 1727 quidquam
390 1657 558 1708 mutandum
584 1656 683 1708 censui
710 1665 810 1708 contra
836 1657 1022 1726 optimorum,
1050 1655 1099 1709 vel
1118 1657 1213 1727 potius
1232 1658 1362 1711 omnium

209 1729 296 1788 Godd.
321 1728 531 1781 auctoritatem.
570 1727 629 1780 Cur
656 1727 735 1791 enim
759 1741 880 1798 apuera
899 1728 994 1780 doctus
1016 1743 1074 1780 non
1092 1727 1256 1802 significare
1272 1730 1363 1800 possit

207 1800 285 1870 apud
301 1801 469 1854 Ciceronem
493 1795 628 1851 bominem
646 1798 712 1851 iude
730 1814 748 1850 u
769 1797 896 1865 pueritia
920 1798 1068 1852 literarum
1091 1799 1193 1852 studiis
1210 1799 1366 1855 imbutum?

202 1869 336 1946 Pergunt
361 1869 436 1926 Eddss-
452 1870 481 1921 P.
501 1869 534 1922 A.
554 1871 585 1921 B.
606 1869 634 1923 S.
656 1870 691 1920 Ε.
709 1869 739 1922 C.
764 1870 835 1921 Ven.
863 1872 952 1925 nostr.
978 1870 1041 1923 Asc.
1063 1874 1086 1924 1.
1106 1873 1144 1944 ²5
1162 1872 1243 1928 Junt.
1262 1873 1360 1928 Herw.
1381 1913 1385 1920 -

206 1939 399 1996 institutis
421 1945 448 1992 st
474 1940 591 1994 artibus.
630 1939 685 1993 Sed
710 1958 738 2015 r.
757 1939 897 1994 institutis
919 1956 986 1994 non.
1001 1951 1158 2017 agnoscunt
1176 1943 1268 1997 Godd..
1281 1943 1360 1998 MSS.

206 2014 334 2068 Inuus,
354 2016 380 2068 2.
401 2019 443 2064 est
459 2010 590 2079 ingeniis
607 2023 660 2082 pro
678 2012 819 2079 ingenuis.
856 2012 916 2064 Mr.

278 2084 459 2138 Musicarum
479 2099 543 2136 uera
558 2081 775 2151 perstudiosum,
797 2089 908 2151 poetam
927 2084 1011 2137 etiam
1034 2084 1203 2152 tragicum]
1238 2086 1361 2152 „Malui-

206 2171 270 2208 mus
289 2154 469 2217 duasotoa'dcp
488 2153 571 2206 hiare
591 2153 758 2218 orationem,
784 2171 870 2222 quam
888 2153 1013 2206 aliorum
1033 2154 1159 2210 tolerare
1177 2156 1359 2229 glossemata:

207 2226 392 2279 inculcarunt
415 2224 623 2292 perstudiosum
649 2223 815 2292 accepimus,
845 2224 898 2293 qui
916 2240 1029 2347 semper
1049 2227 1161 2296 aliquid
1183 2228 1359 2282 desiderant:

187 2298 284 2367 ‚quod
302 2297 382 2367 'quia¹
398 2295 520 2348 eiiciunt
545 2297 672 2366 quinque
696 2294 767 2349 Pall.
787 2295 927 2361 vatican,
946 2304 975 2348 to
992 2297 1166 2363 erundumne
1185 2300 1233 2352 cui
1250 2300 1360 2352 videbi·

204 2363 401 2421 turt“·Gedls.
438 2366 612 2434 „Equidem
640 2383 706 2419 cuin
730 2367 862 2419 nonnulli
885 2366 955 2419 libri
972 2367 1051 2438 MSS.
1072 2377 1101 2421 et
1118 2368 1173 2423 Ed.
1198 2387 1261 2423 mea
1278 2380 1360 2425 vetus

208 2439 362 2492 exhibeant
377 2437 580 2505 perstudiosum
597 2439 761 2505 occepimus,
781 2438 842 2490 sine
861 2437 1032 2492 difficultate
1051 2439 1127 2493 illud
1143 2441 1264 2496 verbum
1283 2460 1361 2496 rece-

206 2510 313 2581 perim,
344 2509 421 2631 quold
444 2508 635 2577 necessarium
663 2517 714 2574 est,
748 2508 804 2560 nisi
827 2509 913 2579 plura
940 2511 1028 2563 etiam
1055 2519 1084 2565 et
1110 2506 1218 2564 madore
1247 2523 1360 2567 mutare
1409 2551 1412 2555 ·

205 2580 311 2634 relis.“
338 2580 426 2635 Bou·
542 2603 544 2607 ·

278 2650 456 2713 Musicarum
486 2662 553 2703 aera
579 2650 795 2717 perstudiosum,
827 2657 937 2719 paetum
965 2651 1051 2707 etiam
1079 2653 1238 2721 Tragtcsm,
1277 2670 1361 2723 quarn

157 2748 165 2767 x
207 2717 396 2777 bouum-,misit
411 2721 450 2774 ud
467 2721 536 2788 rens]
568 2721 644 2773 Haec
662 2721 740 2774 nihil
756 2722 870 2788 habent,
889 2742 906 2776 a
924 2740 980 2793 quo
997 2720 1146 2795 pendeant.
1165 2723 1273 2776 Eliens.
1295 2728 1362 2795 qui·

203 2794 272 2849 darn
291 2809 345 2846 seo.
367 2800 395 2845 et
413 2801 525 2845 veteres
545 2792 615 2845 editi
639 2791 715 2856 dant,
742 2795 910 2848 musicarum
933 2811 997 2848 uera
1020 2794 1225 2863 perstudiosum
1248 2799 1361 2866 accepi-

207 2881 285 2931 mus,
313 2863 424 2918 Paetum
448 2863 535 2916 etiam
562 2863 726 2930 Tragicum3
761 2880 844 2933 quam
870 2866 967 2919 danum
994 2865 1067 2921 uidit
1092 2867 1129 2920 ad
1151 2882 1218 2919 rem.
1262 2868 1360 2920 Etiam

203 2936 319 2989 Balliol.
346 2943 374 2989 et
398 2935 470 2988 Med.
497 2935 574 3000 dant,
594 2936 772 2988 ¹musicorum
795 2953 858 2989 aero
879 2937 1093 3006 perstudiosum.
1137 2936 1252 2991 Paetum
1276 2938 1360 2992 etiam

205 3007 362 3074 ,Tragicum
380 3007 548 3076 accepimus.
577 3006 621 3058 lta
640 3007 757 3076 quidem
769 3016 848 3060 recte
866 3008 996 3077 procedit
1014 3009 1115 3073 oratio,
1135 3017 1164 3063 et
1180 3008 1236 3062 hoc
1248 3011 1360 3076 malim,

208 3095 295 3146 quam
314 3078 520 3129 balbutientem
537 3078 632 3130 facere
650 3077 790 3131 Tullium.
829 3079 902 3132 Cum
919 3089 1017 3131 tannen
1036 3093 1098 3131 eam
1113 3097 1213 3133 rocem
1231 3082 1358 3134 nesciant

206 3149 316 3216 reliqui
328 3148 462 3211 Codices3
482 3155 510 3200 st
528 3146 597 3199 Bak.
618 3157 716 3201 noster
734 3149 866 3203 exhibeat
881 3157 1073 3220 pastaeque
1091 3150 1177 3204 etiam
1195 3151 1357 3220 Tragicum,

206 3220 283 3273 forte
310 3227 408 3271 noster
438 3218 555 3288 scripsit
581 3219 755 3273 Musicarum
786 3237 851 3274 aero
876 3222 1059 3288 perstudiose,
1090 3221 1243 3292 Paulusque
1272 3222 1358 3277 etiam

206 3288 342 3358 Tragisa,
372 3305 453 3359 quam
472 3289 540 3343 douo
558 3287 630 3343 uidit
646 3291 686 3344 ud
703 3307 777 3355 rem3
804 3301 837 3344 ut
860 3291 929 3345 haec
947 3309 1014 3345 cum
1041 3294 1235 3364 superioribus
1254 3312 1358 3349 conne-

203 3362 329 3417 ctantur.
366 3361 447 3414 Idem
466 3361 509 3416 cl.
528 3361 659 3415 Bentleio
686 3362 801 3432 placere
823 3363 925 3416 rideo.¹
952 3364 990 3416 D.

201 3455 206 3462 ¹
276 3431 453 3486 Musicarum
470 3448 536 3486 aero
551 3432 759 3501 perstudiosum
779 3460 811 3476 «-
830 3467 862 3477 -
883 3437 1026 3502 tragicum
1044 3434 1211 3505 accepimus]
1249 3435 1359 3502 „Addi-

84 3498 103 3547 ι’
203 3505 297 3556 dimus
317 3521 332 3556 e
352 3503 428 3557 MSS.
452 3512 514 3555 tum
541 3503 616 3567 aliis,
644 3513 707 3556 tum
726 3504 824 3557 Guelf·
839 3513 879 3564 ,et
905 3506 976 3558 Edd.
1001 3515 1073 3559 vett.
1100 3507 1216 3561 Mediol.
1241 3507 1358 3577 Juntae,

203 3574 363 3627 eleuter.
384 3584 439 3628 etc.
467 3577 631 3642 accepimus.
670 3577 744 3628 Nam
763 3576 835 3628 alias
854 3593 911 3628 non
931 3586 983 3642 est,
1012 3578 1087 3630 unde
1106 3577 1271 3632 Accusativi
1288 3599 1359 3651 pen·

203 3647 299 3697 deant.
316 3647 440 3698 Facilius
454 3655 524 3710 erat,
542 3646 613 3727 baec
624 3647 800 3720 coniungere
810 3648 1004 3716 superioribus
1017 3649 1071 3702 sic:
1091 3667 1126 3702 m.
1140 3668 1165 3702 a.
1181 3652 1358 3719 perstudioso

203 3721 231 3768 et
247 3721 344 3782 podiae
362 3719 445 3771 etiam
465 3723 592 3785 tragica:
612 3721 688 3787 quam
707 3719 784 3783 bana,
805 3717 880 3772 astu
897 3719 1016 3784 adrem,
1036 3728 1069 3772 ut
1086 3719 1217 3789 placebat
1227 3723 1358 3780 Bentleio

205 3797 234 3841 et
251 3789 399 3842 Davisio.“
424 3790 488 3841 Ean.
528 3789 891 3859 „Priusquamaccepimus
910 3807 945 3841 ex
962 3791 1036 3843 Edd.
1054 3796 1127 3845 'vett
1148 3801 1176 3844 et
1195 3792 1272 3846 MSS.
1294 3797 1359 3864 qui-

124 3880 125 3884 *
202 3859 318 3912 busdam
343 3861 472 3917 additum
495 3860 639 3924 vidissem,
672 3861 851 3914 coniecersun
870 3861 1010 3915 traditum
1027 3879 1081 3932 pro
1101 3862 1272 3932 tragicum.“
1290 3866 1359 3920 Nis-

203 3947 260 3985 sen,
291 3931 444 3984 Schiitaius
470 3932 595 3984 servavit
619 3931 774 3984 lectionem
800 3932 872 3990 Edd.
899 3940 970 3985 vett.
999 3942 1028 3985 et
1052 3934 1178 3999 Ernesti,
1211 3937 1262 4005 qui
1288 3955 1358 3992 vero

203 4005 359 4070 accepimus
377 4020 434 4056 nou
449 4008 515 4072 *post
533 4003 671 4070 tragicum
688 4003 794 4073 posuit,
812 4012 847 4054 ut
866 4021 901 4054 ex
920 4004 981 4056 eius
999 4004 1133 4058 lemmate
1151 4015 1247 4058 annot.
1268 4009 1361 4060 conii-

171 4092 173 4096 *
203 4074 270 4142 cias,
290 4075 338 4127 sed
356 4079 419 4145 post
434 4074 650 4141 perstudiosum.
673 4106 703 4116 -
741 4074 941 4139 „Musicarum
966 4077 1008 4128 ait
1026 4076 1171 4131 FAWolf.
1192 4073 1224 4128 in
1242 4079 1358 4148 scholis,

203 4154 245 4197 est
264 4145 479 4216 substantivum
497 4157 561 4218 gen.
581 4154 675 4198 neutr.
696 4142 728 4197 sai
747 4141 897 4217 μουσικά.“
924 4147 1004 4200 Idem
1022 4148 1052 4199 in
1071 4147 1156 4213 libro,
1176 4166 1263 4217 quem
1273 4169 1360 4222 supra

141 4246 144 4255 s
202 4215 387 4282 laudavimus,
408 4217 435 4270 S.
455 4217 486 4268 F.
507 4218 558 4273 W.
580 4216 745 4270 Hoffmanni
770 4218 819 4284 (F.
841 4217 873 4270 Α.
894 4219 1016 4274 Wolfs
1040 4219 1156 4271 Darst.
1186 4220 1212 4276 d.
1232 4220 1359 4275 Alter-

202 4285 576 4345 thutns-Wissensch.
597 4298 651 4344 cet.
671 4289 748 4358 Llps.
771 4287 860 4352 1833.)
877 4309 905 4360 p.
926 4293 960 4346 97
980 4309 1022 4358 sq.
1061 4291 1134 4354 „Est
1158 4292 1357 4359 ssessionem,

203 4357 259 4424 ait,
288 4374 346 4411 non
365 4359 442 4412 enim
460 4358 566 4412 habent
584 4360 670 4412 verba
695 4359 866 4414 musicarum
886 4361 1100 4428 perstudiosum,
1128 4368 1245 4429 paetum.
1264 4369 1359 4434 trogi-

203 4442 273 4493 cum,
292 4429 367 4483 unde
385 4429 536 4501 pendeant.
571 4432 650 4484 Naun—
664 4431 819 4499 accepimus
837 4432 976 4485 adscitum
996 4441 1038 4484 est
1057 4450 1071 4485 e
1090 4433 1269 4512 glossemate,
1290 4454 1359 4507 qua·
