2856 5084
202 283 268 354 334
372 361 376 368 ¹
555 280 769 351 RIGHARDI
794 283 1005 350 BENTLEII

202 449 269 505 viro
286 449 422 515 maximo,
446 458 475 505 st
494 464 561 504 cum
578 449 721 518 doctrina,
745 457 808 504 tum
825 451 935 505 virtute
954 457 984 503 et
1000 449 1141 524 dignitate
1159 448 1361 503 illustrissimo

203 520 388 577 Ezechieli
404 519 613 590 Spunbemio
631 523 755 576 obiicere
775 538 834 576 non
852 522 967 575 erubuit
984 521 1176 575 homunculus
1194 520 1361 575 eruditione

202 592 355 660 mediocri,
388 592 506 666 ingenio
529 594 619 646 nullo.
657 595 731 647 Nam
750 594 828 664 quod
850 611 898 647 me
917 592 1016 648 eadem
1033 593 1176 651 calumnia
1194 608 1361 667 aspergere,

204 673 235 720 et
251 682 308 718 una
325 680 393 716 eum
409 667 503 718 Herae
530 665 583 717 illo
602 665 779 739 coniungere
796 665 902 731 voluit,
934 681 1067 750 magnam
1091 681 1157 717 sane
1173 672 1209 718 eo
1232 663 1361 738 gratiam

205 751 230 808 a·
246 752 293 789 me
319 735 417 802 inivit,
443 735 735 807 quod'maledictum
759 735 915 790 vehemens
938 736 1092 788 arbitratus
1118 743 1168 790 est.
1205 735 1269 857 qu
1287 750 1360 787 vero

205 823 300 876 neque
317 804 374 860 hoo
393 826 459 861 eum
477 826 493 861 a
510 807 617 860 Douzis
635 806 805 877 surripuisse
823 805 932 874 dixero,
950 823 1045 877 neque
1063 806 1137 859 illud
1146 806 1262 863 Tuscu.
1279 806 1320 872 II,
1333 809 1358 860 7.

204 877 285 932 uirus
307 878 430 933 uulneris
453 896 470 931 a
486 878 636 932 Gerhardo
659 878 772 932 vossio:
806 893 904 932 omnes
928 879 1006 932 enim
1031 878 1063 928 in
1081 878 1172 930 multa
1190 877 1359 944 incidimus,
1400 898 1403 902 2

205 950 365 1003 nescientes
383 951 436 1003 illa
453 951 511 1002 iam
528 950 562 1002 ab
580 950 645 1003 aliis
664 966 723 1002 esse
742 958 888 1020 occupata.
923 948 971 1015 At,
990 949 1066 1017 quod
1081 964 1153 1002 vero
1171 948 1288 1001 demum
1307 963 1361 1018 op-

226 1020 322 1073 robrio
346 1038 405 1074 esse
429 1021 521 1088 debet,
549 1029 705 1091 utrumque
734 1019 790 1075 hoc
816 1019 983 1074 mendosum
1007 1035 1066 1072 esse
1093 1020 1158 1072 dico
1188 1028 1275 1089 atque
1303 1019 1359 1071 illo

205 1037 235 1146 gi
259 1109 337 1148 num.
375 1090 542 1156 [Invehitur
562 1092 592 1145 h.
612 1093 633 1148 l.
660 1093 808 1146 Bentleius
836 1092 868 1144 in
891 1089 1029 1145 Jacobum
1056 1087 1264 1154 Gronovium.]
1300 1089 1360 1143 Sed

205 1108 302 1229 redeo,
328 1162 404 1216 unde
428 1164 560 1217 abieram.
603 1163 743 1233 Iosephus
768 1162 908 1238 Scaliger,
934 1162 1015 1216 cuius
1032 1162 1190 1215 sententiae
1209 1178 1290 1214 suam
1308 1161 1360 1214 ad·

204 1233 307 1289 scribit
323 1233 421 1288 Douza
439 1235 528 1300 filius,
553 1235 595 1288 sio
612 1236 709 1289 locum
726 1235 859 1310 refingitt

373 1306 477 1360 Verum
494 1307 566 1361 illud
583 1307 667 1360 credo
685 1309 756 1374 fore,
780 1308 812 1362 in
831 1321 864 1358 os
877 1301 963 1374 prius
981 1304 1120 1374 accipiam
1138 1301 1214 1372 ipsa

370 1377 459 1432 Quam
476 1377 606 1446 gladium
627 1375 775 1442 stomacho,
801 1377 889 1429 sicam
904 1376 1077 1445 pulmonibus
1094 1375 1172 1430 sisto.

172 1487 174 1494 .
203 1441 284 1512 Quod
301 1444 362 1515 ipse
381 1447 423 1500 sic
441 1448 577 1518 explicat,
605 1446 698 1512 Prius,
724 1447 830 1517 inquit,
856 1447 992 1516 accipiam
1013 1448 1114 1501 sistere
1130 1443 1257 1514 gladium
1274 1442 1307 1497 in
1327 1456 1359 1499 oe

204 1513 352 1584 Samnitis,
377 1532 460 1588 quam
475 1520 569 1587 ipsum
586 1518 653 1573 sisto
676 1518 709 1573 in
723 1521 888 1587 pulmonem.
925 1519 988 1571 Hoc
1010 1519 1090 1570 enim
1112 1518 1199 1588 plane
1218 1514 1360 1591 gladiato·

202 1587 282 1641 riam
302 1589 385 1659 prius
409 1604 439 1642 os
460 1599 571 1661 petere,
602 1607 688 1662 quiam
714 1605 827 1660 corpus.
867 1588 1012 1658 Equidem
1035 1589 1145 1641 nollem
1165 1589 1222 1641 hoc
1249 1605 1265 1639 a
1290 1587 1358 1640 viro

199 1673 306 1743 ¹magno
330 1661 509 1730 profectuum
559 1663 624 1714 Iane
649 1661 728 1715 enim
750 1661 894 1732 pervertit
916 1661 1086 1714 sententiam
1111 1660 1180 1724 loci,
1212 1675 1286 1728 quae
1314 1664 1359 1711 est

201 1727 382 1799 huiusmodi3
400 1727 526 1786 Veretur
538 1679 593 1786 ito
610 1733 803 1798 Pacideianus,
820 1746 857 1784 ne
875 1732 936 1802 ipse
955 1729 1111 1784 adversarii
1129 1728 1258 1804 gladium
1276 1730 1308 1781 in
1327 1744 1358 1781 os

201 1815 287 1853 suum
304 1801 386 1872 prius
404 1801 536 1872 accipiat,
555 1820 640 1874 quam
658 1803 788 1879 gladium
808 1819 891 1854 suum
909 1801 939 1854 in
957 1801 1153 1855 stomacho‘ac
1170 1800 1357 1871 pulmonibus

151 1872 152 1875 ’
201 1870 359 1926 adversarii
377 1871 467 1928 sistat.
486 1874 631 1928 Gurhoc?
650 1875 715 1942 quia
733 1873 791 1939 odi,
810 1874 916 1943 inquit,
935 1871 1080 1939 bominem,
1099 1875 1126 1925 et
1141 1872 1237 1927 iratus
1251 1885 1356 1938 pugno.
1403 1913 1404 1916 ,

202 1941 313 1997 Notum
332 1951 376 1997 est
393 1953 500 2012 autem,
525 1946 576 2015 qui
594 1946 690 1999 animo
709 1945 899 1999 concitatiore
917 1952 1056 2020 pugnant,
1080 1961 1138 1997 nou
1160 1951 1221 1995 tam
1238 1943 1294 1996 sibi
1312 1959 1359 1995 ca·

200 2028 280 2080 vere,
308 2032 395 2085 quam
416 2017 466 2069 rel
490 2017 623 2087 periculo
647 2033 697 2070 suo
724 2015 816 2070 hostis
845 2016 966 2069 exitium
993 2032 1147 2085 quaerere:
1175 2022 1261 2082 atque
1286 2012 1357 2066 adeo

200 2086 310 2138 mutuis
347 2087 500 2157 lerumque
517 2087 685 2141 vulneribus
704 2086 866 2141 concidere:
897 2088 939 2139 ita
956 2086 1108 2141 Eteoclem
1131 2095 1160 2139 et
1177 2083 1357 2154 Polynicem,

201 2153 244 2208 iba
262 2157 295 2212 L.
338 2165 438 2210 rutum
457 2164 487 2211 et
504 2155 646 2212 Aruntem
653 2156 857 2227 Tarquinium,
873 2165 1038 2226 utrumque,
1057 2165 1173 2214 utfmox
1190 2156 1232 2208 ait
1240 2164 1358 2220 moster,

201 2227 327 2282 caminus
352 2227 411 2283 ictu
434 2227 568 2283 cecidisse
594 2229 746 2284 contrario.
783 2229 852 2281 Hoc,
870 2242 939 2302 ergo
963 2228 1069 2280 metuit
1092 2227 1293 2292 Pacideianus3
1328 2233 1359 2279 et

201 2295 315 2367 liquido
333 2296 402 2352 inde
420 2307 537 2371 apparet
548 2300 737 2376 'Scaligerum
754 2294 821 2352 cum
839 2314 889 2352 suo
907 2298 1044 2367 occipiam
1061 2305 1123 2351 tota
1139 2299 1187 2351 via
1204 2298 1357 2351 aberrasse.

200 2367 256 2421 Per
277 2369 302 2421 it
317 2385 457 2424 verunas
475 2370 577 2426 docere
595 2389 660 2427 rem
687 2376 769 2424 antea
792 2369 960 2435 inauditam,
989 2368 1178 2435 Gladiatores,
1208 2374 1233 2422 et
1251 2368 1313 2422 sica
1332 2375 1359 2423 et

201 2384 304 2508 gladio
321 2442 407 2495 amul
422 2457 576 2509 pugnasse:
610 2443 662 2513 qui
685 2441 790 2494 fundus
814 2449 857 2493 est
879 2441 998 2494 alterius
1018 2442 1210 2506 coniecturae,
1234 2439 1285 2491 ubi
1302 2456 1357 2510 pro

201 2523 272 2564 stura
294 2511 441 2564 substituit
464 2512 561 2567 sicam.
596 2513 680 2568 Unde
705 2528 776 2565 vero
799 2511 855 2564 hoc
882 2519 1063 2582 compertum
1089 2511 1195 2564 habet?
1230 2511 1276 2563 Ex
1294 2527 1358 2564 cor·

120 2623 122 2626 ,
201 2597 238 2633 ru
258 2582 295 2633 tis
314 2581 445 2636 Suetonii
467 2584 564 2638 verbis
589 2602 604 2636 a
624 2584 663 2637 ud
680 2581 824 2636 isidorum
840 2583 944 2642 XVIII,
962 2586 988 2638 6.
1013 2599 1092 2652 quae·
1108 2590 1188 2636 recte
1202 2582 1358 2636 emendata

200 2599 286 2706 laius
303 2653 336 2705 in
352 2653 445 2724 Lipsii
463 2602 660 2708 Saturnalibus
681 2653 731 2707 lib.
751 2654 790 2711 11.
810 2671 834 2709 o.
854 2656 881 2709 9.
918 2654 997 2728 Ergo
1016 2653 1158 2728 Scaligeri
1181 2652 1358 2707 emendatio·

201 2739 270 2776 nem
294 2722 409 2776 missam
433 2725 579 2778 faciamus.
617 2725 680 2778 Tua
705 2731 804 2791 restat,
830 2724 861 2776 in
884 2726 981 2793 eniosa
1005 2742 1038 2778 ea
1059 2725 1204 2796 profect03
1232 2741 1301 2775 nam
1322 2740 1358 2777 ex

202 2794 335 2847 codicum
353 2795 464 2865 aliquot
480 2796 605 2850 lectione
624 2796 714 2852 Furia
732 2796 847 2866 reponis
908 2795 957 2860 rii,
988 2804 1021 2848 ut
1044 2796 1082 2847 sit
1104 2810 1209 2848 nomen
1234 2793 1357 2847 alterius

202 2863 371 2940 gladiatoris
389 2883 456 2919 cum
473 2868 639 2922 Pacideiano
664 2868 720 2922 hoc
739 2867 899 2936 compositi.
937 2866 993 2921 Sed
1010 2866 1081 2920 sart
1098 2866 1203 2936 opinor
1219 2865 1356 2920 voluisti:

201 2936 256 2990 sois
275 2937 353 2990 enim
371 2952 475 2992 nomen
531 2939 605 2992 ntile
623 2940 724 2993 Furius
742 2945 772 2992 et
789 2937 879 2991 Furia
897 2937 1055 3007 producere
1073 2938 1199 3008 primam
1216 2936 1357 3006 syllabam

201 3007 277 3078 apud
294 3008 452 3077 Catullum,
475 2956 636 3076 Ifiteratium,
664 3010 809 3075 Ovidium,
838 3008 1008 3073 Martialem,
1032 3007 1112 3062 alios.
1155 3007 1233 3062 Illud
1258 3015 1357 3061 tamen

124 3124 126 3129 .
201 3076 234 3130 in
252 3086 303 3131 tua
319 3079 444 3135 lectione
463 3081 678 3135 incommodum
703 3088 745 3135 est
770 3087 799 3132 et
816 3097 919 3150 parum
941 3079 1112 3145 verisimile,
1139 3078 1215 3148 quod
1238 3079 1356 3134 nomine

201 3164 252 3202 suo
270 3155 330 3201 tam
346 3147 507 3206 honorilice
524 3151 575 3206 hio
593 3152 721 3222 appellet
739 3151 948 3216 adversarium,
972 3168 1058 3221 quem
1081 3157 1141 3204 tam
1162 3149 1238 3202 male
1256 3149 1356 3204 oderat

201 3226 232 3274 et
249 3226 467 3291 contempserat
506 3221 549 3289 Id,
569 3223 682 3293 opinor,
701 3220 870 3295 dedignatus
888 3229 976 3274 esset:
996 3229 1025 3274 et
1042 3229 1192 3292 praeterea
1209 3220 1239 3273 id
1258 3221 1285 3278 ei
1303 3234 1356 3292 naa

200 3306 269 3344 men
285 3291 374 3344 fuisse
391 3309 450 3345 non
468 3301 510 3347 est
527 3294 591 3349 ve‘ri
608 3293 713 3351 simile.
752 3293 896 3356 Ceterum,
922 3293 947 3344 si
964 3308 1057 3346 meam
1074 3292 1190 3346 tandem
1207 3292 1357 3346 coniectu·

200 3376 263 3416 ram
280 3361 331 3415 hio
369 3364 483 3431 astulas,
508 3381 539 3419 ea
559 3364 601 3418 sio
617 3364 720 3432 habet,
751 3364 775 3417 si
799 3378 857 3416 non
874 3378 944 3417 vera
964 3370 995 3418 et
1012 3372 1101 3431 certa,
1125 3361 1281 3435 probabilis
1299 3364 1355 3417 sal-

199 3441 261 3488 tem
279 3441 309 3488 et
325 3380 368 3500 ari)
377 3434 489 3489 codices
508 3435 744 3506 quamproxime
764 3434 911 3488 accedens.

365 3536 399 3549 -
418 3505 453 3560 In
470 3522 501 3560 os
521 3506 606 3575 prius
623 3505 762 3575 accipiam
779 3505 848 3576 ipse,
940 3572 941 3578 ἵ

366 3579 454 3634 Quam
471 3577 647 3646 gladiumin
665 3574 805 3632 stamaclo
823 3573 942 3643 furiae
960 3591 994 3629 ac
1008 3576 1180 3644 pulmonibu'
1197 3575 1279 3631 sisto.

199 3647 288 3702 Recte
306 3646 409 3717 opinor
426 3649 544 3702 iberiam
562 3650 692 3702 nominat
709 3663 838 3717 spurcum
854 3648 932 3701 illum
950 3645 1086 3701 bominem
1104 3655 1133 3702 et
1154 3647 1351 3718 inhonestum,

172 3716 173 3721 ’
200 3717 388 3772 Aeserninum
404 3717 575 3785 Samnitem3
594 3721 619 3772 is
637 3720 717 3774 enim
736 3727 798 3773 erat
815 3735 882 3771 cum
901 3714 961 3790 ipso
980 3719 1154 3771 commissus.
1187 3718 1237 3774 Sic
1250 3719 1352 3775 cicero

200 3807 292 3860 saepe,
310 3789 364 3844 illu
381 3789 468 3856 iuria,
486 3790 521 3843 de
537 3790 611 3843 viris
629 3808 699 3860 quos
717 3791 815 3843 oderat
831 3790 918 3843 verba
935 3789 1052 3844 faciens.
1090 3789 1169 3842 Illud
1187 3799 1268 3845 certe
1291 3793 1353 3863 ipsa

199 3861 343 3915 sententia
359 3861 481 3938 flagitat,
499 3868 533 3913 ut
551 3877 656 3914 nomen
672 3860 794 3934 ‘aliquod
810 3860 861 3913 hic
871 3860 979 3926 veniat,
998 3877 1054 3932 quo
1064 3859 1175 3914 Samnis
1194 3860 1248 3914 ille
1266 3862 1354 3919 deno·

182 3939 292 3986 <tetum
317 3931 412 4000 Prius,
431 3933 461 3985 in
484 3931 539 3997 uit,
558 3931 591 3986 in
608 3948 638 3987 as
656 3933 717 4004 ipse
734 3932 860 4000 gladium
878 3932 1021 4001 accipiam,
1044 3947 1126 4002 quam
1142 3931 1175 3986 in
1193 3932 1275 3987 illius
1293 3939 1354 3990 sto·

198 4000 294 4057 amalo
320 4003 430 4058 sistam.
464 3951 555 4057 ¹ilnde
582 4019 679 4058 omnes
704 4004 773 4057 illae
795 4011 913 4074 praeter
942 4011 1022 4057 tuam
1049 4005 1241 4072 coniecturae,
1270 4006 1351 4074 fibra,

198 4077 274 4142 lura,
292 4072 368 4140 lira,
388 4091 468 4140 sura,
491 4073 579 4130 sicam
597 4093 654 4128 una
670 4076 756 4129 ruina
779 4075 943 4128 concidunt.

270 4145 337 4218 Cap.
357 4149 400 4203 23.
437 4146 551 4214 Semper
568 4145 647 4200 Aiax
664 4146 760 4212 fortis,
780 4146 957 4213 fortissimus
974 4153 1068 4202 tumen
1086 4146 1119 4201 in
1136 4148 1243 4213 furore.
1297 4176 1298 4181 κ

363 4217 438 4272 Nam
454 4218 567 4283 fucinus
585 4216 654 4285 fecit
671 4217 831 4285 maximum,
851 4234 913 4272 cum
931 4218 1043 4272 Danais
1060 4218 1264 4273 inclinantibus

365 4288 506 4341 Summum
523 4305 583 4342 rem
597 4287 719 4357 perfecit
736 4307 844 4354 manus,
871 4291 1016 4362 praelium
1038 4289 1166 4344 restituit
1183 4288 1351 4358 insaniens]

199 4356 275 4412 Sunt
291 4358 410 4413 Iambici
429 4359 570 4412 octonarii
588 4375 624 4412 ex
641 4361 752 4414 comico
772 4361 895 4431 quodam
911 4359 1062 4432 producti:
1081 4360 1161 4413 unde
1174 4363 1283 4415 frustra
1300 4360 1352 4415 hic

199 4427 339 4485 hirtorias
365 4428 520 4484 veritatem
545 4444 672 4501 quaeras.
713 4429 770 4486 Sed
795 4431 871 4488 illud
891 4436 1034 4503 praetium
1057 4448 1115 4488 non
1140 4431 1252 4504 placem
1284 4449 1353 4486 cum
