2856 5084
170 320 172 327 ·
208 283 272 358 324
440 276 445 283 ’
562 277 780 344 tttcflaltm
800 278 1009 344 BENTLEII

282 447 335 501 So.
372 444 483 500 Merito
499 441 673 515 multidicis
691 443 762 500 milti
778 443 804 498 ei
821 443 853 499 id
870 445 883 498 i
889 440 930 514 lta
948 447 1055 511 foetum
1071 451 1126 497 est.-

380 517 486 572 Verum
503 515 578 571 baud
594 513 743 587 menltior,
766 512 881 585 reslque
898 515 943 569 uti
960 514 1063 582 facita,
1087 517 1159 570 dico.

210 587 306 653 Vides,
325 584 437 656 opinor,
458 605 527 657 quos
545 588 683 642 hactenus
702 589 754 641 alii
772 604 907 641 numeros
925 589 1100 651 innumeros,
1118 603 1217 640 versus
1235 601 1370 654 συγκεχυ·

210 660 312 732 μένους
330 660 378 711 καὶ
394 660 618 731 τεταράγμένους,
643 661 704 712 sine
723 667 817 712 rnetro
835 658 1015 729 modulisque
1034 659 1165 711 insuaves
1183 657 1370 723 dictitabant,

211 731 264 784 alii
283 729 396 782 miseris
417 732 506 793 modis
524 730 696 800 torquebant
713 731 920 798 vexabantque,
945 738 979 781 ut
998 730 1032 782 ad
1050 737 1151 782 notum
1169 729 1286 797 aliquod
1304 744 1370 780 me·

211 809 293 853 trum
313 800 420 854 invitos
438 802 615 876 redigerent,
635 819 681 855 eos
701 809 729 854 et
748 800 845 853 dulces
867 818 924 853 esse
944 809 973 853 et
991 801 1147 874 elegantes,
1165 807 1200 852 ut
1218 800 1315 851 nescio
1330 815 1369 858 an

212 871 284 924 ullis
302 871 366 924 aliis
384 873 524 926 suavitate
542 873 700 926 concedere
718 871 852 924 debeant?
884 873 984 925 blenda
1006 887 1085 936 vero,
1114 888 1187 940 quae
1214 872 1298 940 plura
1324 869 1369 922 ibi

213 942 323 995 sublata
342 952 417 1009 sunt,
437 945 461 995 si
478 944 549 997 haec
567 953 664 996 nostra
688 943 723 996 ad
740 943 828 995 libros
853 943 942 996 editos
961 943 1068 1017 exigas,
1095 943 1156 1012 ipsa
1179 958 1280 1010 perse
1299 942 1369 992 satis

212 1012 361 1084 patebunt,
392 1015 504 1067 ratione
527 1032 663 1070 versuum
685 1014 743 1066 iam
770 1021 894 1083 reperta.
931 1014 997 1066 Non
1015 1014 1092 1066 enim
1118 1029 1195 1064 nunc
1214 1013 1295 1065 locus
1314 1019 1369 1076 est,

212 1093 248 1136 ut
265 1085 320 1136 ista
335 1086 423 1137 latius
440 1103 610 1168 prosequar:
629 1085 678 1138 sed
696 1085 720 1137 si
738 1085 796 1138 erit
814 1102 959 1154 umquam,
978 1092 1012 1136 ut
1029 1085 1162 1136 Plautum
1179 1083 1369 1136 Terentium·

214 1172 271 1223 quo
289 1155 360 1208 lima
377 1164 474 1210 nostra
493 1158 633 1228 expolitos
651 1157 682 1208 in
700 1157 797 1208 lucem
815 1156 907 1222 edam,
925 1155 1044 1209 ethaeo
1062 1163 1091 1209 et
1109 1155 1166 1207 alia
1188 1154 1303 1207 infinita
1321 1150 1373 1206 fu·'

213 1227 272 1283 sius
289 1228 463 1298 tenuiusque
481 1227 602 1281 deducta
621 1227 786 1297 conspicies·
1098 1292 1099 1295 Ἴ

285 1295 354 1368 Cap.
375 1301 418 1354 15.
454 1298 600 1368 Simulque
618 1296 713 1351 iudico
731 1297 834 1350 melum
853 1294 928 1350 illud
954 1293 1097 1364 opinionis
1120 1313 1188 1360 erse,
1216 1311 1269 1349 non
1287 1302 1371 1350 natu-

213 1381 278 1420 rae.-
297 1367 326 1420 si
343 1370 413 1422 enim
431 1370 462 1424 in
480 1386 512 1422 re
531 1376 631 1435 essent,
651 1384 702 1422 eur
718 1368 816 1433 fierent
832 1369 950 1437 provisa
969 1367 1097 1433 leviora]
1134 1369 1241 1420 Haeret
1259 1367 1370 1432 orati03

214 1438 290 1490 unde
315 1440 459 1492 Manutius
486 1440 619 1514 corrigit,
648 1441 678 1491 in
704 1456 736 1491 re
764 1444 868 1504 esset,
896 1447 930 1490 ut
948 1438 982 1501 ad
999 1438 1103 1491 malum
1119 1437 1195 1491 illud
1212 1439 1369 1502 referatur,

214 1509 263 1561 sed
280 1509 350 1574 quid
366 1518 430 1561 tum
448 1510 500 1564 fiet
519 1511 581 1564 illis
601 1510 796 1580 sequentibus,
814 1510 908 1574 fierem
924 1507 1042 1577 provisa
1061 1509 1188 1562 leviora?
1221 1508 1307 1562 Certe
1326 1509 1371 1561 di-

215 1587 295 1632 ctum
313 1581 451 1649 oportuit,
475 1583 555 1648 ,ieret
577 1580 720 1650 prouisum
748 1579 845 1633 levino.
883 1580 929 1632 Tu
952 1580 1050 1649 itaque
1076 1598 1110 1633 ex
1129 1588 1178 1632 tuo
1206 1580 1304 1633 codice
1325 1581 1371 1631 in-

214 1650 292 1724 signi
309 1650 396 1702 aliam
414 1654 528 1721 profers
546 1653 712 1716 lectionem,
731 1651 764 1705 si
782 1651 853 1704 enim
872 1649 902 1702 in
919 1666 952 1703 re
969 1653 1063 1704 mala
1082 1657 1177 1705 essent.
1215 1650 1300 1703 certe
1320 1659 1371 1703 aut

214 1721 256 1773 ita
273 1721 428 1796 legendum
448 1732 500 1788 est,
520 1732 568 1776 aut
585 1724 681 1792 potius
700 1722 852 1792 (quiahoc
871 1722 1111 1790 interpolatorem
1130 1719 1201 1785 olet)
1229 1722 1370 1790 eirrtulpue

213 1792 310 1846 iudico
328 1808 355 1843 m
366 1795 426 1846 ala
444 1792 515 1846 illa
535 1793 675 1860 opinionis
693 1809 759 1858 esse,
780 1809 834 1845 non
851 1800 979 1845 naturae.
1017 1790 1072 1846 Sed
1095 1802 1153 1846 esto
1179 1792 1245 1856 hoc,
1273 1800 1306 1844 ut
1324 1793 1371 1844 lu-

214 1863 276 1925 bet3
297 1863 371 1915 illud
390 1863 464 1915 mihi
483 1864 686 1928 certissimum,
705 1881 762 1916 non
780 1864 937 1938 legendum
954 1865 985 1917 in
1003 1880 1051 1928 re,·
1079 1863 1128 1916 sed
1146 1863 1261 1932 dempta
1285 1880 1371 1932 prae-

214 1934 365 2056 ppsitione,
384 1933 419 1987 Si
437 1934 510 1987 enim
528 1951 565 1987 re
583 1941 679 1988 essent.
717 1935 762 1986 lta
780 1935 882 1987 Cicero
908 1933 1026 2017 ubique,
1053 1943 1086 1988 ut
1110 1951 1195 2004 supra
1222 1933 1307 1987 Tusc.
1328 1934 1368 1988 11.

241 2004 447 2068 consonatione,
468 2023 521 2059 non
540 2006 695 2074 oportebat,
713 2005 805 2058 verbis
822 2006 1009 2074 gloriantem:
1030 2005 1071 2058 sic
1086 2005 1165 2069 alibi,
1183 2003 1246 2057 Non
1257 2021 1298 2070 re,
1317 2005 1370 2058 sed

215 2075 350 2142 opinione.
391 2075 460 2127 'l'am
478 2092 518 2135 re,
537 2091 615 2146 quem
639 2077 731 2129 verba.
767 2074 831 2129 Non
849 2082 909 2128 tam
927 2092 968 2140 re,
994 2091 1075 2145 quam
1099 2092 1157 2144 epe.
1194 2075 1287 2146 Neque
1310 2083 1370 2129 tam

215 2163 256 2211 re,
276 2162 356 2215 quam
375 2146 459 2200 dictu.
496 2147 545 2200 Sic
563 2147 653 2200 Rebus
671 2147 770 2200 eodem
788 2164 879 2209 sensu,
899 2163 1056 2215 numquam
1073 2148 1104 2202 in
1122 2147 1211 2200 rebus.

287 2217 417 2286 Capiti.
454 2218 594 2282 Primum,
619 2219 693 2286 quod
716 2233 796 2285 posse
818 2216 946 2270 accidere
965 2217 1014 2269 diu
1039 2216 1236 2293 cogitaverit]
1273 2216 1371 2272 Codex

214 2295 282 2340 tuus
298 2288 390 2355 primo
410 2296 438 2340 et
456 2287 600 2355 cogitauit.
639 2288 717 2353 Quod
735 2289 797 2340 sine
815 2287 899 2341 dubio
925 2287 1105 2341 admiserim:
1131 2306 1198 2340 nam
1221 2290 1372 2360 sequentia

215 2357 272 2411 hoc
288 2360 448 2481 postulant,
466 2359 576 2413 Deinde
595 2359 668 2428 quod
685 2358 840 2426 intellegit,
861 2366 890 2410 et
907 2357 1050 2412 Postremo
1070 2360 1143 2428 quod
1158 2359 1243 2413 videt.

311 2446 354 2498 ap.
376 2434 418 2484 17.
456 2430 516 2483 car
532 2431 607 2483 cedis
624 2430 763 2495 fortunae,
791 2445 862 2498 quae
878 2429 1033 2497 percellere
1050 2435 1077 2481 te
1095 2430 1218 2497 forsitan
1233 2432 1372 2498 potuerit,

216 2505 244 2552 et
258 2515 396 2567 pungere,
412 2517 467 2553 non
483 2502 586 2567 poterit
604 2493 680 2552 certe
698 2499 773 2552 uires
791 2499 962 2566 frangeret]
998 2500 1134 2554 Restituis
1153 2517 1188 2552 ex
1207 2502 1306 2556 codice
1320 2511 1372 2556 tuo

201 2570 328 2638 poterit,
347 2588 413 2622 cum
432 2580 515 2624 antea
532 2571 621 2645 vulgo
640 2572 769 2624 ferretur
790 2571 913 2638 potuerit
937 2579 966 2623 et
992 2569 1089 2638 potuit.
1126 2570 1182 2623 Sed
1208 2570 1289 2624 aliud
1308 2581 1373 2626 tum

216 2641 340 2693 restabat
359 2642 574 2706 emendandum,
595 2643 670 2697 Quae
687 2641 844 2709 pervellere
854 2648 880 2694 te
898 2641 1019 2708 forsitan
1035 2639 1180 2710 poterit.
1199 2643 1273 2694 Nam
1289 2652 1373 2698 certe

217 2709 292 2764 illud
308 2713 434 2780 poluerit
453 2704 528 2765 analo
546 2712 649 2765 Latine
666 2711 717 2764 hic
735 2711 851 2765 dicitur.
887 2714 995 2764 Verum
1019 2711 1074 2763 alia
1101 2711 1306 2764 emendationis
1327 2733 1375 2767 ra·

216 2781 259 2834 tio
279 2791 321 2836 est
340 2791 368 2836 et
386 2783 485 2836 verior
503 2791 532 2835 et
551 2781 720 2857 elegantior,
740 2780 883 2836 Ourcedis
900 2783 1049 2847 fortunae?
1068 2796 1144 2851 quae,
1163 2789 1199 2834 ut
1217 2786 1374 2848 pervellere

217 2857 246 2905 te
263 2853 390 2919 forsitan
407 2854 537 2922 potuerit
556 2860 736 2923 ettpangere,
756 2869 810 2907 non
826 2853 916 2922 potuit
933 2860 1007 2907 certe
1023 2851 1101 2905 uires
1117 2854 1261 2921 frangere.

287 2924 358 2977 lbid.
396 2924 438 2978 Ne
456 2923 575 2977 Iustitia
595 2923 702 2994 quidem
719 2922 793 2978 sinet
817 2930 844 2976 te
867 2927 923 2978 ista
940 2925 1045 2989 fucere,
1073 2923 1118 2976 cui
1141 2923 1286 2978 minimam
1310 2942 1373 2980 esee

216 2992 327 3048 uidetur
344 2993 376 3048 in
393 2994 446 3048 dac
463 3011 562 3049 colesea
579 2995 683 3065 loqui]
711 2995 827 3050 Nollem
845 3002 874 3047 te
892 2993 943 3047 hic
962 2995 1156 3061 Gebhardum,
1176 3012 1292 3049 caecum
1309 2998 1374 3080 ple-

132 3078 136 3085 ·
217 3082 342 3133 rumque
361 3066 474 3131 ducem,
493 3075 553 3119 tam
572 3065 734 3136 improvide
752 3073 882 3119 secutum
907 3083 979 3132 esse;
1005 3066 1066 3135 qui,
1092 3067 1208 3119 cumin
1227 3068 1373 3141 prioribus

217 3134 401 3201 editionibus,
421 3153 516 3205 neque
534 3137 621 3189 aliter
640 3137 672 3187 in
690 3137 835 3190 codicibus
853 3136 921 3201 tuis,
940 3144 1020 3190 recte
1039 3136 1195 3190 haberetur
1213 3137 1301 3202 laci,
1322 3141 1373 3192 Pa·

216 3204 315 3256 latinis
339 3207 398 3257 suis
424 3206 574 3260 serviliter
599 3207 726 3260 addictus
753 3206 844 3262 edidit
869 3207 970 3276 loqui
976 3225 986 3270 ς
1011 3208 1079 3261 adeo
1106 3208 1214 3276 inepte,
1241 3218 1275 3260 ut
1293 3209 1373 3262 nibil

217 3292 311 3346 supra.
350 3276 423 3343 Quid
448 3277 536 3342 enim,
564 3277 680 3331 obsecro
699 3287 739 3343 te,
768 3286 811 3332 est
834 3277 918 3340 illud,
952 3277 1106 3332 Minimum
1130 3283 1171 3331 est
1192 3280 1285 3349 loqui?
1315 3296 1372 3350 quo

217 3347 334 3400 tandem
353 3364 436 3400 sensu
454 3346 621 3404 minimam?
651 3348 794 3402 hanccine
820 3347 943 3400 scabiem
962 3349 1095 3402 Ciceroni
1120 3347 1268 3402 affricari‘?
1292 3359 1322 3403 at
1340 3351 1373 3402 in

217 3417 309 3470 altera
331 3417 457 3472 lectione
482 3419 558 3471 nibil
587 3428 632 3472 est
655 3419 779 3472 salebrae
803 3427 851 3471 ant
877 3417 1067 3483 difficultatis.
1105 3421 1212 3473 Noster
1234 3419 1269 3473 de
1288 3421 1373 3474 Fini·

216 3487 268 3610 pus
287 3490 335 3553 IV,
367 3489 420 3545 Vel
440 3487 537 3558 potius
561 3489 726 3560 paullulum
752 3490 812 3542 loci
834 3489 914 3555 milti,
938 3495 969 3542 ut
987 3488 1033 3543 lais
1050 3490 1254 3560 responderem
1274 3491 1369 3546 dares.

233 3564 260 3610 ta
278 3560 394 3628 passim.
444 3579 446 3583 ·

265 3629 358 3697 -Gap
381 3632 422 3686 18.
460 3628 586 3683 Huiusne
608 3629 684 3685 vilae
706 3631 859 3700 propositio
883 3636 910 3683 et
937 3629 1072 3698 cogitatio
1097 3637 1145 3684 aut
1171 3630 1308 3702 Thyesten
1334 3635 1372 3688 le·

217 3712 285 3750 aare
300 3699 417 3767 poterit,
436 3707 486 3752 aut
503 3700 628 3766 Aeetam,
648 3703 683 3756 de
702 3720 758 3772 quo
773 3702 869 3772 paullo
889 3707 953 3754 ante
971 3700 1047 3768 dixi]
1072 3703 1160 3777 Lege,
1178 3704 1211 3758 de
1229 3703 1371 3774 quibus:

219 3786 285 3821 nam
305 3771 340 3822 de
358 3777 484 3839 utroque
503 3770 577 3823 dixit
595 3790 681 3842 supra
699 3773 765 3843 Cap.
787 3775 829 3828 12.

290 3840 361 3894 lbid.
400 3841 476 3897 Quod
493 3841 529 3905 si,
547 3847 577 3895 ut
596 3840 739 3909 nitidem,
757 3842 843 3897 simul
860 3845 971 3906 animus
988 3858 1050 3898 cum
1068 3861 1100 3899 re
1118 3842 1263 3912 concidit]
1298 3846 1373 3898 Mira

218 3909 268 3964 bic
287 3912 318 3963 in
337 3912 482 3965 codicibus
501 3911 636 3966 varietas:
656 3914 712 3980 Tu,
731 3915 861 3998 vestigiis
879 3924 1082 3985 corruptarum
1105 3916 1265 3969 lectionum
1283 3916 1388 3970 nimis-

220 3982 355 4054 religiose
375 3983 537 4049 inhaerens,
557 3984 598 4036 sic
615 3985 702 4037 rerba
719 3986 849 4059 refingrs,
869 3987 955 4039 simul
975 3988 1084 4041 animus
1097 3985 1271 4053 reconoidit,
1289 4004 1374 4057 prae-

219 4054 362 4123 positione
386 4054 521 4126 ablegata.
558 4052 649 4123 Atqui
675 4054 747 4108 haec
773 4056 860 4109 verba
883 4057 1015 4109 Enniana
1039 4066 1115 4121 sunt,
1144 4058 1221 4127 quod
1243 4075 1280 4111 ex
1298 4059 1372 4123 istis,

220 4129 250 4175 ut
267 4126 310 4178 ait
329 4125 433 4189 idem,
453 4132 533 4176 recte
552 4124 680 4198 colligas.
716 4125 910 4186 Retinendum
933 4127 1027 4202 igitur
1047 4143 1126 4192 cuam
1153 4129 1260 4200 quippe
1278 4137 1374 4199 poste-

220 4193 282 4244 rius
300 4197 460 4247 membrum
480 4203 520 4247 est
538 4193 692 4247 Trochaici
710 4198 876 4265 septenarii,

326 4297 360 4308 -
379 4265 465 4318 simul
481 4263 590 4319 animus
607 4281 668 4318 cum
687 4283 719 4319 re
738 4267 867 4324 concidit.

219 4332 275 4386 eui
294 4335 357 4387 fere
375 4335 524 4406 geminum
543 4344 586 4388 est
604 4336 679 4389 illud
696 4337 838 4404 Terentii,
857 4337 990 4393 Eunuch.
1010 4339 1049 4406 11,
1069 4342 1095 4396 3.

327 4405 400 4458 ltan'
414 4404 530 4474 parasti
548 4410 586 4473 te,
604 4413 633 4461 ut
651 4423 714 4476 spes
732 4409 812 4464 nulla
830 4409 953 4480 relliqua
969 4409 1002 4467 in
1019 4416 1046 4466 te
1064 4416 1137 4467 erret
1157 4409 1229 4468 tili?
