2856 5084
233 285 275 348 ao
422 274 654 347 CICERONIS
676 279 924 350 TUSCULAN.
946 279 1180 344 DISPUTAT.

234 457 303 511 tem
324 448 468 510 nominis
489 447 705 531 quaesivisse,
729 449 864 530 quinam
879 455 997 522 ,essent
1017 445 1219 529 philosophi,
1241 453 1275 506 et
1306 443 1390 526 quid

189 535 216 590 9.
235 528 327 594 inter
347 538 460 594 eos‘et
480 530 625 611 reliquos
646 531 838 596 interessett
864 528 1090 614 Pythagoram
1110 537 1222 590 autem
1254 547 1400 609 respon.

237 614 340 680 disset
363 611 501 676 Similem
522 613 587 707 sibi
608 613 711 710 uideri
731 615 827 674 eitam
847 608 1023 703 'bantinum
1057 620 1089 672 et
1116 619 1284 672 mercatum
1313 629 1389 680 eum,

202 856 207 860 ,
237 803 333 855 Herw.
360 808 390 853 et
414 815 472 852 nno
495 799 545 853 Ox.
575 798 657 853 Solus
680 800 755 852 Gud.
777 805 801 854 l.
824 797 910 851 habet
932 801 976 850 At
995 797 1143 851 miratum:
1175 799 1251 866 qnod
1273 798 1391 850 videtur

239 872 423 938 correctoris,
485 871 495 922 i
512 870 591 922 hunc
609 889 692 923 nsum
709 870 792 923 verbi
811 869 985 933 adotiraaali,
1005 870 1056 936 qui
1073 867 1123 920 hic
1133 869 1254 934 obtinet,
1274 868 1391 922 aliunde

236 960 295 996 non
312 950 416 999 nosset.
475 942 536 994 olus
555 940 627 995 Gud.
648 946 674 996 2.
694 941 843 995 nouitatem
869 940 1037 993 vocabuli
1060 947 1091 992 et
1116 939 1254 993 nominis.-
1285 941 1392 1008 inqua

237 1015 394 1085 scriptione
416 1012 495 1066 vides
521 1013 644 1089 glossam
668 1013 700 1064 in
726 1013 831 1078 seriem
853 1012 991 1063 orationis
1016 1019 1161 1080 receptam
1185 1011 1268 1080 eique
1286 1011 1392 1063 vocula

237 1091 264 1140 et
281 1102 429 1138 annexam.
466 1087 520 1136 Pro
539 1083 721 1154 quaesivisse,
742 1082 817 1152 quod
837 1082 929 1135 estin
948 1080 1033 1134 eodo.
1053 1079 1140 1145 MSS,
1166 1089 1209 1133 est
1236 1084 1390 1149 quaesisse,

236 1159 269 1208 in
284 1156 358 1209 Edu,
378 1164 448 1208 vett.
469 1155 615 1224 plerisque
634 1155 762 1223 itemque
782 1152 872 1217 Gebh.
892 1153 977 1205 Verb.
996 1153 1067 1223 Ern.
1091 1149 1174 1204 Schz.
1196 1152 1286 1205 Nobb.
1305 1152 1391 1208 Tbn..

237 1228 295 1280 nisi
314 1226 391 1294 quod
407 1225 480 1279 Edi.
500 1226 527 1279 S.
548 1227 583 1279 E.
603 1226 637 1275 V.
657 1225 724 1279 Rob.
746 1222 845 1294 Steph.
865 1224 987 1278 HWolf.
1008 1223 1154 1280 nobiscum
1172 1223 1290 1274 faciunt.
1328 1223 1389 1276 Mr.

309 1297 463 1352 Novitatem
481 1295 618 1362 acolinis]
659 1295 834 1370 Pythagoras
859 1294 978 1348 nominis
1002 1293 1082 1345 illius
1108 1301 1169 1346 erat
1195 1292 1331 1357 inventor,
1357 1302 1392 1346 ut

237 1369 280 1424 ait
303 1376 404 1420 noster
428 1385 488 1436 cap.
507 1371 533 1423 4.
566 1366 732 1420 Nonnullos
758 1375 892 1421 veterum
915 1366 992 1417 locos
1015 1363 1091 1416 hanc
1117 1365 1148 1415 in
1176 1380 1237 1416 rem
1264 1364 1393 1433 protulit

238 1439 385 1512 Menagius
410 1438 446 1490 ab
468 1436 576 1493 Laertii
603 1439 729 1490 Prooem.
757 1435 779 1501 §.
801 1439 841 1492 12.
869 1436 918 1488 sed
943 1436 1042 1506 augeri
1066 1434 1152 1488 facile
1184 1443 1302 1503 possunt
1329 1435 1392 1486 eius

238 1508 422 1561 collectanea.
459 1507 593 1561 Stobaeus
612 1508 674 1560 Ecl.
703 1506 788 1578 Phys.
813 1525 877 1581 pag.
898 1509 940 1562 2⁷.
967 1503 1190 1575 Πυθαγόρας-
1210 1507 1317 1572 πρῶτος
1335 1507 1392 1556 ΦΙ-

238 1576 439 1632 ΛΟΣΟΦΙΑΣ
457 1573 544 1644 τούτῳ
569 1579 607 1644 aqi
631 1577 749 1645 ὀνόματι
773 1571 1002 1648 προςαγορεύσας.
1040 1579 1117 1699 Lupe
1148 1579 1326 1645 φιλοσοφίαν,
1357 1581 1392 1628 u't

237 1659 318 1704 recte
341 1650 480 1702 scribitur
502 1648 576 1720 apud
599 1649 786 1702 Plutarchum
810 1649 909 1701 Placit.
929 1648 953 1710 1,
977 1650 1002 1702 3.
1040 1646 1076 1698 Vi
1097 1664 1111 1700 e
1136 1647 1283 1699 Valerium
1302 1648 1393 1698 Maxi-

238 1731 319 1773 mum
346 1721 395 1773 lib.
415 1721 492 1772 vni.
519 1737 580 1790 cap.
600 1720 662 1775 vll.
683 1723 785 1773 2‘ext.
823 1718 1051 1786 Quinctilianum
1077 1720 1146 1770 last.
1176 1718 1251 1771 Orat.
1279 1719 1344 1782 xil,
1365 1722 1391 1771 1.

238 1792 421 1844 Lactantium
439 1791 518 1861 Epit.
545 1808 606 1861 cap.
626 1792 752 1844 XXXVI.
777 1808 841 1864 pag.
862 1793 906 1845 87.
944 1789 1138 1863 Augustinum
1161 1788 1244 1841 (1.1).
1265 1789 1391 1852 v111‚2.

238 1863 273 1916 de
292 1862 374 1914 Trin.
394 1861 469 1927 XIV,
490 1865 516 1916 1.
552 1861 741 1914 lamblichum
766 1860 819 1914 vit.
839 1861 924 1930 Pyth.
949 1858 971 1924 1.
988 1862 1035 1915 58.
1062 1859 1185 1929 denique
1205 1861 1281 1915 ioan.
1300 1856 1392 1911 Saris-

164 1965 170 1974 .
238 1933 400 1986 beriensem
418 1931 523 1984 Polior.
543 1931 594 1984 lib.
613 1932 675 1984 Vll.
696 1948 755 2001 cap.
777 1934 801 1986 4.
840 1932 875 1984 D.
1141 1993 1148 2002 Ι
1174 1986 1176 1991 ,

309 2003 435 2057 Similem
462 2002 520 2055 sibi
536 2003 630 2056 cidari
647 2003 734 2057 vitam
752 2000 892 2054 bominum
911 2007 938 2055 et
960 2001 1009 2067 -]
1045 2002 1150 2067 „Hanc
1168 2000 1393 2053 similitudinem
1422 2013 1423 2016 ’

238 2075 371 2127 La'e‘rtius
389 2073 422 2124 in
439 2073 602 2146 Pythagora
619 2073 674 2137 lib,
689 2075 715 2128 8.
736 2073 776 2123 ita
794 2073 926 2141 exponit:
951 2064 1010 2126 tine
1032 2074 1083 2126 τὸν
1107 2077 1169 2138 βίον
1194 2069 1312 2125 ἐοικέναι
1338 2091 1392 2123 πα-

239 2143 365 2213 νηγύρει·
391 2138 428 2202 ὥς
446 2138 498 2208 οὖν
516 2145 554 2202 εἷς
572 2138 674 2208 ταύτην
701 2143 729 2196 οἱ
746 2143 799 2208 μὲν
816 2137 1026 2208 ἀγωνιούμενοι,
1049 2143 1078 2195 οἱ
1102 2143 1133 2195 δὲ
1151 2147 1223 2194 ’κατ’
1243 2142 1392 2213 ἐμπορίαν,

239 2214 268 2267 ol
287 2214 318 2267 δὲ
336 2231 368 2280 γε
385 2215 518 2282 βέλτιστοι
537 2217 664 2286 ἔρχονται
681 2217 786 2277 θεαταί,
806 2213 892 2272 οὕτως
915 2211 954 2266 ἐν’
969 2219 1007 2280 aql
1023 2216 1073 2280 βίῳ
1094 2214 1122 2265 oi
1138 2215 1191 2276 aiv
1214 2211 1392 2283 oivipanoalai,

238 2284 355 2364 beccique]
368 2279 495 2353 φύονται,Ι
514 2283 597 2352 δόξης
608 2284 654 2336 ’καὶ
671 2285 827 2343 πλεονεξίας
844 2286 970 2359 θηραταί,
991 2285 1020 2335 ol
1038 2283 1070 2336 di
1088 2285 1244 2354 φιλόσοφοι
1256 2289 1308 2351 ,τῆς
1325 2287 1394 2350 aliq·

238 2356 345 2418 θείας.“
363 2357 426 2409 Fre.
447 2355 539 2407 Fabr,
568 2355 717 2422 „Videtur
735 2354 837 2407 Cicero
856 2364 900 2407 tot
917 2355 1004 2407 verba
1022 2355 1184 2418 (mercatam
1202 2371 1271 2419 eum,
1291 2355 1340 2421 qui
1359 2387 1392 2396 —

239 2427 411 2494 celebritate)
435 2425 485 2478 hic
510 2427 645 2496 posuisse,
675 2425 751 2495 quod
768 2425 883 2476 nullum
901 2425 1029 2489 haberet,
1057 2443 1114 2493 quo
1133 2441 1190 2478 uno
1207 2425 1269 2477 vim
1288 2426 1393 2478 Graeci

238 2498 372 2550 vocabuli
401 2496 554 2564 πανήγυρις
580 2497 743 2566 exprimere
771 2495 896 2565 posset.“
918 2496 1008 2557 'Helen
1040 2494 1132 2564 stepo.
1170 2497 1208 2558 in,
1231 2497 1290 2551 Cio.
1320 2498 1390 2549 Lex.

239 2586 268 2638 p.
289 2571 350 2623 185.
387 2567 550 2634 „Nobilem
576 2566 652 2619 hanc
676 2565 857 2640 Pythagorae
876 2567 1047 2619 sententiam
1070 2584 1086 2617 a
1104 2567 1204 2618 multis
1231 2584 1394 2636 expressam

240 2656 298 2692 esse
323 2638 423 2706 docuit
440 2637 673 2690 Hemsterhnsins
701 2636 735 2688 ad
761 2637 882 2688 Luciani
900 2637 934 2697 D,
955 2640 992 2689 llll.
1011 2639 1053 2693 26-
1079 2654 1109 2707 p.
1129 2639 1190 2693 494.
1211 2639 1332 2713 Longin.
1357 2638 1392 2691 de

240 2708 361 2762 sublim.
381 2711 425 2775 35,
445 2707 493 2763 2·“
512 2707 606 2762 Klein.
644 2706 797 2776 Excerpsit
820 2707 899 2758 hunc
924 2708 1021 2759 locum
1043 2709 1087 2760 Jo.
1108 2709 1245 2765 Valensis
1260 2710 1290 2760 in
1309 2708 1393 2762 Com·

239 2777 427 2850 pendiloquio
445 2798 473 2849 p.
496 2781 555 2834 174.
574 2795 667 2830 versa:
688 2775 754 2841 „De
771 2776 828 2829 hoc
846 2778 961 2829 Tullius
978 2780 1012 2829 V.
1037 2779 1121 2831 Tusc.
1142 2797 1169 2848 q.
1195 2789 1268 2849 post*
1283 2780 1394 2849 princi-

239 2849 336 2920 pium:
357 2849 431 2902 sicut
450 2850 482 2902 iu
498 2854 623 2901 mercatu
641 2848 780 2901 celebrato
799 2847 874 2914 apud
892 2848 1054 2902 Graeciam:
1074 2849 1117 2901 sic
1134 2857 1160 2901 et
1180 2848 1210 2901 ia
1228 2850 1295 2902 nita.
1321 2852 1395 2904 Illuc

241 2919 314 2974 enim
331 2920 477 2974 veniebant
496 2919 587 2986 aliqui
605 2934 688 2971 caasa
705 2919 827 2984 gloriae,
847 2919 937 2988 aliqui
954 2935 1039 2990 caasa
1055 2921 1198 2987 pecuniae,
1222 2922 1312 2990 aliqui
1329 2938 1394 2974 aero

242 2991 269 3046 it
288 2992 355 3045 rari
372 2991 426 3045 illu
442 3008 496 3059 pro
516 2988 605 3043 nihilo
624 2988 752 3042 babentes
768 2991 911 3043 veniebant
929 2998 958 3043 ut
977 2991 1150 3055 intuerentur
1168 2993 1320 3044 studiosius
1340 3009 1394 3046 aa·

242 3069 357 3130 taram
380 3067 503 3115 reram.
540 3060 589 3114 Sic
613 3066 641 3113 et
663 3059 694 3112 iu
720 3063 787 3115 vita.
825 3060 895 3113 Saat
922 3062 995 3114 enim
1019 3061 1142 3131 quidam,
1174 3063 1222 3129 qai
1246 3064 1395 3121 civitam

241 3133 352 3186 ueniant
371 3139 396 3184 et
415 3135 445 3186 in
464 3148 497 3185 ea
515 3131 645 3191 laborant
663 3132 694 3184 ob
711 3131 881 3185 nobilitatem
898 3149 1028 3197 coronae,
1048 3132 1103 3186 alii
1127 3148 1213 3184 causa
1238 3133 1312 3186 lucri
1330 3152 1395 3188 aen·

244 3203 335 3256 deado
355 3208 383 3255 et
401 3203 529 3256 calendo.-
560 3202 621 3270 atti·
639 3208 669 3254 at
693 3203 854 3255 intueantur
877 3204 1029 3257 studiosius
1052 3219 1143 3255 rerum
1168 3206 1312 3256 naturam:
1348 3208 1396 3273 qui

240 3280 359 3342 possunt
376 3272 655 3346 appeltaeistadiasi
671 3272 825 3342 sapientiae
843 3274 899 3327 siue
915 3272 1082 3350 philosophi.
1104 3274 1183 3328 Unde
1201 3276 1396 3343 Anaxagoras

243 3344 437 3411 interrogatas
455 3360 506 3396 eur
523 3350 605 3395 natus
622 3351 700 3410 esset,
729 3347 838 3396 ostenso
852 3345 1136 3412 ¹catelo'sieleribasque
1151 3347 1324 3409 ntoastratis,
1351 3365 1397 3410 re-¹

245 3415 391 3482 spondiese
409 3415 514 3478 fertur:
536 3416 574 3466 ad
591 3411 824 3468 borum‘omuium
839 3414 1113 3482 ¹contemplationem
1132 3416 1205 3468 sicut
1223 3417 1294 3470 llicit
1310 3416 1395 3470 ctat-

245 3485 339 3538 citlias
357 3500 439 3553 super
455 3484 577 3554 primam
595 3485 705 3549 librum⁸
718 3485 828 3549 Tineaei
845 3484 985 3554 Platonis.
1013 3487 1085 3552 [Vid.
1098 3486 1303 3556 appendicem
1323 3488 1394 3559 Opp.

245 3555 273 3608 S.
293 3556 448 3625 Hippolyti
466 3556 518 3609 Ed.
539 3555 566 3611 J.
586 3555 625 3607 Α.
638 3557 764 3626 Fabricii
790 3573 855 3630 pag.
884 3556 974 3630 inarg.
1000 3557 1074 3622 361.]
1110 3557 1155 3609 Ad
1184 3559 1243 3610 loci
1270 3567 1398 3611 structu·

244 3643 318 3677 ram:
349 3625 473 3678 similem
497 3626 554 3680 sibi
580 3626 675 3679 videri
696 3631 774 3693 -et
801 3657 833 3667 -
857 3626 985 3680 wolfius
1014 3627 1044 3677 in
1071 3627 1176 3679 scholis
1204 3636 1303 3681 monet
1333 3647 1397 3681 eam

155 3741 157 3745 .
215 3740 220 3745 ,
245 3694 363 3764 Graecis
390 3706 420 3748 et
437 3697 546 3749 Latinis
573 3714 632 3750 esse
656 3697 813 3766 propriam,
838 3705 958 3766 eamque
982 3697 1095 3748 confert
1120 3703 1186 3749 cum
1203 3699 1397 3752 locutionibus

244 3767 377 3820 similiter
396 3783 443 3831 ac,
454 3766 572 3835 perinde
591 3783 632 3830 ac,
651 3768 725 3820 alias
744 3771 800 3818 ac.'
815 3765 915 3819 Ochsn.
936 3767 970 3818 ad
989 3767 1048 3833 Cic.
1068 3768 1132 3818 Ecl.
1152 3787 1179 3838 p.
1199 3773 1261 3825 413.
1282 3772 1398 3822 confert

244 3837 279 3890 de
298 3838 334 3889 N.
354 3838 387 3890 D.
409 3839 460 3891 111.
480 3840 511 3890 6:
539 3836 620 3894 outa·
639 3837 733 3890 simile
756 3836 897 3889 medicina
924 3844 950 3889 et
974 3837 1131 3902 diuinatio?
1167 3841 1243 3907 quod
1269 3841 1398 3893 alienum

245 3925 304 3977 esse
323 3927 338 3960 a
358 3917 458 3976 nostro
483 3909 547 3977 loco
575 3907 741 3978 exemplum
758 3924 826 3962 rere
845 3917 943 3959 monet
966 3909 1061 3960 Kiihn.
1082 3910 1150 3979 quia
1168 3910 1208 3962 ibi
1227 3910 1397 3984 intelligend

245 3979 313 4030 dum
334 3989 376 4031 est
394 3978 498 4032 babent.
520 3978 612 4043 ,Beue
631 3985 727 4044 autem
746 3977 798 4029 ille
817 3979 930 4031 confert
949 3979 1087 4047 Graecam
1104 3980 1280 4045 locutionem
1299 3982 1398 4048 ὅμοιος

244 4057 298 4110 καί,
319 4045 334 4102 ὁ
354 4054 437 4116 αὐτὸς
455 4053 510 4113 καί,
540 4066 576 4100 ex
600 4047 709 4101 Platon.
726 4047 807 4100 coit.
828 4045 967 4118 apto
987 4046 1012 4101 b'.
1042 4047 1260 4103 Heroden-Vll.
1287 4056 1331 4107 84.
1352 4053 1396 4111 86.

153 4180 155 4191 .
244 4120 314 4173 Ado.
335 4121 370 4174 de
388 4123 425 4173 N.
444 4120 483 4187 1).
497 4122 523 4184 3,
543 4119 647 4185 3111,
665 4117 902 4191 91111111ααὶ1,
931 4121 1109 4175 similiter
1136 4123 1284 4188 incisae
1309 4123 1337 4175 si
1354 4139 1398 4175 me

245 4187 586 4321 Regendcpettessdupbus
603 4188 733 4311 coptuear
759 4193 854 4314 erutis,
878 4185 1058 4315 quumpidem
1083 4191 1136 4273 uae
1155 4194 1265 4277 assequi
1280 4195 1396 4314 possim.

219 4305 221 4309 -
244 4279 379 4400 1111111111.
399 4296 544 4408 (1111111111.Ι
569 4275 716 4384 gosem
732 4275 795 4383 'eliab
815 4277 976 4403 {18⁸5th
985 4270 1051 4397 (ng
1058 4264 1398 4402 ι1111111111)1161811111111ζῖο

245 4402 393 4457 morabilis
419 4399 506 4453 etiam
533 4408 576 4453 est
603 4409 754 4455 structura
776 4402 807 4453 in
829 4404 883 4474 Ep.
909 4404 968 4458 cic.
997 4401 1115 4468 ad1lltt.
1145 4404 1180 4470 de
1203 4405 1337 4460 Oratione
1355 4406 1397 4458 -in
