2856 5084
411 240 634 345 excussus
654 277 714 342 1x.
737 275 778 340 aa
799 263 843 343 11.
868 277 917 342 rs.
939 275 992 342 aa.
1222 276 1284 343 ere

134 441 257 508 variare,
276 441 424 496 nobiscum
442 443 633 496 consentiunt.
670 440 858 508 Quarenihil
876 447 975 505 restat,
995 439 1052 492 nisi
1069 447 1103 492 ut
1115 439 1286 495 Editionunt

83 562 86 569 ,
133 512 272 566 lectiones
290 513 436 567 addamus:
457 529 513 582 quo
531 515 608 565 facto
628 511 761 565 excursui
778 511 848 565 huic
866 512 955 564 finem
973 511 1160 581 imponemus.

205 584 290 637 Plane
313 585 462 638 nobiscum
483 584 589 637 habent
610 589 688 654 potes
716 581 811 635 dicere
838 588 887 635 aat
905 580 1085 636 Philoctetam
1106 583 1186 636 ittam
1211 581 1284 635 Edd.

133 654 162 704 P.
182 653 215 705 A.
234 656 265 708 B.
286 655 316 708 O·
336 656 369 709 V.
388 658 425 711 M.
444 656 514 707 Ven.
534 663 623 706 nostr.
645 653 708 706 Asc.
726 657 750 707 l.
770 655 795 706 2.
816 655 896 706 Junt.
917 653 980 706 Gar.
1000 653 1098 724 Steph.
1119 652 1184 704 Ald.
1203 652 1286 705 Boul.

134 722 240 776 Sturm.
262 725 352 778 Gebh.
368 733 397 778 et
409 724 481 778 Edd.
500 742 516 776 a
533 724 648 777 Reiskio
668 723 798 776 collatae.
818 722 908 777 Leod.¹
924 738 939 774 a
953 723 1066 790 Quercu
1085 722 1188 776 edidit:
1206 730 1286 792 potet

134 793 228 846 dicere
245 792 427 849 Pbr‘loctetara
444 792 547 849 ittam?
566 794 615 847 sed
632 803 696 864 post
714 792 808 847 dicere
826 793 858 845 in
876 811 966 868 marg.
986 794 1079 860 addit,
1106 799 1154 846 aat
1173 792 1305 848 Prome--

134 861 226 917 tbeara
244 873 302 918 aut.
322 866 393 919 Edd.
414 867 537 921 Hwolf.
556 866 636 917 Brut.
661 863 739 933 Sylb.
760 864 843 916 Verb.
869 864 938 917 Dav.
961 865 985 919 l·
1010 864 1083 918 oliv.
1106 873 1135 917 ct
1152 880 1188 916 ex
1206 864 1288 916 Orel-

132 935 218 987 lianis
238 937 264 992 S.
285 937 318 990 E.
338 938 370 991 1..
398 940 476 1004 potes
504 935 599 988 dicere
618 932 806 987 Prometheum
825 941 873 988 cut
890 933 961 988 Part.
998 935 1071 988 Cum
1088 951 1178 1019 marg.
1192 934 1285 1008 Leod.

133 1006 182 1058 sed
201 1007 232 1057 in
251 1007 393 1061 contextis
410 1007 517 1058 habent
535 1012 583 1059 aut
601 1004 694 1058 Prom.
714 1009 769 1079 aar
780 1003 898 1058 Pbe'loct.
927 1005 1005 1058 Edit.
1025 1006 1175 1058 Bouhierri
1193 1012 1286 1072 vetus,

132 1075 205 1128 Lall.
227 1086 256 1129 et
273 1077 419 1133 FAWolf.
444 1077 477 1128 in
494 1076 536 1128 ed.
557 1081 580 1131 1.
619 1074 751 1144 Sed1hic
774 1077 861 1128 verba
883 1076 939 1129 duo
963 1076 1071 1145 priora,
1106 1085 1141 1128 ut
1164 1076 1287 1140 incerta,

133 1147 249 1200 uncinis
268 1148 396 1201 coercuit
416 1165 538 1216 eumque
557 1155 669 1200 secutus
688 1153 731 1197 est
747 1147 828 1202 Koel.
851 1147 977 1207 Bentleii
996 1148 1192 1200 coniecturam
1208 1150 1287 1216 poter

134 1222 163 1270 te
181 1218 274 1271 dicere
291 1225 341 1271 aut
358 1215 430 1274 Pbr'l.
450 1217 552 1272 tilam?
571 1224 745 1287 receperunt
762 1216 831 1268 Dav.
852 1216 888 1268 in
901 1218 973 1273 Edd.
993 1220 1018 1272 2.
1039 1221 1111 1289 913.
1137 1218 1161 1269 F
1162 1216 1285 1272 AWolf.

133 1286 167 1370 in
183 1287 255 1340 Edd.
275 1291 300 1342 2.
322 1297 355 1371 et
368 1291 393 1343 3.
414 1288 496 1341 Schz.
519 1315 552 1325 -
588 1286 804 1369 Lambinianam
820 1287 977 1341 lectionem
996 1305 1081 1358 supra
1099 1287 1190 1358 posui.
1219 1289 1288 1370 Per-

133 1359 403 1483 ettttttttue
424 1355 1285 1498 }t‡?.tt.??..'ti⁰.1tttte.‚“tptitss‘z‘ssattttz‘tt:

132 1497 173 1549 Et
191 1500 241 1562 sic,
261 1517 327 1574 cum
344 1498 547 1569 parentheseos
566 1499 665 1572 signis,
684 1514 849 1568 expressum
867 1502 910 1552 est
928 1500 959 1551 in
977 1499 1048 1552 Edd.
1067 1499 1181 1551 Larnbb.
1197 1498 1284 1551 Goth.

132 1567 214 1633 Ald.;
233 1570 294 1622 sine
312 1569 477 1639 parenthesi
499 1570 530 1620 in
547 1568 626 1620 Boul.
646 1569 726 1620 Brut.
747 1564 828 1639 sylb.
865 1569 901 1622 ln
918 1570 1015 1628 hamb.
1038 1571 1120 1625 1566:
1148 1566 1287 1622 Ptttocte-

132 1639 213 1691 tam?
231 1639 297 1694 e'ltor
315 1639 399 1704 caim,
418 1655 499 1706 quam
518 1645 554 1704 te,
573 1639 652 1693 mata.
690 1637 746 1692 Sed
764 1647 819 1692 etc.
838 1641 887 1692 Fr.
906 1639 990 1692 Fabr.
1022 1637 1212 1693 stornetbeam
1237 1645 1286 1693 aa?

132 1707 336 1763 Philoctetam?
369 1711 440 1763 illos
466 1708 542 1763 ear'm
565 1724 648 1778 quam
670 1715 697 1761 te
723 1706 808 1762 mala.
825 1706 827 1710 ’
844 1708 902 1764 Sed
920 1737 953 1748 —
978 1711 1039 1763 Iam
1056 1726 1126 1763 vero
1144 1710 1285 1763 adfinem

131 1779 218 1832 huius
238 1798 373 1833 excursus
391 1798 481 1832 unum
507 1779 563 1832 hoc
586 1779 723 1844 addimus,
752 1797 924 1851 quamquam
948 1780 1005 1844 iam
1032 1780 1179 1833 aDavisio
1206 1789 1289 1834 recte

132 1860 195 1921 post
219 1850 292 1904 iacet
318 1869 416 1904 versus
441 1853 638 1934 fragmentum
671 1849 802 1918 incipere
831 1851 1026 1925 significatum
1047 1852 1094 1914 sit,
1126 1852 1286 1903 Ernestum

133 1929 230 1974 tamen
247 1930 281 1973 ut
297 1939 410 1992 prosam
428 1929 588 1973 orationem
606 1921 777 1989 expressisse
800 1921 887 1973 etiam
911 1921 998 1974 verba
1020 1920 1051 1972 λη
1074 1921 1144 1973 lecta
1163 1919 1284 1987 bamido,

132 1990 192 2058 qut
204 2024 247 2056 -,
267 1992 414 2045 olivetum
424 2008 492 2044 vero
511 1990 570 2043 tria
584 1990 670 2052 verba
687 1988 717 2043 λη
736 1991 805 2042 tecta
823 1989 944 2056 humido,
964 2008 1137 2059 versumque
1156 1990 1286 2060 incipere

132 2079 149 2184 ἲ
168 2063 249 2184 apiod.
285 2063 426 2188 Effestus
445 2071 542 2115 autem
559 2060 592 2113 in
609 2068 705 2113 annot.
725 2062 826 2130 probat
842 2062 969 2133 Bentleii
992 2062 1026 2115 de
1045 2060 1091 2112 his
1110 2060 1204 2114 verbis
1223 2078 1287 2115 sen·

147 2149 182 2186 en
207 2151 263 2189 am.
335 2151 360 2186 r.

631 2261 797 2274 ..n—n..—

485 2409 836 2486 EXCURSUS
876 2411 927 2484 X.

274 2541 309 2595 ad
327 2542 387 2595 Cic.
405 2541 489 2594 Tusc.
509 2539 548 2593 11.
567 2543 609 2597 15.
629 2544 673 2597 35.
710 2543 788 2595 Haec
812 2542 865 2596 duo
891 2537 993 2594 Graeci
1017 2538 1064 2595 tat
1089 2548 1143 2594 etc.

316 2648 363 2700 Ex
380 2646 487 2701 Mureti
505 2647 650 2700 variarum
668 2647 829 2703 lectionum
846 2647 897 2699 lib.
917 2645 992 2698 XIX.
1012 2663 1037 2702 c.
1053 2646 1102 2702 IV.

215 2751 354 2814 Rectene
383 2751 497 2817 Cicero
527 2751 672 2816 Graecos
694 2753 940 2833 reprehenderit,
969 2753 1057 2835 qaod
1076 2749 1233 2818 Laborem
1255 2759 1285 2812 et

256 2834 410 2898 Dolorem
430 2855 495 2896 aaa
516 2854 591 2897 voce
611 2829 714 2899 πόνον
736 2835 898 2916 appellare
919 2837 1050 2899 dixerit.

205 2971 241 3042 M:
261 2942 376 3022 Tullius
394 2983 566 3040 quamquam
589 2967 715 3038 φιλέλλην
734 2977 763 3023 et
782 2978 852 3034 erat,
879 2978 908 3022 et
928 2970 1029 3022 haberi
1046 2964 1169 3031 volebat,
1198 2966 1290 3018 Grae-

133 3053 235 3092 corum
259 3048 355 3093 tamen
373 3040 485 3092 nationi
503 3056 709 3109 nonnunquam
733 3040 901 3110 subiniquus
919 3040 1054 3104 videtur,
1082 3055 1140 3090 non
1163 3044 1286 3102 tantum,

132 3109 182 3161 ubi
201 3126 312 3165 caussae
325 3111 456 3163 'serviens
476 3127 577 3163 eorum
595 3104 683 3162 fidem
701 3111 733 3161 in
750 3111 925 3162 testimoniis
944 3111 1046 3175 elevat,
1073 3108 1223 3161 levitatem
1241 3108 1287 3158 in·
1368 3142 1375 3153 κ

132 3188 268 3247 sectatur,
288 3181 421 3234 instituta
439 3180 565 3236 deridet:
598 3182 647 3234 sed
665 3181 752 3233 etiam
775 3194 842 3232 cum
860 3182 1014 3243 Romanam
1036 3181 1168 3264 linguam
1185 3178 1287 3232 verbo·

133 3268 199 3302 rum
222 3252 303 3322 copia
328 3268 385 3304 non
411 3253 535 3306 Graecae
566 3269 666 3322 parem
691 3251 784 3316 modo,
810 3252 858 3304 sed
884 3252 970 3303 etiam
998 3264 1176 3322 superiorem
1198 3249 1283 3301 facit:

133 3321 210 3390 quod
227 3329 287 3374 tam
305 3322 395 3398 longe
414 3323 492 3375 abest
515 3341 531 3375 a
557 3338 637 3385 vero,
659 3330 694 3373 ut
719 3321 793 3373 mihi
818 3322 892 3390 ipsae
916 3322 1041 3386 chartae,
1074 3321 1105 3372 in
1130 3320 1231 3389 quibus
1256 3319 1286 3371 id

86 3431 89 3436 .
132 3392 275 3460 scriptum
300 3402 351 3457 est,
382 3393 550 3446 erubescere
573 3392 735 3444 videantur.
773 3391 845 3456 Quid
867 3391 942 3444 libro
966 3391 1089 3445 secundo
1112 3390 1288 3443 Tusculana-

133 3479 209 3525 rum,
238 3480 304 3515 eum
328 3465 451 3517 Graecos
476 3471 562 3538 negat
589 3481 639 3515 sua
659 3463 760 3536 lingua
786 3463 909 3514 laborem
934 3477 952 3514 a
976 3463 1072 3516 dotare
1097 3461 1285 3535 distinguere,

133 3549 229 3584 annon
247 3543 345 3602 aperte
364 3535 572 3586 calumniatur?
607 3533 710 3602 Neque
733 3527 885 3601 rectinaret
910 3540 951 3584 est
976 3533 1082 3585 doloris
1108 3548 1213 3595 amans,
1237 3530 1287 3582 sed

132 3602 247 3654 laboris.
284 3604 323 3655 At
340 3603 430 3658 πόνον
449 3605 595 3658 interdum
610 3604 696 3656 etiam
715 3602 840 3656 dolorem
857 3610 969 3667 vocant,
981 3612 1018 3656 ‘et
1037 3603 1168 3655 laborare
1185 3600 1287 3653 dicunt

134 3690 178 3726 eas
198 3675 327 3742 corporis
344 3683 449 3743 partes,
470 3693 541 3744 quae
560 3673 669 3728 dolent.
702 3674 769 3726 Non
787 3673 880 3748 igitur
898 3672 974 3726 idem
994 3683 1022 3726 et
1040 3672 1286 3726 Latini'faciunt?

133 3743 215 3799 Unde
239 3743 332 3818 igitur
349 3753 416 3796 sunt
437 3745 508 3797 illa?

300 3812 421 3868 Laborat
439 3833 454 3868 e
475 3815 572 3869 dolore
594 3814 706 3869 misera.

134 3894 163 3940 et
450 3913 453 3920 ‚

89 4013 91 4017 ,
301 3957 375 4012 Quae
394 3957 552 4010 laborantes
576 3964 655 4010 atero
670 3958 791 4025 puellae.

134 4037 163 4082 et
182 4027 233 4098 qui
255 4026 367 4079 laborat
389 4027 523 4101 podagra,
551 4036 628 4080 certe
653 4045 711 4080 non
737 4029 776 4079 ita
795 4026 914 4091 laborat,
944 4035 978 4078 ut
995 4024 1111 4090 Marius,
1140 4041 1207 4077 cum
1224 4032 1287 4078 astu

134 4115 238 4173 magno
257 4097 378 4150 ducebat
396 4110 507 4171 agmen.
546 4096 601 4149 Sed
619 4096 699 4162 cuius
725 4097 822 4167 potius
850 4098 881 4149 in
898 4097 973 4149 hanc
992 4115 1064 4161 rem,
1088 4113 1174 4166 quam
1197 4095 1287 4164 ipsius

134 4170 281 4223 Ciceronis
303 4166 469 4221 testimonio
494 4171 625 4219 utamur?
660 4167 730 4231 Eius
756 4168 849 4240 igitur
875 4167 961 4220 verba
984 4175 1050 4219 sunt
1077 4167 1232 4220 esecundo
1252 4165 1286 4218 de

133 4240 247 4292 finibus.
285 4239 370 4304 Quos,
396 4237 440 4292 dir'
457 4236 640 4299 immortates,
666 4234 724 4302 aa,
746 4253 808 4290 cum
826 4255 918 4291 amnes
937 4244 1019 4291 artae
1037 4238 1140 4291 ardere
1157 4236 1287 4290 videren-

134 4317 190 4376 tar,
209 4311 348 4364 cruciatae
365 4307 543 4377 perferebat?
562 4323 611 4360 aec
623 4313 715 4360 tamea
725 4306 811 4360 mirer
824 4325 891 4374 eree,
906 4307 972 4379 qaia
983 4325 1119 4362 summam
1136 4308 1169 4362 c‘d
1183 4308 1286 4360 rnatum

133 4398 188 4436 aaa
205 4387 281 4436 erat:
301 4379 486 4436 tantummodo
504 4377 663 4432 laboriosas
680 4376 836 4433 videbatur.
873 4381 975 4434 Nonne
994 4397 1068 4447 euno,
1093 4380 1143 4448 qui
1161 4378 1286 4432 maximo
