<?xml version="1.0" encoding="UTF-8"?>
<!DOCTYPE html PUBLIC "-//W3C//DTD XHTML 1.0 Transitional//EN"
    "http://www.w3.org/TR/xhtml1/DTD/xhtml1-transitional.dtd">
<html xmlns="http://www.w3.org/1999/xhtml" xml:lang="en" lang="en">
 <head>
  <title>
</title>
<meta http-equiv="Content-Type" content="text/html;charset=utf-8" />
  <meta name='ocr-system' content='tesseract 3.04.00' />
  <meta name='ocr-capabilities' content='ocr_page ocr_carea ocr_par ocr_line ocrx_word'/>
</head>
<body>
  <div class='ocr_page' id='page_1' title='image "./mtulliiciceroni02davigoog/mtulliiciceroni02davigoog_0365.png"; bbox 0 0 2856 5084; ppageno 0'>
   <div class='ocr_carea' id='block_1_1' title="bbox 148 251 920 333">
    <p class='ocr_par' dir='ltr' id='par_1_1' title="bbox 148 251 920 333">
     <span class='ocr_line' id='line_1_1' title="bbox 148 251 920 333; baseline -0.006 -12"><span class='ocrx_word' id='word_1_1' title='bbox 148 251 211 321; x_wconf 75' lang='lat' dir='ltr'>aas</span> <span class='ocrx_word' id='word_1_2' title='bbox 440 253 444 259; x_wconf 89' lang='lat'>·</span> <span class='ocrx_word' id='word_1_3' title='bbox 537 251 920 333; x_wconf 70' lang='lat' dir='ltr'>normannorum</span> 
     </span>
    </p>
   </div>
   <div class='ocr_carea' id='block_1_2' title="bbox 218 403 1304 490">
    <p class='ocr_par' dir='ltr' id='par_1_2' title="bbox 218 403 1304 490">
     <span class='ocr_line' id='line_1_2' title="bbox 218 403 1304 490; baseline 0.006 -20"><span class='ocrx_word' id='word_1_4' title='bbox 218 416 242 482; x_wconf 91' lang='lat'>1,</span> <span class='ocrx_word' id='word_1_5' title='bbox 261 415 307 481; x_wconf 79' lang='lat'>25,</span> <span class='ocrx_word' id='word_1_6' title='bbox 324 417 374 473; x_wconf 71' lang='lat'>62:</span> <span class='ocrx_word' id='word_1_7' title='bbox 395 403 512 486; x_wconf 78' lang='lat' dir='ltr'>quorum</span> <span class='ocrx_word' id='word_1_8' title='bbox 529 417 720 473; x_wconf 82' lang='lat' dir='ltr'>conversiones</span> <span class='ocrx_word' id='word_1_9' title='bbox 738 433 881 486; x_wconf 80' lang='lat' dir='ltr'>emmaque</span> <span class='ocrx_word' id='word_1_10' title='bbox 896 424 985 489; x_wconf 82' lang='lat' dir='ltr'>motus</span> <span class='ocrx_word' id='word_1_11' title='bbox 1002 420 1050 490; x_wconf 84' lang='lat' dir='ltr'>qui</span> <span class='ocrx_word' id='word_1_12' title='bbox 1063 417 1200 473; x_wconf 79' lang='lat' dir='ltr'>unimus</span> <span class='ocrx_word' id='word_1_13' title='bbox 1218 421 1304 487; x_wconf 81' lang='lat' dir='ltr'>cidit,</span> 
     </span>
    </p>
   </div>
   <div class='ocr_carea' id='block_1_3' title="bbox 103 485 1304 560">
    <p class='ocr_par' dir='ltr' id='par_1_3' title="bbox 103 485 1304 560">
     <span class='ocr_line' id='line_1_3' title="bbox 103 485 1304 560; baseline 0.005 -20"><span class='ocrx_word' id='word_1_14' title='bbox 103 524 126 542; x_wconf 53' lang='lat'><strong>2</strong></span> <span class='ocrx_word' id='word_1_15' title='bbox 147 485 176 540; x_wconf 82' lang='lat' dir='ltr'>ie</span> <span class='ocrx_word' id='word_1_16' title='bbox 194 488 289 541; x_wconf 83' lang='lat' dir='ltr'>docuit</span> <span class='ocrx_word' id='word_1_17' title='bbox 306 487 428 541; x_wconf 84' lang='lat' dir='ltr'>similem</span> <span class='ocrx_word' id='word_1_18' title='bbox 451 490 574 542; x_wconf 79' lang='lat' dir='ltr'>orimum</span> <span class='ocrx_word' id='word_1_19' title='bbox 595 506 676 543; x_wconf 83' lang='lat' dir='ltr'>suum</span> <span class='ocrx_word' id='word_1_20' title='bbox 694 492 752 544; x_wconf 83' lang='lat' dir='ltr'>eius</span> <span class='ocrx_word' id='word_1_21' title='bbox 769 506 837 555; x_wconf 86' lang='lat' dir='ltr'>esse,</span> <span class='ocrx_word' id='word_1_22' title='bbox 863 489 909 560; x_wconf 79' lang='lat' dir='ltr'>qui</span> <span class='ocrx_word' id='word_1_23' title='bbox 935 507 967 543; x_wconf 84' lang='lat' dir='ltr'>eu</span> <span class='ocrx_word' id='word_1_24' title='bbox 989 491 1147 557; x_wconf 70' lang='lat' dir='ltr'>fabricatus</span> <span class='ocrx_word' id='word_1_25' title='bbox 1171 499 1244 545; x_wconf 83' lang='lat' dir='ltr'>esset</span> <span class='ocrx_word' id='word_1_26' title='bbox 1274 495 1304 546; x_wconf 85' lang='lat' dir='ltr'>iu</span> 
     </span>
    </p>
   </div>
   <div class='ocr_carea' id='block_1_4' title="bbox 143 559 1305 912">
    <p class='ocr_par' dir='ltr' id='par_1_4' title="bbox 143 559 1305 912">
     <span class='ocr_line' id='line_1_4' title="bbox 146 559 1304 628; baseline 0.005 -17"><span class='ocrx_word' id='word_1_27' title='bbox 146 561 232 612; x_wconf 82' lang='lat' dir='ltr'>coelo.</span> <span class='ocrx_word' id='word_1_28' title='bbox 268 562 374 612; x_wconf 83' lang='lat' dir='ltr'><strong>Vocem</strong></span> <span class='ocrx_word' id='word_1_29' title='bbox 396 559 505 612; x_wconf 82' lang='lat' dir='ltr'>unimus</span> <span class='ocrx_word' id='word_1_30' title='bbox 529 577 596 612; x_wconf 93' lang='lat' dir='ltr'>cum</span> <span class='ocrx_word' id='word_1_31' title='bbox 620 561 672 613; x_wconf 92' lang='lat' dir='ltr'>alii</span> <span class='ocrx_word' id='word_1_32' title='bbox 696 562 879 614; x_wconf 78' lang='lat' dir='ltr'>correxerint</span> <span class='ocrx_word' id='word_1_33' title='bbox 905 561 959 614; x_wconf 89' lang='lat' dir='ltr'>alii</span> <span class='ocrx_word' id='word_1_34' title='bbox 986 562 1163 628; x_wconf 82' lang='lat' dir='ltr'>deleverint,</span> <span class='ocrx_word' id='word_1_35' title='bbox 1191 566 1304 617; x_wconf 88' lang='lat' dir='ltr'>servari</span> 
     </span>
     <span class='ocr_line' id='line_1_5' title="bbox 146 630 1305 753; baseline 0.003 -69"><span class='ocrx_word' id='word_1_36' title='bbox 146 630 211 684; x_wconf 80' lang='lat' dir='ltr'>vult</span> <span class='ocrx_word' id='word_1_37' title='bbox 228 630 359 753; x_wconf 36' lang='lat' dir='ltr'>&amp;lgm</span> <span class='ocrx_word' id='word_1_38' title='bbox 383 630 493 684; x_wconf 78' lang='lat' dir='ltr'>animus</span> <span class='ocrx_word' id='word_1_39' title='bbox 517 632 676 713; x_wconf 83' lang='lat' dir='ltr'>explicans:</span> <span class='ocrx_word' id='word_1_40' title='bbox 714 632 782 684; x_wconf 87' lang='lat' dir='ltr'>der</span> <span class='ocrx_word' id='word_1_41' title='bbox 814 632 934 699; x_wconf 86' lang='lat' dir='ltr'>Geist,</span> <span class='ocrx_word' id='word_1_42' title='bbox 972 633 1132 687; x_wconf 88' lang='lat' dir='ltr'>welcher</span> <span class='ocrx_word' id='word_1_43' title='bbox 1161 633 1215 687; x_wconf 87' lang='lat' dir='ltr'>sie</span> <span class='ocrx_word' id='word_1_44' title='bbox 1246 635 1305 689; x_wconf 92' lang='lat' dir='ltr'>be·</span> 
     </span>
     <span class='ocr_line' id='line_1_6' title="bbox 147 710 1304 841; baseline 0.004 -17"><span class='ocrx_word' id='word_1_45' title='bbox 147 710 240 837; x_wconf 79' lang='lat' dir='ltr'>tracI,</span> <span class='ocrx_word' id='word_1_46' title='bbox 258 719 303 836; x_wconf 59' lang='lat' dir='ltr'>dee,</span> <span class='ocrx_word' id='word_1_47' title='bbox 324 740 368 828; x_wconf 71' lang='lat' dir='ltr'>il:</span> <span class='ocrx_word' id='word_1_48' title='bbox 398 777 425 827; x_wconf 80' lang='lat' dir='ltr'>et</span> <span class='ocrx_word' id='word_1_49' title='bbox 449 779 516 826; x_wconf 84' lang='lat' dir='ltr'>tum</span> <span class='ocrx_word' id='word_1_50' title='bbox 537 789 625 841; x_wconf 81' lang='lat' dir='ltr'>poene</span> <span class='ocrx_word' id='word_1_51' title='bbox 647 773 678 826; x_wconf 84' lang='lat' dir='ltr'>iu</span> <span class='ocrx_word' id='word_1_52' title='bbox 695 788 777 824; x_wconf 83' lang='lat' dir='ltr'>manu</span> <span class='ocrx_word' id='word_1_53' title='bbox 795 771 855 824; x_wconf 83' lang='lat' dir='ltr'>iam</span> <span class='ocrx_word' id='word_1_54' title='bbox 872 772 1050 839; x_wconf 73' lang='lat' dir='ltr'>nwrtiferum</span> <span class='ocrx_word' id='word_1_55' title='bbox 1073 773 1148 828; x_wconf 86' lang='lat' dir='ltr'>illud</span> <span class='ocrx_word' id='word_1_56' title='bbox 1174 781 1304 829; x_wconf 83' lang='lat' dir='ltr'>tenens</span> 
     </span>
     <span class='ocr_line' id='line_1_7' title="bbox 143 843 1303 912; baseline 0.005 -18"><span class='ocrx_word' id='word_1_57' title='bbox 143 845 270 910; x_wconf 82' lang='lat' dir='ltr'>poculum</span> <span class='ocrx_word' id='word_1_58' title='bbox 288 845 395 897; x_wconf 82' lang='lat' dir='ltr'>locutus</span> <span class='ocrx_word' id='word_1_59' title='bbox 413 846 455 898; x_wconf 85' lang='lat' dir='ltr'>itu</span> <span class='ocrx_word' id='word_1_60' title='bbox 473 850 572 912; x_wconf 49' lang='lat' dir='ltr'>camut</span> <span class='ocrx_word' id='word_1_61' title='bbox 592 876 625 888; x_wconf 86' lang='lat'>—</span> <span class='ocrx_word' id='word_1_62' title='bbox 644 843 676 897; x_wconf 84' lang='lat' dir='ltr'>in</span> <span class='ocrx_word' id='word_1_63' title='bbox 690 845 802 912; x_wconf 71' lang='lat' dir='ltr'>caelum</span> <span class='ocrx_word' id='word_1_64' title='bbox 816 844 961 908; x_wconf 77' lang='lat' dir='ltr'>uideretur</span> <span class='ocrx_word' id='word_1_65' title='bbox 979 845 1174 905; x_wconf 70' lang='lat' dir='ltr'>escendere.</span> <span class='ocrx_word' id='word_1_66' title='bbox 1207 847 1303 900; x_wconf 92' lang='lat' dir='ltr'>Docet</span> 
     </span>
    </p>
   </div>
   <div class='ocr_carea' id='block_1_5' title="bbox 39 912 1303 1058">
    <p class='ocr_par' dir='ltr' id='par_1_5' title="bbox 39 912 1303 1058">
     <span class='ocr_line' id='line_1_8' title="bbox 39 912 1303 988; baseline 0.003 -21"><span class='ocrx_word' id='word_1_67' title='bbox 39 980 45 987; x_wconf 33' lang='grc'>,</span> <span class='ocrx_word' id='word_1_68' title='bbox 144 915 191 971; x_wconf 86' lang='lat' dir='ltr'>Kl.</span> <span class='ocrx_word' id='word_1_69' title='bbox 210 916 319 967; x_wconf 89' lang='lat' dir='ltr'>servari</span> <span class='ocrx_word' id='word_1_70' title='bbox 337 932 418 984; x_wconf 87' lang='lat' dir='ltr'>posse</span> <span class='ocrx_word' id='word_1_71' title='bbox 436 912 630 988; x_wconf 68' lang='lat' dir='ltr'>codicis&#39;Reg.</span> <span class='ocrx_word' id='word_1_72' title='bbox 650 914 846 985; x_wconf 81' lang='lat' dir='ltr'>scriptionem,</span> <span class='ocrx_word' id='word_1_73' title='bbox 873 931 927 967; x_wconf 89' lang='lat' dir='ltr'>nec</span> <span class='ocrx_word' id='word_1_74' title='bbox 944 921 1024 980; x_wconf 80' lang='lat' dir='ltr'>vero,</span> <span class='ocrx_word' id='word_1_75' title='bbox 1044 917 1068 967; x_wconf 88' lang='lat' dir='ltr'>si</span> <span class='ocrx_word' id='word_1_76' title='bbox 1088 917 1234 970; x_wconf 82' lang='lat' dir='ltr'>scribatur</span> <span class='ocrx_word' id='word_1_77' title='bbox 1260 924 1303 971; x_wconf 82' lang='lat' dir='ltr'>te·</span> 
     </span>
     <span class='ocr_line' id='line_1_9' title="bbox 123 985 1301 1058; baseline 0.002 -20"><span class='ocrx_word' id='word_1_78' title='bbox 123 1001 220 1052; x_wconf 80' lang='lat' dir='ltr'>·neua,</span> <span class='ocrx_word' id='word_1_79' title='bbox 238 985 302 1044; x_wconf 90' lang='lat' dir='ltr'>ideo</span> <span class='ocrx_word' id='word_1_80' title='bbox 320 1003 387 1037; x_wconf 90' lang='lat' dir='ltr'>cum</span> <span class='ocrx_word' id='word_1_81' title='bbox 404 986 535 1038; x_wconf 91' lang='lat' dir='ltr'>Bentleio</span> <span class='ocrx_word' id='word_1_82' title='bbox 553 987 745 1045; x_wconf 84' lang='lat' dir='ltr'>abiiciendum</span> <span class='ocrx_word' id='word_1_83' title='bbox 764 1002 822 1039; x_wconf 87' lang='lat' dir='ltr'>esse</span> <span class='ocrx_word' id='word_1_84' title='bbox 845 992 909 1050; x_wconf 84' lang='lat' dir='ltr'>tum,</span> <span class='ocrx_word' id='word_1_85' title='bbox 938 986 1019 1038; x_wconf 87' lang='lat' dir='ltr'>cuius</span> <span class='ocrx_word' id='word_1_86' title='bbox 1037 987 1114 1038; x_wconf 87' lang='lat' dir='ltr'>vocis</span> <span class='ocrx_word' id='word_1_87' title='bbox 1138 987 1210 1040; x_wconf 87' lang='lat' dir='ltr'>haec</span> <span class='ocrx_word' id='word_1_88' title='bbox 1229 989 1301 1058; x_wconf 89' lang='lat' dir='ltr'>ipsa,</span> 
     </span>
    </p>
   </div>
   <div class='ocr_carea' id='block_1_6' title="bbox 135 1056 1303 2478">
    <p class='ocr_par' dir='ltr' id='par_1_6' title="bbox 143 1056 1300 1195">
     <span class='ocr_line' id='line_1_10' title="bbox 145 1056 1300 1129; baseline 0.003 -21"><span class='ocrx_word' id='word_1_89' title='bbox 145 1074 218 1126; x_wconf 82' lang='lat' dir='ltr'>quae</span> <span class='ocrx_word' id='word_1_90' title='bbox 236 1065 415 1125; x_wconf 82' lang='lat' dir='ltr'>sequuntur,</span> <span class='ocrx_word' id='word_1_91' title='bbox 425 1058 522 1126; x_wconf 81' lang='lat' dir='ltr'>(paene</span> <span class='ocrx_word' id='word_1_92' title='bbox 539 1056 569 1110; x_wconf 85' lang='lat' dir='ltr'>in</span> <span class='ocrx_word' id='word_1_93' title='bbox 584 1075 669 1129; x_wconf 82' lang='lat' dir='ltr'>mauu</span> <span class='ocrx_word' id='word_1_94' title='bbox 686 1058 744 1119; x_wconf 80' lang='lat' dir='ltr'>ium</span> <span class='ocrx_word' id='word_1_95' title='bbox 761 1056 941 1126; x_wconf 79' lang='lat' dir='ltr'>mortiferum</span> <span class='ocrx_word' id='word_1_96' title='bbox 958 1057 1032 1111; x_wconf 83' lang='lat' dir='ltr'>illud</span> <span class='ocrx_word' id='word_1_97' title='bbox 1046 1059 1176 1127; x_wconf 75' lang='lat' dir='ltr'>poculum</span> <span class='ocrx_word' id='word_1_98' title='bbox 1194 1062 1300 1126; x_wconf 82' lang='lat' dir='ltr'>teneus)</span> 
     </span>
     <span class='ocr_line' id='line_1_11' title="bbox 143 1125 1211 1195; baseline -0.005 -11"><span class='ocrx_word' id='word_1_99' title='bbox 143 1127 203 1184; x_wconf 83' lang='lat' dir='ltr'>sint</span> <span class='ocrx_word' id='word_1_100' title='bbox 221 1125 386 1195; x_wconf 78' lang='grc' dir='ltr'>ἐπεξήγησις.</span> <span class='ocrx_word' id='word_1_101' title='bbox 687 1138 690 1145; x_wconf 85' lang='grc'><strong>’</strong></span> <span class='ocrx_word' id='word_1_102' title='bbox 716 1161 719 1166; x_wconf 90' lang='grc'><strong>-</strong></span> <span class='ocrx_word' id='word_1_103' title='bbox 765 1167 767 1170; x_wconf 44' lang='lat'>&lt;</span> <span class='ocrx_word' id='word_1_104' title='bbox 964 1149 966 1154; x_wconf 56' lang='lat'><strong><em>¹</em></strong></span> <span class='ocrx_word' id='word_1_105' title='bbox 1184 1157 1211 1170; x_wconf 44' lang='lat'>&gt;-</span> 
     </span>
    </p>

    <p class='ocr_par' dir='ltr' id='par_1_7' title="bbox 135 1197 1303 2412">
     <span class='ocr_line' id='line_1_12' title="bbox 214 1197 1303 1266; baseline 0.002 -14"><span class='ocrx_word' id='word_1_106' title='bbox 214 1200 238 1262; x_wconf 88' lang='lat'>1,</span> <span class='ocrx_word' id='word_1_107' title='bbox 257 1202 300 1264; x_wconf 83' lang='lat'>31,</span> <span class='ocrx_word' id='word_1_108' title='bbox 320 1203 367 1256; x_wconf 82' lang='lat'>76:</span> <span class='ocrx_word' id='word_1_109' title='bbox 387 1207 416 1252; x_wconf 84' lang='lat' dir='ltr'>ut</span> <span class='ocrx_word' id='word_1_110' title='bbox 433 1217 541 1266; x_wconf 77' lang='lat' dir='ltr'>vereor,</span> <span class='ocrx_word' id='word_1_111' title='bbox 559 1217 593 1255; x_wconf 87' lang='lat' dir='ltr'>ne</span> <span class='ocrx_word' id='word_1_112' title='bbox 610 1197 716 1264; x_wconf 74' lang='lat' dir='ltr'>bomini</span> <span class='ocrx_word' id='word_1_113' title='bbox 733 1200 770 1254; x_wconf 85' lang='lat' dir='ltr'>sit</span> <span class='ocrx_word' id='word_1_114' title='bbox 786 1215 839 1252; x_wconf 83' lang='lat' dir='ltr'>nou</span> <span class='ocrx_word' id='word_1_115' title='bbox 856 1202 961 1253; x_wconf 82' lang='lat' dir='ltr'>malum</span> <span class='ocrx_word' id='word_1_116' title='bbox 979 1199 1059 1253; x_wconf 86' lang='lat' dir='ltr'>uliud</span> <span class='ocrx_word' id='word_1_117' title='bbox 1078 1205 1162 1265; x_wconf 80' lang='lat' dir='ltr'>certe,</span> <span class='ocrx_word' id='word_1_118' title='bbox 1181 1202 1234 1254; x_wconf 84' lang='lat' dir='ltr'>sed</span> <span class='ocrx_word' id='word_1_119' title='bbox 1252 1200 1303 1254; x_wconf 81' lang='lat' dir='ltr'>ni-</span> 
     </span>
     <span class='ocr_line' id='line_1_13' title="bbox 143 1266 1300 1341; baseline 0.003 -20"><span class='ocrx_word' id='word_1_120' title='bbox 143 1266 186 1322; x_wconf 76' lang='lat' dir='ltr'>tit</span> <span class='ocrx_word' id='word_1_121' title='bbox 209 1271 313 1323; x_wconf 81' lang='lat' dir='ltr'>bouum</span> <span class='ocrx_word' id='word_1_122' title='bbox 332 1269 412 1324; x_wconf 82' lang='lat' dir='ltr'>aliud</span> <span class='ocrx_word' id='word_1_123' title='bbox 432 1273 533 1341; x_wconf 83' lang='lat' dir='ltr'>potius.</span> <span class='ocrx_word' id='word_1_124' title='bbox 569 1272 646 1324; x_wconf 85' lang='lat' dir='ltr'>Haec</span> <span class='ocrx_word' id='word_1_125' title='bbox 668 1269 755 1324; x_wconf 80' lang='lat' dir='ltr'>verba</span> <span class='ocrx_word' id='word_1_126' title='bbox 779 1284 846 1322; x_wconf 91' lang='lat' dir='ltr'>cum</span> <span class='ocrx_word' id='word_1_127' title='bbox 871 1271 929 1322; x_wconf 90' lang='lat' dir='ltr'>sint</span> <span class='ocrx_word' id='word_1_128' title='bbox 951 1272 1017 1322; x_wconf 82' lang='lat' dir='ltr'>satis</span> <span class='ocrx_word' id='word_1_129' title='bbox 1040 1271 1159 1324; x_wconf 90' lang='lat' dir='ltr'>obscura</span> <span class='ocrx_word' id='word_1_130' title='bbox 1187 1274 1300 1325; x_wconf 92' lang='lat' dir='ltr'>factum</span> 
     </span>
     <span class='ocr_line' id='line_1_14' title="bbox 143 1340 1301 1413; baseline 0.003 -20"><span class='ocrx_word' id='word_1_131' title='bbox 143 1349 195 1405; x_wconf 87' lang='lat' dir='ltr'>est,</span> <span class='ocrx_word' id='word_1_132' title='bbox 215 1350 247 1393; x_wconf 92' lang='lat' dir='ltr'>ut</span> <span class='ocrx_word' id='word_1_133' title='bbox 265 1357 361 1394; x_wconf 88' lang='lat' dir='ltr'>omnes</span> <span class='ocrx_word' id='word_1_134' title='bbox 379 1343 414 1395; x_wconf 89' lang='lat' dir='ltr'>ad</span> <span class='ocrx_word' id='word_1_135' title='bbox 431 1362 521 1396; x_wconf 90' lang='lat' dir='ltr'>unum</span> <span class='ocrx_word' id='word_1_136' title='bbox 540 1344 711 1413; x_wconf 84' lang='lat' dir='ltr'>interpretes</span> <span class='ocrx_word' id='word_1_137' title='bbox 730 1342 761 1391; x_wconf 91' lang='lat' dir='ltr'>in</span> <span class='ocrx_word' id='word_1_138' title='bbox 779 1342 814 1403; x_wconf 87' lang='lat' dir='ltr'>iis</span> <span class='ocrx_word' id='word_1_139' title='bbox 832 1340 997 1406; x_wconf 84' lang='lat' dir='ltr'>haererent,</span> <span class='ocrx_word' id='word_1_140' title='bbox 1025 1359 1149 1412; x_wconf 87' lang='lat' dir='ltr'>quorum</span> <span class='ocrx_word' id='word_1_141' title='bbox 1175 1342 1228 1395; x_wconf 89' lang='lat' dir='ltr'>alii</span> <span class='ocrx_word' id='word_1_142' title='bbox 1248 1361 1301 1397; x_wconf 89' lang='lat' dir='ltr'>no·</span> 
     </span>
     <span class='ocr_line' id='line_1_15' title="bbox 143 1411 1297 1481; baseline 0.003 -18"><span class='ocrx_word' id='word_1_143' title='bbox 143 1411 212 1464; x_wconf 88' lang='lat' dir='ltr'>dum</span> <span class='ocrx_word' id='word_1_144' title='bbox 236 1411 452 1481; x_wconf 86' lang='lat' dir='ltr'>interpretando</span> <span class='ocrx_word' id='word_1_145' title='bbox 476 1415 596 1478; x_wconf 86' lang='lat' dir='ltr'>solvere,</span> <span class='ocrx_word' id='word_1_146' title='bbox 625 1414 676 1465; x_wconf 91' lang='lat' dir='ltr'>alii</span> <span class='ocrx_word' id='word_1_147' title='bbox 702 1411 876 1478; x_wconf 82' lang='lat' dir='ltr'>emendando</span> <span class='ocrx_word' id='word_1_148' title='bbox 904 1411 1064 1471; x_wconf 76' lang='lat' dir='ltr'>discindere</span> <span class='ocrx_word' id='word_1_149' title='bbox 1094 1413 1190 1465; x_wconf 84' lang='lat' dir='ltr'>conati</span> <span class='ocrx_word' id='word_1_150' title='bbox 1219 1424 1297 1466; x_wconf 90' lang='lat' dir='ltr'>sunt.</span> 
     </span>
     <span class='ocr_line' id='line_1_16' title="bbox 141 1483 1298 1554; baseline 0.003 -20"><span class='ocrx_word' id='word_1_151' title='bbox 141 1483 288 1535; x_wconf 83' lang='lat' dir='ltr'>Prioribus</span> <span class='ocrx_word' id='word_1_152' title='bbox 306 1484 416 1536; x_wconf 87' lang='lat' dir='ltr'>accedit</span> <span class='ocrx_word' id='word_1_153' title='bbox 434 1485 479 1536; x_wconf 90' lang='lat' dir='ltr'>Kl.</span> <span class='ocrx_word' id='word_1_154' title='bbox 516 1485 551 1538; x_wconf 90' lang='lat' dir='ltr'>In</span> <span class='ocrx_word' id='word_1_155' title='bbox 570 1500 693 1554; x_wconf 79' lang='lat' dir='ltr'>quorum¹</span> <span class='ocrx_word' id='word_1_156' title='bbox 710 1499 830 1535; x_wconf 90' lang='lat' dir='ltr'>numero</span> <span class='ocrx_word' id='word_1_157' title='bbox 850 1500 915 1534; x_wconf 92' lang='lat' dir='ltr'>cum</span> <span class='ocrx_word' id='word_1_158' title='bbox 926 1483 1050 1549; x_wconf 86' lang='lat' dir='ltr'>Orellius</span> <span class='ocrx_word' id='word_1_159' title='bbox 1069 1501 1183 1554; x_wconf 89' lang='lat' dir='ltr'>quoque</span> <span class='ocrx_word' id='word_1_160' title='bbox 1194 1487 1298 1550; x_wconf 81' lang='lat' dir='ltr'>fuerit,</span> 
     </span>
     <span class='ocr_line' id='line_1_17' title="bbox 142 1551 1299 1625; baseline 0.003 -21"><span class='ocrx_word' id='word_1_161' title='bbox 142 1551 195 1605; x_wconf 87' lang='lat' dir='ltr'>ille</span> <span class='ocrx_word' id='word_1_162' title='bbox 213 1553 299 1605; x_wconf 90' lang='lat' dir='ltr'>huius</span> <span class='ocrx_word' id='word_1_163' title='bbox 319 1554 541 1624; x_wconf 85' lang='lat' dir='ltr'>explicationem</span> <span class='ocrx_word' id='word_1_164' title='bbox 565 1563 727 1607; x_wconf 88' lang='lat' dir='ltr'>contortam</span> <span class='ocrx_word' id='word_1_165' title='bbox 751 1562 836 1623; x_wconf 87' lang='lat' dir='ltr'>atquc</span> <span class='ocrx_word' id='word_1_166' title='bbox 862 1554 1030 1623; x_wconf 76' lang='lat' dir='ltr'>perplexam</span> <span class='ocrx_word' id='word_1_167' title='bbox 1048 1555 1197 1625; x_wconf 83' lang='lat' dir='ltr'>appellans</span> <span class='ocrx_word' id='word_1_168' title='bbox 1216 1573 1299 1609; x_wconf 90' lang='lat' dir='ltr'>suam</span> 
     </span>
     <span class='ocr_line' id='line_1_18' title="bbox 141 1623 1297 1696; baseline 0.003 -21"><span class='ocrx_word' id='word_1_169' title='bbox 141 1623 300 1688; x_wconf 84' lang='lat' dir='ltr'>substituit,</span> <span class='ocrx_word' id='word_1_170' title='bbox 320 1643 405 1695; x_wconf 86' lang='lat' dir='ltr'>quam</span> <span class='ocrx_word' id='word_1_171' title='bbox 424 1635 509 1679; x_wconf 89' lang='lat' dir='ltr'>erunt</span> <span class='ocrx_word' id='word_1_172' title='bbox 527 1629 646 1678; x_wconf 83' lang='lat' dir='ltr'>fortasse</span> <span class='ocrx_word' id='word_1_173' title='bbox 665 1624 716 1695; x_wconf 87' lang='lat' dir='ltr'>qui</span> <span class='ocrx_word' id='word_1_174' title='bbox 735 1624 929 1677; x_wconf 87' lang='lat' dir='ltr'>contortulam</span> <span class='ocrx_word' id='word_1_175' title='bbox 948 1625 1095 1694; x_wconf 85' lang='lat' dir='ltr'>appellent</span> <span class='ocrx_word' id='word_1_176' title='bbox 1114 1634 1143 1679; x_wconf 88' lang='lat' dir='ltr'>et</span> <span class='ocrx_word' id='word_1_177' title='bbox 1161 1626 1297 1696; x_wconf 87' lang='lat' dir='ltr'>implica·</span> 
     </span>
     <span class='ocr_line' id='line_1_19' title="bbox 142 1693 1295 1764; baseline 0.005 -18"><span class='ocrx_word' id='word_1_178' title='bbox 142 1701 208 1748; x_wconf 88' lang='lat' dir='ltr'>tam.</span> <span class='ocrx_word' id='word_1_179' title='bbox 244 1695 294 1750; x_wconf 87' lang='lat' dir='ltr'>Sic</span> <span class='ocrx_word' id='word_1_180' title='bbox 311 1705 407 1749; x_wconf 84' lang='lat' dir='ltr'>autem</span> <span class='ocrx_word' id='word_1_181' title='bbox 424 1697 523 1750; x_wconf 82' lang='lat' dir='ltr'>habet:</span> <span class='ocrx_word' id='word_1_182' title='bbox 542 1702 575 1749; x_wconf 85' lang='lat' dir='ltr'>ut</span> <span class='ocrx_word' id='word_1_183' title='bbox 592 1695 664 1750; x_wconf 81' lang='lat' dir='ltr'>milti</span> <span class='ocrx_word' id='word_1_184' title='bbox 681 1695 811 1749; x_wconf 78' lang='lat' dir='ltr'>uideatur</span> <span class='ocrx_word' id='word_1_185' title='bbox 829 1693 936 1748; x_wconf 79' lang='lat' dir='ltr'>domiui.</span> <span class='ocrx_word' id='word_1_186' title='bbox 952 1693 1026 1749; x_wconf 82' lang='lat' dir='ltr'>nibil</span> <span class='ocrx_word' id='word_1_187' title='bbox 1042 1712 1103 1749; x_wconf 82' lang='lat' dir='ltr'>esee</span> <span class='ocrx_word' id='word_1_188' title='bbox 1121 1694 1295 1764; x_wconf 79' lang='lat' dir='ltr'>(nou&#39;modc)</span> 
     </span>
     <span class='ocr_line' id='line_1_20' title="bbox 138 1764 1296 1835; baseline 0.004 -18"><span class='ocrx_word' id='word_1_189' title='bbox 138 1780 193 1819; x_wconf 82' lang='lat' dir='ltr'>non</span> <span class='ocrx_word' id='word_1_190' title='bbox 210 1769 317 1820; x_wconf 79' lang='lat' dir='ltr'>multem</span> <span class='ocrx_word' id='word_1_191' title='bbox 334 1768 415 1822; x_wconf 82' lang='lat' dir='ltr'>uliud</span> <span class='ocrx_word' id='word_1_192' title='bbox 432 1775 516 1833; x_wconf 86' lang='lat' dir='ltr'>certe,</span> <span class='ocrx_word' id='word_1_193' title='bbox 538 1767 701 1835; x_wconf 73' lang='lat' dir='ltr'>ee&#39;d&#39;potius</span> <span class='ocrx_word' id='word_1_194' title='bbox 718 1764 792 1820; x_wconf 71' lang='lat' dir='ltr'>nillil</span> <span class='ocrx_word' id='word_1_195' title='bbox 809 1767 908 1820; x_wconf 80' lang='lat' dir='ltr'>bonum</span> <span class='ocrx_word' id='word_1_196' title='bbox 925 1766 1005 1820; x_wconf 85' lang='lat' dir='ltr'>uliud</span> <span class='ocrx_word' id='word_1_197' title='bbox 1015 1774 1029 1820; x_wconf 87' lang='lat'>.·&#39;</span> <span class='ocrx_word' id='word_1_198' title='bbox 1041 1784 1084 1820; x_wconf 82' lang='lat' dir='ltr'>so</span> <span class='ocrx_word' id='word_1_199' title='bbox 1108 1768 1189 1821; x_wconf 80' lang='lat' dir='ltr'>dass</span> <span class='ocrx_word' id='word_1_200' title='bbox 1215 1769 1296 1823; x_wconf 85' lang='lat' dir='ltr'>dem</span> 
     </span>
     <span class='ocr_line' id='line_1_21' title="bbox 140 1837 1294 1914; baseline 0.004 -26"><span class='ocrx_word' id='word_1_201' title='bbox 140 1838 330 1912; x_wconf 78' lang='lat' dir='ltr'>Menschen</span> <span class='ocrx_word' id='word_1_202' title='bbox 354 1839 491 1892; x_wconf 90' lang='lat' dir='ltr'>·nichts</span> <span class='ocrx_word' id='word_1_203' title='bbox 528 1839 651 1891; x_wconf 89' lang='lat' dir='ltr'>anders</span> <span class='ocrx_word' id='word_1_204' title='bbox 678 1838 901 1912; x_wconf 83' lang='lat' dir='ltr'>wenigs&#39;tans</span> <span class='ocrx_word' id='word_1_205' title='bbox 938 1837 1015 1902; x_wconf 88' lang='lat' dir='ltr'>(ich</span> <span class='ocrx_word' id='word_1_206' title='bbox 1051 1846 1132 1914; x_wconf 73' lang='lat' dir='ltr'>sagsse</span> <span class='ocrx_word' id='word_1_207' title='bbox 1164 1839 1294 1911; x_wconf 84' lang='lat' dir='ltr'>nicht)</span> 
     </span>
     <span class='ocr_line' id='line_1_22' title="bbox 139 1905 1293 1974; baseline 0.004 -15"><span class='ocrx_word' id='word_1_208' title='bbox 139 1905 229 1960; x_wconf 83' lang='lat' dir='ltr'>kein</span> <span class='ocrx_word' id='word_1_209' title='bbox 246 1909 347 1974; x_wconf 90' lang='lat' dir='ltr'>Ubel,</span> <span class='ocrx_word' id='word_1_210' title='bbox 373 1910 528 1963; x_wconf 89' lang='lat' dir='ltr'>sondern</span> <span class='ocrx_word' id='word_1_211' title='bbox 546 1908 727 1963; x_wconf 85' lang='lat' dir='ltr'>vielmehr</span> <span class='ocrx_word' id='word_1_212' title='bbox 743 1909 865 1961; x_wconf 83' lang='lat' dir='ltr'>n&#39;ichts</span> <span class='ocrx_word' id='word_1_213' title='bbox 883 1909 1033 1962; x_wconf 83' lang='lat' dir='ltr'>anderes</span> <span class='ocrx_word' id='word_1_214' title='bbox 1058 1911 1118 1963; x_wconf 88' lang='lat' dir='ltr'>ein</span> <span class='ocrx_word' id='word_1_215' title='bbox 1137 1911 1293 1968; x_wconf 78' lang='lat' dir='ltr'>Gut‘sei.</span> 
     </span>
     <span class='ocr_line' id='line_1_23' title="bbox 140 1977 1294 2052; baseline 0.002 -20"><span class='ocrx_word' id='word_1_216' title='bbox 140 1977 197 2044; x_wconf 86' lang='lat' dir='ltr'>Sed</span> <span class='ocrx_word' id='word_1_217' title='bbox 223 1981 304 2034; x_wconf 88' lang='lat' dir='ltr'>nobis</span> <span class='ocrx_word' id='word_1_218' title='bbox 327 1982 449 2052; x_wconf 70' lang='lat' dir='ltr'>quoque}</span> <span class='ocrx_word' id='word_1_219' title='bbox 465 1982 552 2051; x_wconf 87' lang='lat' dir='ltr'>plane</span> <span class='ocrx_word' id='word_1_220' title='bbox 577 1981 612 2033; x_wconf 90' lang='lat' dir='ltr'>ad</span> <span class='ocrx_word' id='word_1_221' title='bbox 633 1979 721 2032; x_wconf 83' lang='lat' dir='ltr'>verba</span> <span class='ocrx_word' id='word_1_222' title='bbox 745 1979 842 2032; x_wconf 88' lang='lat' dir='ltr'>dicere</span> <span class='ocrx_word' id='word_1_223' title='bbox 870 1981 960 2033; x_wconf 89' lang='lat' dir='ltr'>licere</span> <span class='ocrx_word' id='word_1_224' title='bbox 977 1981 1151 2052; x_wconf 57' lang='lat' dir='ltr'>·aitasdass</span> <span class='ocrx_word' id='word_1_225' title='bbox 1175 1980 1294 2046; x_wconf 80' lang='lat' dir='ltr'>nichts</span> 
     </span>
     <span class='ocr_line' id='line_1_24' title="bbox 139 2044 1294 2126; baseline 0.004 -25"><span class='ocrx_word' id='word_1_226' title='bbox 139 2051 292 2107; x_wconf 86' lang='lat' dir='ltr'>anderes</span> <span class='ocrx_word' id='word_1_227' title='bbox 316 2054 541 2126; x_wconf 79' lang='lat' dir='ltr'>wenigstens</span> <span class='ocrx_word' id='word_1_228' title='bbox 566 2052 643 2106; x_wconf 88' lang='lat' dir='ltr'>dem</span> <span class='ocrx_word' id='word_1_229' title='bbox 661 2051 1064 2107; x_wconf 73' lang='lat' dir='ltr'>Menschenmichtein</span> <span class='ocrx_word' id='word_1_230' title='bbox 1082 2044 1294 2117; x_wconf 69' lang='lat' dir='ltr'>Ubel„son·</span> 
     </span>
     <span class='ocr_line' id='line_1_25' title="bbox 139 2121 1293 2188; baseline 0.002 -14"><span class='ocrx_word' id='word_1_231' title='bbox 139 2121 229 2174; x_wconf 88' lang='lat' dir='ltr'>dern</span> <span class='ocrx_word' id='word_1_232' title='bbox 256 2123 377 2177; x_wconf 88' lang='lat' dir='ltr'>nichts</span> <span class='ocrx_word' id='word_1_233' title='bbox 401 2125 551 2177; x_wconf 88' lang='lat' dir='ltr'>anderes</span> <span class='ocrx_word' id='word_1_234' title='bbox 576 2123 728 2176; x_wconf 73' lang='lat' dir='ltr'>ein‘Gut</span> <span class='ocrx_word' id='word_1_235' title='bbox 751 2121 936 2176; x_wconf 82' lang='lat' dir='ltr'>viclmehr</span> <span class='ocrx_word' id='word_1_236' title='bbox 955 2122 1020 2175; x_wconf 87' lang='lat' dir='ltr'>sei.</span> <span class='ocrx_word' id='word_1_237' title='bbox 1059 2123 1135 2188; x_wconf 82' lang='lat' dir='ltr'>Quae</span> <span class='ocrx_word' id='word_1_238' title='bbox 1163 2125 1293 2176; x_wconf 83' lang='lat' dir='ltr'>certeiu</span> 
     </span>
     <span class='ocr_line' id='line_1_26' title="bbox 137 2187 1291 2262; baseline 0.002 -18"><span class='ocrx_word' id='word_1_239' title='bbox 137 2195 311 2259; x_wconf 81' lang='lat' dir='ltr'>memoriam¹</span> <span class='ocrx_word' id='word_1_240' title='bbox 327 2205 463 2249; x_wconf 87' lang='lat' dir='ltr'>revocant</span> <span class='ocrx_word' id='word_1_241' title='bbox 480 2212 543 2248; x_wconf 86' lang='lat' dir='ltr'>eam</span> <span class='ocrx_word' id='word_1_242' title='bbox 562 2193 822 2247; x_wconf 86' lang='lat' dir='ltr'>convertendorum</span> <span class='ocrx_word' id='word_1_243' title='bbox 833 2195 984 2262; x_wconf 83' lang='lat' dir='ltr'>poetarum</span> <span class='ocrx_word' id='word_1_244' title='bbox 993 2203 1127 2248; x_wconf 85' lang='lat' dir='ltr'>veterum</span> <span class='ocrx_word' id='word_1_245' title='bbox 1138 2187 1291 2262; x_wconf 77' lang='lat' dir='ltr'>rationein,</span> 
     </span>
     <span class='ocr_line' id='line_1_27' title="bbox 135 2263 1290 2342; baseline 0.003 -27"><span class='ocrx_word' id='word_1_246' title='bbox 135 2281 194 2333; x_wconf 86' lang='lat' dir='ltr'>qua</span> <span class='ocrx_word' id='word_1_247' title='bbox 211 2276 307 2320; x_wconf 88' lang='lat' dir='ltr'>nostra</span> <span class='ocrx_word' id='word_1_248' title='bbox 325 2266 425 2340; x_wconf 77' lang='lat' dir='ltr'>lingua</span> <span class='ocrx_word' id='word_1_249' title='bbox 443 2267 537 2342; x_wconf 71' lang='lat' dir='ltr'>magis</span> <span class='ocrx_word' id='word_1_250' title='bbox 547 2266 649 2330; x_wconf 82' lang='lat' dir='ltr'>etiam,</span> <span class='ocrx_word' id='word_1_251' title='bbox 668 2282 755 2334; x_wconf 84' lang='lat' dir='ltr'>quam</span> <span class='ocrx_word' id='word_1_252' title='bbox 772 2265 820 2317; x_wconf 86' lang='lat' dir='ltr'>vel</span> <span class='ocrx_word' id='word_1_253' title='bbox 838 2263 929 2317; x_wconf 83' lang='lat' dir='ltr'>latina</span> <span class='ocrx_word' id='word_1_254' title='bbox 941 2266 996 2318; x_wconf 58' lang='lat' dir='ltr'>&gt;vel</span> <span class='ocrx_word' id='word_1_255' title='bbox 1012 2283 1115 2340; x_wconf 80' lang='lat' dir='ltr'>graeca</span> <span class='ocrx_word' id='word_1_256' title='bbox 1130 2267 1290 2336; x_wconf 85' lang='lat' dir='ltr'>scriptoris,</span> 
     </span>
     <span class='ocr_line' id='line_1_28' title="bbox 137 2335 1242 2412; baseline 0.004 -26"><span class='ocrx_word' id='word_1_257' title='bbox 137 2335 300 2406; x_wconf 86' lang='lat' dir='ltr'>interprete</span> <span class='ocrx_word' id='word_1_258' title='bbox 317 2347 392 2412; x_wconf 78' lang='lat' dir='ltr'>eget.</span> <span class='ocrx_word' id='word_1_259' title='bbox 530 2378 532 2383; x_wconf 30' lang='lat'><strong>⁴</strong></span> <span class='ocrx_word' id='word_1_260' title='bbox 566 2400 568 2403; x_wconf 12' lang='lat' dir='ltr'>v</span> <span class='ocrx_word' id='word_1_261' title='bbox 946 2378 948 2382; x_wconf 84' lang='lat'>.</span> <span class='ocrx_word' id='word_1_262' title='bbox 1009 2382 1011 2386; x_wconf 96' lang='lat'>.</span> <span class='ocrx_word' id='word_1_263' title='bbox 1125 2365 1126 2368; x_wconf 37' lang='lat'>¹</span> <span class='ocrx_word' id='word_1_264' title='bbox 1160 2360 1174 2407; x_wconf 76' lang='lat' dir='ltr'>j·</span> <span class='ocrx_word' id='word_1_265' title='bbox 1198 2368 1199 2373; x_wconf 65' lang='lat'><em>=</em></span> <span class='ocrx_word' id='word_1_266' title='bbox 1220 2365 1242 2390; x_wconf 89' lang='lat'>.-</span> 
     </span>
    </p>

    <p class='ocr_par' dir='ltr' id='par_1_8' title="bbox 140 2405 1291 2478">
     <span class='ocr_line' id='line_1_29' title="bbox 140 2405 1291 2478; baseline 0.003 -19"><span class='ocrx_word' id='word_1_267' title='bbox 140 2421 146 2430; x_wconf 86' lang='grc'><em>’</em></span> <span class='ocrx_word' id='word_1_268' title='bbox 207 2409 232 2474; x_wconf 84' lang='lat'>1,</span> <span class='ocrx_word' id='word_1_269' title='bbox 249 2415 294 2473; x_wconf 75' lang='lat' dir='ltr'>st,</span> <span class='ocrx_word' id='word_1_270' title='bbox 313 2413 344 2464; x_wconf 80' lang='lat'>77</span> <span class='ocrx_word' id='word_1_271' title='bbox 354 2427 360 2460; x_wconf 75' lang='grc' dir='ltr'><em>τ</em></span> <span class='ocrx_word' id='word_1_272' title='bbox 380 2410 451 2475; x_wconf 84' lang='lat' dir='ltr'>qucs&#39;</span> <span class='ocrx_word' id='word_1_273' title='bbox 464 2409 590 2478; x_wconf 82' lang='lat' dir='ltr'>equidem</span> <span class='ocrx_word' id='word_1_274' title='bbox 608 2423 664 2460; x_wconf 79' lang='lat' dir='ltr'>noc</span> <span class='ocrx_word' id='word_1_275' title='bbox 681 2405 818 2478; x_wconf 75' lang='lat' dir='ltr'>despicio,</span> <span class='ocrx_word' id='word_1_276' title='bbox 836 2408 887 2461; x_wconf 83' lang='lat' dir='ltr'>sed</span> <span class='ocrx_word' id='word_1_277' title='bbox 903 2406 998 2460; x_wconf 81' lang='lat' dir='ltr'>neseio</span> <span class='ocrx_word' id='word_1_278' title='bbox 1017 2422 1070 2476; x_wconf 79' lang='lat' dir='ltr'>quo</span> <span class='ocrx_word' id='word_1_279' title='bbox 1088 2407 1170 2461; x_wconf 83' lang='lat' dir='ltr'>medo</span> <span class='ocrx_word' id='word_1_280' title='bbox 1189 2408 1291 2462; x_wconf 82' lang='lat' dir='ltr'>doctic-</span> 
     </span>
    </p>
   </div>
   <div class='ocr_carea' id='block_1_7' title="bbox 120 2475 1291 2549">
    <p class='ocr_par' dir='ltr' id='par_1_9' title="bbox 120 2475 1291 2549">
     <span class='ocr_line' id='line_1_30' title="bbox 120 2475 1291 2549; baseline -0.002 -19"><span class='ocrx_word' id='word_1_281' title='bbox 120 2475 225 2540; x_wconf 80' lang='lat' dir='ltr'>¹aimus</span> <span class='ocrx_word' id='word_1_282' title='bbox 251 2482 366 2549; x_wconf 79' lang='lat' dir='ltr'>quisque</span> <span class='ocrx_word' id='word_1_283' title='bbox 390 2479 556 2533; x_wconf 53' lang='lat' dir='ltr'>couteninitr</span> <span class='ocrx_word' id='word_1_284' title='bbox 583 2480 697 2531; x_wconf 88' lang='lat' dir='ltr'>Horum·</span> <span class='ocrx_word' id='word_1_285' title='bbox 717 2480 872 2533; x_wconf 86' lang='lat' dir='ltr'>verborum</span> <span class='ocrx_word' id='word_1_286' title='bbox 885 2478 973 2531; x_wconf 39' lang='lat' dir='ltr'>,hinc</span> <span class='ocrx_word' id='word_1_287' title='bbox 990 2478 1036 2530; x_wconf 86' lang='lat' dir='ltr'>Kl.</span> <span class='ocrx_word' id='word_1_288' title='bbox 1067 2478 1186 2532; x_wconf 78' lang='lat' dir='ltr'>exhibet</span> <span class='ocrx_word' id='word_1_289' title='bbox 1209 2479 1291 2548; x_wconf 70' lang='grc' dir='ltr'><strong><em>μετά-</em></strong></span> 
     </span>
    </p>
   </div>
   <div class='ocr_carea' id='block_1_8' title="bbox 130 2549 1291 3119">
    <p class='ocr_par' dir='ltr' id='par_1_10' title="bbox 130 2549 1291 3119">
     <span class='ocr_line' id='line_1_31' title="bbox 135 2549 1291 2621; baseline 0.003 -21"><span class='ocrx_word' id='word_1_290' title='bbox 135 2564 253 2616; x_wconf 79' lang='grc' dir='ltr'><strong><em>φρασινε</em></strong></span> <span class='ocrx_word' id='word_1_291' title='bbox 290 2550 430 2605; x_wconf 84' lang='lat' dir='ltr'>welche</span> <span class='ocrx_word' id='word_1_292' title='bbox 452 2551 635 2621; x_wconf 78' lang='lat' dir='ltr'>(Epicureos)¹</span> <span class='ocrx_word' id='word_1_293' title='bbox 669 2550 731 2602; x_wconf 89' lang='lat' dir='ltr'>ich</span> <span class='ocrx_word' id='word_1_294' title='bbox 757 2552 819 2602; x_wconf 80' lang='lat' dir='ltr'>fiir</span> <span class='ocrx_word' id='word_1_295' title='bbox 845 2551 961 2617; x_wconf 82' lang='lat' dir='ltr'>meino</span> <span class='ocrx_word' id='word_1_296' title='bbox 987 2549 1203 2614; x_wconf 29' lang='lat' dir='ltr'>Personss&lt;=(er</span> <span class='ocrx_word' id='word_1_297' title='bbox 1225 2552 1291 2606; x_wconf 86' lang='lat' dir='ltr'>will</span> 
     </span>
     <span class='ocr_line' id='line_1_32' title="bbox 134 2619 1288 2696; baseline 0.005 -26"><span class='ocrx_word' id='word_1_298' title='bbox 134 2620 340 2696; x_wconf 81' lang='lat' dir='ltr'>nichtgerade</span> <span class='ocrx_word' id='word_1_299' title='bbox 359 2623 527 2675; x_wconf 77' lang='lat' dir='ltr'>annassend</span> <span class='ocrx_word' id='word_1_300' title='bbox 543 2621 723 2684; x_wconf 78' lang='lat' dir='ltr'>er&#39;sch&#39;einen)</span> <span class='ocrx_word' id='word_1_301' title='bbox 741 2620 849 2674; x_wconf 87' lang='lat' dir='ltr'>nicht</span> <span class='ocrx_word' id='word_1_302' title='bbox 865 2620 1042 2673; x_wconf 85' lang='lat' dir='ltr'>verachte</span> <span class='ocrx_word' id='word_1_303' title='bbox 1065 2619 1130 2687; x_wconf 72' lang='lat' dir='ltr'>(non</span> <span class='ocrx_word' id='word_1_304' title='bbox 1150 2621 1288 2691; x_wconf 74' lang='lat' dir='ltr'>despicio,</span> 
     </span>
     <span class='ocr_line' id='line_1_33' title="bbox 133 2689 1291 2759; baseline 0.004 -17"><span class='ocrx_word' id='word_1_305' title='bbox 133 2690 184 2743; x_wconf 89' lang='lat' dir='ltr'>ich</span> <span class='ocrx_word' id='word_1_306' title='bbox 201 2693 345 2749; x_wconf 81' lang='lat' dir='ltr'>iibcrhebe</span> <span class='ocrx_word' id='word_1_307' title='bbox 371 2693 452 2746; x_wconf 87' lang='lat' dir='ltr'>mich</span> <span class='ocrx_word' id='word_1_308' title='bbox 475 2693 557 2746; x_wconf 84' lang='lat' dir='ltr'>ihrer</span> <span class='ocrx_word' id='word_1_309' title='bbox 584 2689 737 2759; x_wconf 80' lang='lat' dir='ltr'>nicht)*),</span> <span class='ocrx_word' id='word_1_310' title='bbox 775 2691 861 2744; x_wconf 82' lang='lat' dir='ltr'>aber</span> <span class='ocrx_word' id='word_1_311' title='bbox 884 2691 946 2744; x_wconf 90' lang='lat' dir='ltr'>ich</span> <span class='ocrx_word' id='word_1_312' title='bbox 971 2690 1078 2746; x_wconf 83' lang='lat' dir='ltr'>weiss</span> <span class='ocrx_word' id='word_1_313' title='bbox 1105 2692 1213 2746; x_wconf 89' lang='lat' dir='ltr'>nicht</span> <span class='ocrx_word' id='word_1_314' title='bbox 1231 2694 1291 2747; x_wconf 71' lang='lat' dir='ltr'>ius</span> 
     </span>
     <span class='ocr_line' id='line_1_34' title="bbox 134 2763 1288 2836; baseline 0.003 -21"><span class='ocrx_word' id='word_1_315' title='bbox 134 2763 274 2818; x_wconf 83' lang='lat' dir='ltr'>welche</span> <span class='ocrx_word' id='word_1_316' title='bbox 289 2763 414 2829; x_wconf 62' lang='lat' dir='ltr'>&#39;Weise</span> <span class='ocrx_word' id='word_1_317' title='bbox 434 2763 479 2830; x_wconf 83' lang='lat' dir='ltr'>(er</span> <span class='ocrx_word' id='word_1_318' title='bbox 496 2765 563 2819; x_wconf 85' lang='lat' dir='ltr'>will</span> <span class='ocrx_word' id='word_1_319' title='bbox 581 2777 609 2816; x_wconf 89' lang='lat' dir='ltr'>es</span> <span class='ocrx_word' id='word_1_320' title='bbox 628 2764 715 2816; x_wconf 84' lang='lat' dir='ltr'>nicht</span> <span class='ocrx_word' id='word_1_321' title='bbox 729 2763 844 2827; x_wconf 80' lang='lat' dir='ltr'>wissen,</span> <span class='ocrx_word' id='word_1_322' title='bbox 855 2763 920 2816; x_wconf 80' lang='lat' dir='ltr'>&#39;wir</span> <span class='ocrx_word' id='word_1_323' title='bbox 936 2763 1139 2836; x_wconf 66' lang='lat' dir='ltr'>sagene-„ich</span> <span class='ocrx_word' id='word_1_324' title='bbox 1151 2765 1242 2817; x_wconf 80' lang='lat' dir='ltr'>weiss</span> <span class='ocrx_word' id='word_1_325' title='bbox 1261 2782 1288 2819; x_wconf 86' lang='lat' dir='ltr'>es</span> 
     </span>
     <span class='ocr_line' id='line_1_35' title="bbox 133 2831 1289 2898; baseline 0.003 -13"><span class='ocrx_word' id='word_1_326' title='bbox 133 2833 359 2898; x_wconf 73' lang='lat' dir='ltr'>nichtwa&#39;rum,</span> <span class='ocrx_word' id='word_1_327' title='bbox 369 2832 446 2890; x_wconf 62' lang='lat' dir='ltr'>‘aber</span> <span class='ocrx_word' id='word_1_328' title='bbox 462 2837 506 2889; x_wconf 85' lang='lat' dir='ltr'>sie</span> <span class='ocrx_word' id='word_1_329' title='bbox 522 2835 636 2888; x_wconf 82' lang='lat' dir='ltr'>miissen</span> <span class='ocrx_word' id='word_1_330' title='bbox 654 2834 728 2888; x_wconf 91' lang='lat' dir='ltr'>doch</span> <span class='ocrx_word' id='word_1_331' title='bbox 745 2834 933 2887; x_wconf 82' lang='lat' dir='ltr'>wohl-selbse&#39;</span> <span class='ocrx_word' id='word_1_332' title='bbox 942 2835 991 2893; x_wconf 63' lang='lat' dir='ltr'>¹&lt;die</span> <span class='ocrx_word' id='word_1_333' title='bbox 1002 2831 1112 2887; x_wconf 84' lang='lat' dir='ltr'>Schuld</span> <span class='ocrx_word' id='word_1_334' title='bbox 1128 2834 1221 2888; x_wconf 65' lang='lat' dir='ltr'>meon</span> <span class='ocrx_word' id='word_1_335' title='bbox 1239 2835 1289 2889; x_wconf 89' lang='lat' dir='ltr'>ha·</span> 
     </span>
     <span class='ocr_line' id='line_1_36' title="bbox 133 2904 1285 2979; baseline 0.003 -22"><span class='ocrx_word' id='word_1_336' title='bbox 133 2904 234 2974; x_wconf 56' lang='lat' dir='ltr'>bont)</span> <span class='ocrx_word' id='word_1_337' title='bbox 258 2907 292 2973; x_wconf 90' lang='lat' dir='ltr'>je</span> <span class='ocrx_word' id='word_1_338' title='bbox 318 2904 625 2969; x_wconf 63' lang='lat' dir='ltr'>un‘t‘erriohteter</span> <span class='ocrx_word' id='word_1_339' title='bbox 653 2907 715 2960; x_wconf 81' lang='lat' dir='ltr'>ein</span> <span class='ocrx_word' id='word_1_340' title='bbox 735 2905 846 2958; x_wconf 79' lang='lat' dir='ltr'>Jed&#39;er</span> <span class='ocrx_word' id='word_1_341' title='bbox 868 2906 946 2970; x_wconf 78' lang='lat' dir='ltr'>ist,</span> <span class='ocrx_word' id='word_1_342' title='bbox 971 2904 1285 2979; x_wconf 52' lang='lat' dir='ltr'>geringssoh&#39;itzt.</span> 
     </span>
     <span class='ocr_line' id='line_1_37' title="bbox 132 2974 1287 3048; baseline 0.002 -19"><span class='ocrx_word' id='word_1_343' title='bbox 132 2977 266 3048; x_wconf 85' lang='lat' dir='ltr'>Incipere</span> <span class='ocrx_word' id='word_1_344' title='bbox 283 2979 325 3031; x_wconf 86' lang='lat' dir='ltr'>ait</span> <span class='ocrx_word' id='word_1_345' title='bbox 343 2978 515 3032; x_wconf 80' lang='lat' dir='ltr'>Ciceronem</span> <span class='ocrx_word' id='word_1_346' title='bbox 537 2983 668 3031; x_wconf 84' lang='lat' dir='ltr'>cateruae</span> <span class='ocrx_word' id='word_1_347' title='bbox 691 2978 803 3031; x_wconf 81' lang='lat' dir='ltr'>ueniunt</span> <span class='ocrx_word' id='word_1_348' title='bbox 824 2982 923 3029; x_wconf 86' lang='lat' dir='ltr'>coutru</span> <span class='ocrx_word' id='word_1_349' title='bbox 940 2974 1098 3029; x_wconf 60' lang='lat' dir='ltr'>&gt;dicentium</span> <span class='ocrx_word' id='word_1_350' title='bbox 1111 2993 1173 3028; x_wconf 73' lang='lat' dir='ltr'>mec</span> <span class='ocrx_word' id='word_1_351' title='bbox 1196 2979 1287 3031; x_wconf 82' lang='lat' dir='ltr'>solum</span> 
     </span>
     <span class='ocr_line' id='line_1_38' title="bbox 130 3046 1287 3119; baseline 0.002 -19"><span class='ocrx_word' id='word_1_352' title='bbox 130 3048 334 3117; x_wconf 77' lang='lat' dir='ltr'>Epicureorum</span> <span class='ocrx_word' id='word_1_353' title='bbox 352 3075 385 3088; x_wconf 79' lang='lat'><em>-</em></span> <span class='ocrx_word' id='word_1_354' title='bbox 405 3051 493 3119; x_wconf 85' lang='lat' dir='ltr'>quasi.</span> <span class='ocrx_word' id='word_1_355' title='bbox 510 3058 575 3119; x_wconf 87' lang='lat' dir='ltr'>post</span> <span class='ocrx_word' id='word_1_356' title='bbox 592 3049 745 3105; x_wconf 84' lang='lat' dir='ltr'>interiecta</span> <span class='ocrx_word' id='word_1_357' title='bbox 767 3063 833 3117; x_wconf 81' lang='lat' dir='ltr'>quos</span> <span class='ocrx_word' id='word_1_358' title='bbox 857 3046 982 3116; x_wconf 79' lang='lat' dir='ltr'>equidem</span> <span class='ocrx_word' id='word_1_359' title='bbox 997 3077 1033 3094; x_wconf 90' lang='lat'>.-</span> <span class='ocrx_word' id='word_1_360' title='bbox 1053 3047 1203 3101; x_wconf 83' lang='lat' dir='ltr'>contemnit</span> <span class='ocrx_word' id='word_1_361' title='bbox 1221 3067 1287 3119; x_wconf 90' lang='lat' dir='ltr'>per·</span> 
     </span>
    </p>
   </div>
   <div class='ocr_carea' id='block_1_9' title="bbox 78 3116 1287 3261">
    <p class='ocr_par' dir='ltr' id='par_1_11' title="bbox 78 3116 1287 3261">
     <span class='ocr_line' id='line_1_39' title="bbox 109 3116 1286 3194; baseline 0.003 -24"><span class='ocrx_word' id='word_1_362' title='bbox 109 3143 111 3151; x_wconf 29' lang='lat' dir='ltr'>r</span> <span class='ocrx_word' id='word_1_363' title='bbox 131 3135 200 3194; x_wconf 83' lang='lat' dir='ltr'>gere</span> <span class='ocrx_word' id='word_1_364' title='bbox 218 3120 357 3172; x_wconf 88' lang='lat' dir='ltr'>voluerit:</span> <span class='ocrx_word' id='word_1_365' title='bbox 376 3120 425 3173; x_wconf 84' lang='lat' dir='ltr'>sed</span> <span class='ocrx_word' id='word_1_366' title='bbox 443 3120 527 3174; x_wconf 86' lang='lat' dir='ltr'>etium</span> <span class='ocrx_word' id='word_1_367' title='bbox 544 3120 667 3173; x_wconf 85' lang='lat' dir='ltr'>eliorum</span> <span class='ocrx_word' id='word_1_368' title='bbox 682 3116 922 3188; x_wconf 75' lang='lat' dir='ltr'>philosophorum³3</span> <span class='ocrx_word' id='word_1_369' title='bbox 947 3118 1006 3171; x_wconf 77' lang='lat' dir='ltr'>seu</span> <span class='ocrx_word' id='word_1_370' title='bbox 1018 3135 1083 3170; x_wconf 92' lang='lat' dir='ltr'>cum</span> <span class='ocrx_word' id='word_1_371' title='bbox 1094 3152 1096 3159; x_wconf 81' lang='lat'><em>·</em></span> <span class='ocrx_word' id='word_1_372' title='bbox 1108 3119 1140 3170; x_wconf 90' lang='lat' dir='ltr'>in</span> <span class='ocrx_word' id='word_1_373' title='bbox 1159 3130 1286 3174; x_wconf 87' lang='lat' dir='ltr'>mentem</span> 
     </span>
     <span class='ocr_line' id='line_1_40' title="bbox 78 3189 1287 3261; baseline 0.002 -19"><span class='ocrx_word' id='word_1_374' title='bbox 78 3196 81 3201; x_wconf 79' lang='grc'>’</span> <span class='ocrx_word' id='word_1_375' title='bbox 129 3191 255 3243; x_wconf 84' lang='lat' dir='ltr'>venisset</span> <span class='ocrx_word' id='word_1_376' title='bbox 272 3191 471 3256; x_wconf 82' lang='lat' dir='ltr'>Dicaearchus,</span> <span class='ocrx_word' id='word_1_377' title='bbox 482 3189 652 3261; x_wconf 81' lang='lat' dir='ltr'>&#39;paullulum</span> <span class='ocrx_word' id='word_1_378' title='bbox 671 3190 822 3245; x_wconf 85' lang='lat' dir='ltr'>immutata</span> <span class='ocrx_word' id='word_1_379' title='bbox 841 3197 985 3242; x_wconf 77' lang='lat' dir='ltr'>structura</span> <span class='ocrx_word' id='word_1_380' title='bbox 1001 3190 1123 3243; x_wconf 67' lang='lat' dir='ltr'>athlete:</span> <span class='ocrx_word' id='word_1_381' title='bbox 1141 3191 1287 3245; x_wconf 79' lang='lat' dir='ltr'>:acerrime</span> 
     </span>
    </p>
   </div>
   <div class='ocr_carea' id='block_1_10' title="bbox 126 3260 1350 4469">
    <p class='ocr_par' dir='ltr' id='par_1_12' title="bbox 126 3260 1350 4469">
     <span class='ocr_line' id='line_1_41' title="bbox 132 3260 1242 3327; baseline 0.001 -13"><span class='ocrx_word' id='word_1_382' title='bbox 132 3267 224 3315; x_wconf 84' lang='lat' dir='ltr'>eutem</span> <span class='ocrx_word' id='word_1_383' title='bbox 243 3287 277 3301; x_wconf 66' lang='grc'>«-</span> <span class='ocrx_word' id='word_1_384' title='bbox 294 3260 485 3316; x_wconf 70' lang='lat' dir='ltr'>Dicaearchus</span> <span class='ocrx_word' id='word_1_385' title='bbox 502 3275 536 3300; x_wconf 60' lang='lat'>⁴-</span> <span class='ocrx_word' id='word_1_386' title='bbox 554 3260 701 3320; x_wconf 80' lang='lat' dir='ltr'>diseeruit.</span> <span class='ocrx_word' id='word_1_387' title='bbox 747 3284 749 3287; x_wconf 93' lang='lat'>·</span> <span class='ocrx_word' id='word_1_388' title='bbox 958 3295 969 3306; x_wconf 84' lang='lat'>.·</span> <span class='ocrx_word' id='word_1_389' title='bbox 998 3300 1005 3311; x_wconf 82' lang='lat'>.</span> <span class='ocrx_word' id='word_1_390' title='bbox 1139 3299 1144 3327; x_wconf 89' lang='lat'>·.</span> <span class='ocrx_word' id='word_1_391' title='bbox 1228 3307 1242 3315; x_wconf 72' lang='grc'>,.</span> 
     </span>
     <span class='ocr_line' id='line_1_42' title="bbox 202 3330 1284 3401; baseline -0.001 -12"><span class='ocrx_word' id='word_1_392' title='bbox 202 3332 226 3384; x_wconf 85' lang='lat' dir='ltr'>l·</span> <span class='ocrx_word' id='word_1_393' title='bbox 246 3336 289 3389; x_wconf 79' lang='lat'>33.</span> <span class='ocrx_word' id='word_1_394' title='bbox 310 3338 358 3389; x_wconf 83' lang='lat'>80:</span> <span class='ocrx_word' id='word_1_395' title='bbox 385 3340 451 3386; x_wconf 85' lang='lat' dir='ltr'>eunt</span> <span class='ocrx_word' id='word_1_396' title='bbox 466 3332 545 3387; x_wconf 76' lang='lat' dir='ltr'>onem</span> <span class='ocrx_word' id='word_1_397' title='bbox 560 3332 783 3401; x_wconf 60' lang='lat' dir='ltr'>ignorantiis-·-</span> <span class='ocrx_word' id='word_1_398' title='bbox 806 3332 946 3385; x_wconf 78' lang='lat' dir='ltr'>demente</span> <span class='ocrx_word' id='word_1_399' title='bbox 963 3330 1033 3397; x_wconf 82' lang='lat' dir='ltr'>diei,</span> <span class='ocrx_word' id='word_1_400' title='bbox 1044 3336 1132 3400; x_wconf 68' lang='lat' dir='ltr'>outre</span> <span class='ocrx_word' id='word_1_401' title='bbox 1143 3355 1183 3380; x_wconf 48' lang='grc' dir='ltr'>ψ.</span> <span class='ocrx_word' id='word_1_402' title='bbox 1193 3340 1284 3400; x_wconf 75' lang='lat' dir='ltr'>cocu,</span> 
     </span>
     <span class='ocr_line' id='line_1_43' title="bbox 130 3403 1285 3474; baseline 0.003 -19"><span class='ocrx_word' id='word_1_403' title='bbox 130 3418 189 3456; x_wconf 88' lang='lat' dir='ltr'>non</span> <span class='ocrx_word' id='word_1_404' title='bbox 207 3404 242 3458; x_wconf 92' lang='lat' dir='ltr'>de</span> <span class='ocrx_word' id='word_1_405' title='bbox 258 3405 388 3474; x_wconf 80' lang='lat' dir='ltr'>portibus</span> <span class='ocrx_word' id='word_1_406' title='bbox 405 3405 455 3469; x_wconf 81' lang='lat' dir='ltr'>iis,</span> <span class='ocrx_word' id='word_1_407' title='bbox 474 3407 504 3458; x_wconf 84' lang='lat' dir='ltr'>iu</span> <span class='ocrx_word' id='word_1_408' title='bbox 521 3406 619 3474; x_wconf 72' lang='lat' dir='ltr'>quitur</span> <span class='ocrx_word' id='word_1_409' title='bbox 636 3403 831 3471; x_wconf 83' lang='lat' dir='ltr'>aegritudines</span> <span class='ocrx_word' id='word_1_410' title='bbox 849 3426 884 3446; x_wconf 83' lang='lat'>.·-</span> <span class='ocrx_word' id='word_1_411' title='bbox 901 3409 1059 3456; x_wconf 73' lang='lat' dir='ltr'>versemur-c</span> <span class='ocrx_word' id='word_1_412' title='bbox 1079 3415 1151 3474; x_wconf 79' lang='lat' dir='ltr'>quoe</span> <span class='ocrx_word' id='word_1_413' title='bbox 1168 3404 1210 3470; x_wconf 63' lang='lat' dir='ltr'>‘ie‘</span> <span class='ocrx_word' id='word_1_414' title='bbox 1224 3413 1285 3459; x_wconf 84' lang='lat' dir='ltr'>con·</span> 
     </span>
     <span class='ocr_line' id='line_1_44' title="bbox 131 3473 1285 3544; baseline 0.003 -17"><span class='ocrx_word' id='word_1_415' title='bbox 131 3479 185 3528; x_wconf 84' lang='lat' dir='ltr'>tra·</span> <span class='ocrx_word' id='word_1_416' title='bbox 202 3490 281 3544; x_wconf 80' lang='lat' dir='ltr'>quem</span> <span class='ocrx_word' id='word_1_417' title='bbox 304 3474 370 3529; x_wconf 80' lang='lat' dir='ltr'>lucc</span> <span class='ocrx_word' id='word_1_418' title='bbox 401 3478 420 3529; x_wconf 86' lang='lat' dir='ltr'>d</span> <span class='ocrx_word' id='word_1_419' title='bbox 428 3476 588 3542; x_wconf 81' lang='lat' dir='ltr'>icantur,</span> <span class='ocrx_word' id='word_1_420' title='bbox 614 3483 783 3529; x_wconf 68' lang='lat' dir='ltr'>senectuto:</span> <span class='ocrx_word' id='word_1_421' title='bbox 802 3480 891 3527; x_wconf 81' lang='lat' dir='ltr'>mente</span> <span class='ocrx_word' id='word_1_422' title='bbox 916 3503 950 3527; x_wconf 68' lang='lat' dir='ltr'>-r</span> <span class='ocrx_word' id='word_1_423' title='bbox 970 3481 1060 3542; x_wconf 76' lang='lat' dir='ltr'>putot.</span> <span class='ocrx_word' id='word_1_424' title='bbox 1102 3473 1285 3531; x_wconf 79' lang='lat' dir='ltr'>Auctoritate</span> 
     </span>
     <span class='ocr_line' id='line_1_45' title="bbox 129 3545 1285 3622; baseline 0.001 -23"><span class='ocrx_word' id='word_1_425' title='bbox 129 3545 242 3599; x_wconf 78' lang='lat' dir='ltr'>Codicis</span> <span class='ocrx_word' id='word_1_426' title='bbox 260 3549 344 3622; x_wconf 79' lang='lat' dir='ltr'>liegii</span> <span class='ocrx_word' id='word_1_427' title='bbox 364 3556 393 3600; x_wconf 89' lang='lat' dir='ltr'>et</span> <span class='ocrx_word' id='word_1_428' title='bbox 410 3565 464 3600; x_wconf 91' lang='lat' dir='ltr'>usu</span> <span class='ocrx_word' id='word_1_429' title='bbox 481 3549 673 3601; x_wconf 80' lang='lat' dir='ltr'>Romanorum</span> <span class='ocrx_word' id='word_1_430' title='bbox 691 3546 871 3599; x_wconf 84' lang='lat' dir='ltr'>coniunctivi</span> <span class='ocrx_word' id='word_1_431' title='bbox 883 3546 1135 3615; x_wconf 75' lang='lat' dir='ltr'>¹frequentissimo,</span> <span class='ocrx_word' id='word_1_432' title='bbox 1153 3548 1285 3600; x_wconf 80' lang='lat' dir='ltr'>velcon·</span> 
     </span>
     <span class='ocr_line' id='line_1_46' title="bbox 129 3611 1285 3694; baseline 0.003 -26"><span class='ocrx_word' id='word_1_433' title='bbox 129 3625 175 3669; x_wconf 85' lang='lat' dir='ltr'>tra</span> <span class='ocrx_word' id='word_1_434' title='bbox 201 3615 267 3671; x_wconf 86' lang='lat' dir='ltr'>eum</span> <span class='ocrx_word' id='word_1_435' title='bbox 290 3613 513 3671; x_wconf 80' lang='lat' dir='ltr'>conformandae</span> <span class='ocrx_word' id='word_1_436' title='bbox 536 3616 675 3671; x_wconf 83' lang='lat' dir='ltr'>orationis</span> <span class='ocrx_word' id='word_1_437' title='bbox 691 3617 828 3682; x_wconf 87' lang='lat' dir='ltr'>modum,</span> <span class='ocrx_word' id='word_1_438' title='bbox 852 3611 940 3686; x_wconf 80' lang='lat' dir='ltr'>quein</span> <span class='ocrx_word' id='word_1_439' title='bbox 965 3618 1045 3670; x_wconf 86' lang='lat' dir='ltr'>nobis</span> <span class='ocrx_word' id='word_1_440' title='bbox 1067 3617 1186 3692; x_wconf 73' lang='lat' dir='ltr'>logicae</span> <span class='ocrx_word' id='word_1_441' title='bbox 1205 3616 1285 3694; x_wconf 81' lang='lat' dir='ltr'>leges</span> 
     </span>
     <span class='ocr_line' id='line_1_47' title="bbox 128 3683 1350 3768; baseline 0.004 -29"><span class='ocrx_word' id='word_1_442' title='bbox 128 3688 258 3768; x_wconf 76' lang='lat' dir='ltr'>flagitare</span> <span class='ocrx_word' id='word_1_443' title='bbox 281 3689 429 3754; x_wconf 87' lang='lat' dir='ltr'>videntur,</span> <span class='ocrx_word' id='word_1_444' title='bbox 454 3686 620 3743; x_wconf 77' lang='lat' dir='ltr'>detenditur</span> <span class='ocrx_word' id='word_1_445' title='bbox 648 3690 904 3743; x_wconf 78' lang='lat' dir='ltr'>dicauturcontra</span> <span class='ocrx_word' id='word_1_446' title='bbox 928 3688 1047 3742; x_wconf 78' lang='lat' dir='ltr'>Ernesti</span> <span class='ocrx_word' id='word_1_447' title='bbox 1070 3683 1283 3745; x_wconf 75' lang='lat' dir='ltr'>correctionem</span> <span class='ocrx_word' id='word_1_448' title='bbox 1347 3696 1350 3706; x_wconf 65' lang='lat'><em>⁴</em></span> 
     </span>
     <span class='ocr_line' id='line_1_48' title="bbox 129 3759 1285 3822; baseline 0.004 -10"><span class='ocrx_word' id='word_1_449' title='bbox 129 3759 267 3813; x_wconf 82' lang='lat' dir='ltr'>dicuutur.</span> <span class='ocrx_word' id='word_1_450' title='bbox 305 3762 381 3813; x_wconf 86' lang='lat' dir='ltr'>Huic</span> <span class='ocrx_word' id='word_1_451' title='bbox 399 3763 592 3814; x_wconf 80' lang='lat' dir='ltr'>tamenfavet</span> <span class='ocrx_word' id='word_1_452' title='bbox 615 3761 706 3813; x_wconf 77' lang='lat' dir='ltr'>codex</span> <span class='ocrx_word' id='word_1_453' title='bbox 728 3768 828 3814; x_wconf 79' lang='lat' dir='ltr'>noster</span> <span class='ocrx_word' id='word_1_454' title='bbox 845 3760 920 3816; x_wconf 87' lang='lat' dir='ltr'>Gud.</span> <span class='ocrx_word' id='word_1_455' title='bbox 942 3765 979 3822; x_wconf 76' lang='lat' dir='ltr'>lt,</span> <span class='ocrx_word' id='word_1_456' title='bbox 998 3760 1088 3812; x_wconf 70' lang='lat' dir='ltr'>&#39;cuius</span> <span class='ocrx_word' id='word_1_457' title='bbox 1105 3776 1170 3812; x_wconf 80' lang='lat' dir='ltr'>non</span> <span class='ocrx_word' id='word_1_458' title='bbox 1186 3762 1285 3817; x_wconf 81' lang='lat' dir='ltr'>minet·</span> 
     </span>
     <span class='ocr_line' id='line_1_49' title="bbox 128 3829 1284 3956; baseline 0.003 -72"><span class='ocrx_word' id='word_1_459' title='bbox 128 3840 171 3956; x_wconf 60' lang='lat' dir='ltr'>pst</span> <span class='ocrx_word' id='word_1_460' title='bbox 194 3833 361 3900; x_wconf 88' lang='lat' dir='ltr'>auctoritas,</span> <span class='ocrx_word' id='word_1_461' title='bbox 385 3850 472 3902; x_wconf 87' lang='lat' dir='ltr'>quam</span> <span class='ocrx_word' id='word_1_462' title='bbox 494 3832 580 3906; x_wconf 80' lang='lat' dir='ltr'>regii,</span> <span class='ocrx_word' id='word_1_463' title='bbox 606 3839 636 3884; x_wconf 88' lang='lat' dir='ltr'>et</span> <span class='ocrx_word' id='word_1_464' title='bbox 660 3831 777 3884; x_wconf 87' lang='lat' dir='ltr'>collatio</span> <span class='ocrx_word' id='word_1_465' title='bbox 800 3831 900 3885; x_wconf 88' lang='lat' dir='ltr'>multo</span> <span class='ocrx_word' id='word_1_466' title='bbox 923 3831 1092 3892; x_wconf 75' lang='lat' dir='ltr'>accuratior.</span> <span class='ocrx_word' id='word_1_467' title='bbox 1109 3856 1112 3861; x_wconf 95' lang='lat'>·</span> <span class='ocrx_word' id='word_1_468' title='bbox 1128 3829 1284 3900; x_wconf 56' lang='lat' dir='ltr'>Accedunt</span> 
     </span>
     <span class='ocr_line' id='line_1_50' title="bbox 132 3903 1210 3960; baseline 0.004 -6"><span class='ocrx_word' id='word_1_469' title='bbox 132 3904 262 3957; x_wconf 80' lang='lat' dir='ltr'>&#39;uo-alii.</span> <span class='ocrx_word' id='word_1_470' title='bbox 309 3925 311 3927; x_wconf 93' lang='lat'>·</span> <span class='ocrx_word' id='word_1_471' title='bbox 360 3925 362 3928; x_wconf 93' lang='lat'>·</span> <span class='ocrx_word' id='word_1_472' title='bbox 527 3903 550 3938; x_wconf 63' lang='lat' dir='ltr'><em>s</em></span> <span class='ocrx_word' id='word_1_473' title='bbox 969 3921 978 3929; x_wconf 56' lang='lat'>&#39;⁴</span> <span class='ocrx_word' id='word_1_474' title='bbox 1031 3912 1078 3950; x_wconf 87' lang='lat'>.·.&#39;</span> <span class='ocrx_word' id='word_1_475' title='bbox 1128 3910 1210 3960; x_wconf 65' lang='lat' dir='ltr'>‚23:ss</span> 
     </span>
     <span class='ocr_line' id='line_1_51' title="bbox 132 3971 1285 4043; baseline 0 -15"><span class='ocrx_word' id='word_1_476' title='bbox 132 3988 136 4013; x_wconf 72' lang='lat'>‹</span> <span class='ocrx_word' id='word_1_477' title='bbox 176 3971 220 4041; x_wconf 57' lang='lat'>³1,</span> <span class='ocrx_word' id='word_1_478' title='bbox 240 3979 284 4041; x_wconf 79' lang='lat'>34,</span> <span class='ocrx_word' id='word_1_479' title='bbox 302 3972 362 4030; x_wconf 55' lang='grc' dir='ltr'>ΘΜ</span> <span class='ocrx_word' id='word_1_480' title='bbox 387 3974 426 4028; x_wconf 82' lang='lat' dir='ltr'>Ut</span> <span class='ocrx_word' id='word_1_481' title='bbox 445 3975 556 4028; x_wconf 83' lang='lat' dir='ltr'>credam</span> <span class='ocrx_word' id='word_1_482' title='bbox 572 3975 615 4029; x_wconf 82' lang='lat' dir='ltr'>ito</span> <span class='ocrx_word' id='word_1_483' title='bbox 633 3989 705 4040; x_wconf 82' lang='lat' dir='ltr'>esee,</span> <span class='ocrx_word' id='word_1_484' title='bbox 727 3974 812 4043; x_wconf 79' lang='lat' dir='ltr'>quum</span> <span class='ocrx_word' id='word_1_485' title='bbox 830 3979 873 4026; x_wconf 84' lang='lat' dir='ltr'>est</span> <span class='ocrx_word' id='word_1_486' title='bbox 898 3972 930 4026; x_wconf 87' lang='lat' dir='ltr'>id</span> <span class='ocrx_word' id='word_1_487' title='bbox 948 3971 1110 4042; x_wconf 71' lang='lat' dir='ltr'>exiguumlz</span> <span class='ocrx_word' id='word_1_488' title='bbox 1121 3978 1154 4028; x_wconf 77' lang='lat' dir='ltr'>st</span> <span class='ocrx_word' id='word_1_489' title='bbox 1169 3974 1285 4040; x_wconf 62' lang='lat' dir='ltr'>fulsum</span> 
     </span>
     <span class='ocr_line' id='line_1_52' title="bbox 126 4045 1284 4117; baseline -0.003 -16"><span class='ocrx_word' id='word_1_490' title='bbox 126 4061 185 4101; x_wconf 82' lang='lat' dir='ltr'>esee</span> <span class='ocrx_word' id='word_1_491' title='bbox 209 4046 367 4100; x_wconf 70' lang='lat' dir='ltr'>urbitrmr&#39;</span> <span class='ocrx_word' id='word_1_492' title='bbox 388 4051 415 4099; x_wconf 89' lang='lat' dir='ltr'>et</span> <span class='ocrx_word' id='word_1_493' title='bbox 438 4046 477 4111; x_wconf 75' lang='lat' dir='ltr'>fit</span> <span class='ocrx_word' id='word_1_494' title='bbox 490 4046 660 4117; x_wconf 63' lang='lat' dir='ltr'>plerumque*</span> <span class='ocrx_word' id='word_1_495' title='bbox 672 4047 731 4099; x_wconf 80' lang='lat' dir='ltr'>eiua</span> <span class='ocrx_word' id='word_1_496' title='bbox 754 4061 845 4099; x_wconf 75' lang='lat' dir='ltr'>semu</span> <span class='ocrx_word' id='word_1_497' title='bbox 870 4066 874 4086; x_wconf 89' lang='lat'>·-</span> <span class='ocrx_word' id='word_1_498' title='bbox 887 4045 1220 4110; x_wconf 54' lang='lat' dir='ltr'>Restituitx-etnfulaum</span> <span class='ocrx_word' id='word_1_499' title='bbox 1240 4064 1284 4100; x_wconf 77' lang='lat' dir='ltr'>ex</span> 
     </span>
     <span class='ocr_line' id='line_1_53' title="bbox 126 4112 1285 4188; baseline -0.001 -15"><span class='ocrx_word' id='word_1_500' title='bbox 126 4116 214 4173; x_wconf 74' lang='lat' dir='ltr'>ecda.</span> <span class='ocrx_word' id='word_1_501' title='bbox 234 4113 367 4172; x_wconf 77' lang='lat' dir='ltr'>omnibus</span> <span class='ocrx_word' id='word_1_502' title='bbox 387 4112 600 4188; x_wconf 64' lang='lat' dir='ltr'>nostris‘plane</span> <span class='ocrx_word' id='word_1_503' title='bbox 622 4115 780 4171; x_wconf 82' lang='lat' dir='ltr'>rationibus</span> <span class='ocrx_word' id='word_1_504' title='bbox 795 4117 923 4181; x_wconf 59' lang='lat' dir='ltr'>ductum!</span> <span class='ocrx_word' id='word_1_505' title='bbox 935 4157 937 4161; x_wconf 84' lang='grc'>-</span> <span class='ocrx_word' id='word_1_506' title='bbox 947 4117 1002 4188; x_wconf 87' lang='lat' dir='ltr'>qui</span> <span class='ocrx_word' id='word_1_507' title='bbox 1018 4116 1096 4171; x_wconf 72' lang='lat' dir='ltr'>idem</span> <span class='ocrx_word' id='word_1_508' title='bbox 1108 4116 1285 4172; x_wconf 71' lang='lat' dir='ltr'>sfaoiendum</span> 
     </span>
     <span class='ocr_line' id='line_1_54' title="bbox 160 4324 1282 4403; baseline -0.003 -18"><span class='ocrx_word' id='word_1_509' title='bbox 160 4327 189 4399; x_wconf 77' lang='lat'>¹¹¹)</span> <span class='ocrx_word' id='word_1_510' title='bbox 209 4333 253 4386; x_wconf 84' lang='lat' dir='ltr'>ltu</span> <span class='ocrx_word' id='word_1_511' title='bbox 277 4350 335 4385; x_wconf 87' lang='lat' dir='ltr'>non</span> <span class='ocrx_word' id='word_1_512' title='bbox 357 4324 444 4402; x_wconf 77' lang='lat' dir='ltr'>loqui</span> <span class='ocrx_word' id='word_1_513' title='bbox 462 4332 554 4385; x_wconf 84' lang='lat' dir='ltr'>solent</span> <span class='ocrx_word' id='word_1_514' title='bbox 579 4332 671 4384; x_wconf 87' lang='lat' dir='ltr'>nostri</span> <span class='ocrx_word' id='word_1_515' title='bbox 698 4347 776 4403; x_wconf 72' lang='lat' dir='ltr'>pros</span> <span class='ocrx_word' id='word_1_516' title='bbox 806 4330 864 4384; x_wconf 90' lang='lat' dir='ltr'>ich</span> <span class='ocrx_word' id='word_1_517' title='bbox 893 4331 1027 4400; x_wconf 67' lang='lat' dir='ltr'>orliens</span> <span class='ocrx_word' id='word_1_518' title='bbox 1052 4329 1150 4384; x_wconf 83' lang='lat' dir='ltr'>&#39;mich</span> <span class='ocrx_word' id='word_1_519' title='bbox 1177 4329 1282 4385; x_wconf 69' lang='lat' dir='ltr'>nicht</span> 
     </span>
     <span class='ocr_line' id='line_1_55' title="bbox 216 4400 1135 4469; baseline -0.003 -10"><span class='ocrx_word' id='word_1_520' title='bbox 216 4401 302 4460; x_wconf 78' lang='lat' dir='ltr'>tiber</span> <span class='ocrx_word' id='word_1_521' title='bbox 320 4405 385 4469; x_wconf 83' lang='lat' dir='ltr'>sie,</span> <span class='ocrx_word' id='word_1_522' title='bbox 405 4402 464 4457; x_wconf 83' lang='lat' dir='ltr'>ich</span> <span class='ocrx_word' id='word_1_523' title='bbox 482 4400 580 4459; x_wconf 75' lang='lat' dir='ltr'>se&#39;tze</span> <span class='ocrx_word' id='word_1_524' title='bbox 599 4401 775 4458; x_wconf 86' lang='lat' dir='ltr'>sie-nicht</span> <span class='ocrx_word' id='word_1_525' title='bbox 793 4403 913 4462; x_wconf 83' lang='lat' dir='ltr'>hereb.</span> <span class='ocrx_word' id='word_1_526' title='bbox 1132 4407 1135 4410; x_wconf 72' lang='grc'>’</span> 
     </span>
    </p>
   </div>
   <div class='ocr_carea' id='block_1_11' title="bbox 0 0 1432 5084">
    <p class='ocr_par' dir='ltr' id='par_1_13' title="bbox 0 0 1432 5084">
     <span class='ocr_line' id='line_1_56' title="bbox 0 0 1432 5084; baseline 0 7"><span class='ocrx_word' id='word_1_527' title='bbox 0 0 1432 5084; x_wconf 95' lang='lat' dir='ltr'> </span> 
     </span>
    </p>
   </div>
  </div>
 </body>
</html>
