2856 5084
205 276 249 344 82
405 273 640 340 CICERONIS
661 271 912 340 TUSCULAN.
934 271 1166 338 DISPUTAT.

204 445 355 526 perfecta
376 457 480 516 mens,
502 438 620 520 idest,
643 441 797 503 absoluta
819 441 929 502 ratio:
952 439 1042 522 quod
1064 450 1113 502 est
1133 436 1222 500 idem
1243 439 1365 505 virtus.

204 527 258 605 Et,
281 529 310 588 si
332 544 429 586 omna
449 525 586 586 beatum
608 532 670 603 est,
692 527 749 585 cui
770 523 855 585 nibil
878 522 982 602 deest,
1005 531 1040 584 et
1057 521 1151 605 quod
1172 523 1206 581 iu
1229 540 1291 584 suo
1307 542 1367 609 ge·

204 628 286 670 nere
308 609 476 690 expletum
498 615 599 690 atque
618 608 825 668 cumulatum
846 615 908 685 est,
930 606 1031 688 idque
1051 605 1190 668 virtutis
1211 614 1265 666 est
1283 623 1367 687 pro-

204 694 335 773 prium3
369 701 461 753 certe
488 709 601 751 omnes
627 691 767 752 virtutis
795 697 964 771 compotes
987 689 1076 751 beati
1097 695 1187 750 sunt.
1239 687 1281 748 Et
1301 687 1367 749 hoc

204 773 336 856 quidem
368 774 451 834 mibi
482 793 557 833 cum
586 773 691 833 Bruto
714 773 883 850 convenit,
915 770 951 833 id
983 780 1034 833 est
1066 790 1141 833 cum
1168 769 1366 845 Aristotele,

201 855 405 933 Xenocrate,
428 855 627 937 Speusippo,
649 855 838 918 Polemone.
1219 864 1223 869 '

37 974 43 982 ·
141 941 185 996 to.
286 939 351 1002 Sed
371 940 456 1000 mibi
477 937 639 1001 videntur
661 940 760 1001 etiam
792 938 989 1002 beatissimi.
1043 935 1130 1001 Quid
1156 938 1244 999 enim
1271 936 1367 1001 deest

202 1126 226 1193 §-
246 1129 308 1185 514.
346 1129 469 1180 Nostrae
487 1124 646 1179 sententiae
665 1125 857 1195 adstipulatur
874 1125 969 1182 Kiihn.
990 1125 1025 1178 ad
1042 1125 1144 1178 Tusce.
1164 1126 1186 1180 Ι.
1206 1128 1233 1182 A.
1255 1129 1280 1182 7.
1308 1128 1365 1181 Pro

202 1201 235 1266 fit
259 1216 414 1269 operarum
440 1215 539 1251 errore
563 1197 594 1248 in
620 1199 646 1253 2.
672 1206 701 1250 et
723 1200 749 1252 3.
774 1197 827 1249 Ed.
851 1197 958 1253 Woltli
983 1205 1025 1249 est
1049 1196 1097 1264 sit,
1124 1198 1259 1267 idemque
1279 1216 1366 1252 error

201 1269 319 1336 ¹videtur
345 1270 431 1322 etiarn
455 1287 514 1322 esse
533 1269 564 1320 in
586 1268 640 1320 Ed.
662 1274 686 1324 1.
713 1283 780 1319 cum
799 1285 866 1321 eum
884 1268 1011 1321 fideliter
1037 1269 1196 1339 repetitum
1215 1269 1365 1323 videamus

202 1341 235 1393 in
261 1341 313 1393 Ed.
339 1340 436 1393 Koelii
461 1339 563 1407 (1798.)
599 1341 654 1391 Pro
680 1339 712 1394 td
738 1345 790 1405 est,
816 1357 890 1391 unus
910 1339 960 1394 Ox.
988 1338 1074 1391 habet
1101 1345 1136 1395 et.
1162 1338 1235 1416 Aug.
1261 1347 1365 1394 caret

202 1411 364 1464 erroribus.-
398 1411 448 1462 ubi
478 1412 549 1464 item
578 1409 664 1463 habes
692 1411 766 1463 vesti
790 1410 817 1462 ia
853 1409 988 1463 lectionis
1016 1417 1187 1464 caecaretur.
1232 1411 1267 1465 In
1294 1412 1365 1466 God.

200 1476 290 1536 Rehd.
311 1491 354 1535 est
371 1488 413 1535 eet
431 1498 484 1552 pro
503 1483 541 1547 fit,
566 1481 722 1534 secundum
746 1428 933 1534 crillationem
950 1480 1071 1548 Kleinii,
1099 1481 1131 1533 in
1149 1482 1240 1535 altera
1256 1482 1364 1537 habere

202 1553 312 1606 dicitur
329 1554 353 1605 is
371 1554 447 1606 liber
464 1552 510 1606 sit.
547 1553 608 1605 Mr.

274 1625 348 1695 quad
374 1631 416 1677 eat
442 1624 517 1678 idem
540 1623 648 1691 virtue]
685 1623 762 1690 „Sic
784 1623 909 1678 habetur
933 1622 965 1676 in
992 1623 1045 1678 Ed.
1069 1624 1204 1690 Victorii,
1232 1625 1364 1696 quinque

201 1697 321 1750 Palatia.
348 1696 430 1748 Fabr.
456 1696 585 1752 vatican.
622 1693 731 1768 Vulgo:
759 1703 896 1765 quaeest
919 1694 996 1749 idem
1020 1697 1094 1764 quad
1124 1695 1246 1749 virtus.“
1278 1693 1362 1750 Geblt.

202 1767 394 1821 Consentiunt
413 1767 500 1820 codd.
522 1783 630 1835 omnes,
649 1768 705 1818 nisi
725 1767 801 1837 quod
819 1769 894 1820 Mon.
916 1771 940 1822 1.
961 1766 1077 1820 exbibet
1103 1766 1178 1820 idem
1205 1774 1255 1820 eat.
1292 1768 1365 1821 Vul-

222 1848 307 1903 atam‚
327 1856 412 1908 quam
433 1839 504 1891 dicit
521 1837 624 1903 Geth„
642 1838 749 1892 habent
767 1837 838 1892 Edd.
857 1836 891 1894 A.
910 1839 942 1890 B.
962 1836 990 1894 S.
1012 1838 1043 1891 C.
1064 1840 1101 1890 ut.
1121 1841 1153 1892 1..
1179 1840 1251 1892 Van.
1271 1848 1362 1891 nostr.

201 1856 266 1962 Asc.
288 1915 312 1964 l.
333 1911 358 1964 2.
378 1912 459 1962 tunt.
479 1911 559 1965 Brut.
579 1909 644 1963 Ald.
665 1909 746 1980 Sylb.
766 1908 873 1962 sturm.
896 1909 959 1962 Car.
981 1907 1080 1979 Steph.
1100 1911 1201 1965 Herw·
1234 1911 1269 1965 In
1286 1910 1362 1965 Edd.

201 1983 231 2034 P.
251 1982 286 2033 E.
306 1982 335 2033 le
358 1981 420 2033 itur
447 1981 518 2051 quod
543 1980 617 2034 idem
641 1987 690 2044 eat,
716 1981 789 2050 quod
815 1980 915 2034 at'rtua.
952 1981 1073 2034 Confert
1092 1981 1181 2036 Orell.
1201 1982 1236 2035 ad
1253 1980 1364 2038 Wollii

202 2051 312 2115 scholas
332 1998 392 2108 dic.
413 2053 447 2106 de
466 2054 557 2128 Legg.
578 2052 616 2106 11.
636 2052 659 2118 ἓ.
678 2048 710 2107 53
729 2051 800 2104 bunc
819 2053 917 2119 locum,
936 2053 1012 2106 idem
1030 2068 1082 2120 ego
1101 2060 1129 2105 te
1142 2053 1249 2124 accipio
1267 2053 1365 2107 dicere

201 2123 359 2191 Arpinum.-
377 2125 426 2176 ubi
444 2124 503 2175 vid.
524 2132 620 2176 annot.
640 2132 730 2180 nostr.
748 2142 777 2193 p.
799 2127 850 2180 tot
870 2142 911 2192 sq.
949 2124 1048 2198 Pergit
1073 2123 1141 2190 God.
1162 2124 1236 2177 Gud.
1266 2131 1292 2178 et
1310 2125 1364 2179 ric

101 2196 103 2201 ’
200 2211 292 2259 onam,
318 2194 372 2246 Ed.
391 2197 420 2250 P.
450 2200 477 2247 et
502 2211 588 2259 omae,
614 2195 667 2247 Ed.
692 2194 790 2247 bamb.
822 2195 856 2246 Et
880 2194 908 2247 si
932 2193 969 2247 id
996 2210 1084 2247 omne.
1121 2196 1176 2248 Pro
1195 2197 1364 2251 cumulatum

204 2262 271 2319 'eoa
293 2265 367 2318 Gud.
389 2271 414 2322 l.
434 2283 450 2317 a
469 2269 493 2320 1.
514 2284 553 2317 m.
573 2266 660 2319 habet
679 2268 868 2319 tumulatum:
892 2283 978 2335 supra
995 2267 1047 2318 lin.
1067 2280 1090 2317 c.
1128 2268 1182 2320 Pro
1208 2285 1302 2322 omnes
1320 2277 1363 2322 est

201 2338 295 2407 amnis
321 2336 366 2400 (ut
393 2337 427 2390 ad
451 2337 568 2392 uirtutis
591 2336 805 2390 accomodatum
828 2336 924 2389 videri
947 2338 1047 2408 possit)
1073 2337 1105 2388 in
1124 2337 1210 2391 Codd.
1240 2339 1315 2393 Gud.
1334 2342 1361 2395 2.

201 2408 290 2462 Rebd.
313 2410 394 2461 Unus
413 2409 463 2461 Ox.
484 2409 596 2461 omittit
615 2425 676 2460 eam
694 2424 803 2461 vocem.
842 2409 876 2461 ln
889 2406 961 2460 Edd.
981 2412 1010 2462 P.
1030 2408 1063 2463 A.
1083 2410 1114 2461 B.
1135 2408 1162 2463 S.
1182 2411 1217 2463 Ε.
1237 2412 1270 2465 C.
1288 2413 1361 2464 Ven.

202 2488 293 2532 nostr.
312 2481 377 2531 Asc.
398 2483 422 2533 1.
443 2480 468 2533 2.
490 2479 570 2530 Junt.
593 2487 635 2530 est
653 2485 715 2531 sunt
734 2478 818 2532 beati.
855 2483 983 2554 Pergunt
1001 2480 1137 2534 duoOxx.
1160 2482 1220 2534 Hoc
1239 2482 1362 2552 quidem,

202 2551 276 2603 alius
295 2556 323 2612 et
342 2548 390 2601 boc
410 2565 448 2602 esa
467 2567 531 2619 qua
550 2549 670 2619 quidem,
689 2568 762 2601 unus
782 2550 855 2607 Qrtia
877 2549 927 2604 bac
950 2553 1069 2620 quidem.
1098 2553 1182 2604 Vind.
1204 2558 1228 2608 1.
1249 2555 1364 2608 omittit

204 2622 324 2691 quidem,
343 2620 417 2672 Gud.
439 2622 464 2674 2.
483 2621 569 2673 habet
588 2627 616 2673 et
633 2618 683 2672 bac
701 2619 791 2674 mitt
808 2623 956 2689 quidem.
994 2627 1060 2676 Post
1078 2623 1204 2677 conuenit
1221 2640 1275 2694 pro
1294 2625 1363 2678 item

204 2690 270 2763 dedi
289 2690 322 2744 id
340 2699 382 2744 eat
400 2709 466 2743 cum
485 2693 532 2745 Or.
553 2709 589 2744 ex
607 2692 725 2762 optimis
743 2692 836 2759 libris,
863 2695 933 2769 Reg.
954 2695 1028 2748 Gud.
1050 2697 1073 2748 l.
1095 2697 1120 2748 2.
1146 2695 1232 2749 Marb.
1259 2695 1360 2748 Duisb.

204 2766 279 2816 Mon.
300 2764 326 2816 2.
348 2771 376 2815 et
395 2763 524 2833 quinque
543 2763 613 2816 On.
635 2780 721 2831 quam
739 2763 896 2816 lectionem
915 2767 1021 2818 merito
1041 2766 1285 2841 elegantissimam
1301 2783 1363 2822 esse

205 2828 285 2886 dicit.
313 2833 376 2886 Duo
397 2835 465 2887 Oxx.
486 2833 592 2886 habent
610 2833 686 2886 idem
704 2851 770 2886 cum
789 2835 872 2887 Vind.
896 2840 919 2890 l.
941 2845 970 2888 et
996 2836 1085 2890 Rohd.
1106 2838 1172 2891 (lod.
1193 2838 1268 2891 Mon.
1291 2841 1315 2892 1.
1336 2845 1365 2893 et

206 2904 292 2958 idem.
331 2905 366 2957 ln
385 2904 508 2974 reliquis
527 2914 569 2957 est
588 2904 663 2957 item.
701 2898 780 2958 idem
797 2905 904 2960 habent
924 2909 1011 2960 etiam
1028 2909 1100 2961 Edd.
1120 2912 1150 2964 P.
1170 2907 1204 2960 A.
1224 2909 1255 2961 B.
1277 2908 1305 2962 S.
1325 2911 1360 2962 E.

204 2971 275 3029 Ven.
302 2984 392 3028 nostr.
417 2975 480 3029 Asc.
502 2980 531 3031 1:
546 2978 572 3031 2.
599 2977 681 3032 Junt.
714 2977 748 3029 ln
767 2979 840 3030 Mon.
863 2982 887 3032 1.
914 2987 943 3031 et
967 2980 1055 3032 Marb.
1081 2987 1124 3033 est
1141 2980 1302 3051 Pseusippo,
1329 2981 1363 3033 in

204 3049 364 3119 posteriore
383 3047 472 3100 etiam
489 3047 655 3101 Ptolemone.
693 3048 755 3100 Mr.

209 3180 211 3184 .
277 3137 334 3189 Sed
356 3134 427 3189 milei
451 3136 585 3191 uidentur
611 3135 696 3189 etiam
720 3135 906 3204 beatissimi]
943 3137 1087 3192 scribitur
1110 3140 1225 3194 uidetur
1249 3141 1281 3194 in
1304 3157 1362 3194 uno

207 3207 269 3274 On,
294 3207 378 3261 etiam
401 3208 528 3262 uidentur·
553 3209 584 3259 in
609 3206 696 3261 Codd.
722 3210 796 3260 Mon.
818 3212 842 3262 l.
863 3213 888 3264 2.
912 3211 984 3262 Edd.
1008 3213 1036 3262 P.
1064 3210 1096 3263 A.
1122 3213 1152 3263 Β.
1179 3214 1250 3266 Ven.
1271 3221 1361 3265 nostr.

206 3279 269 3332 Asc.
291 3285 317 3334 l.
336 3282 363 3335 2.
383 3279 482 3346 Junt.;
500 3279 532 3330 in
551 3278 625 3332 Gud.
644 3281 671 3335 2.
697 3287 739 3332 est
763 3278 920 3335 beatissimi
942 3280 1035 3333 etiam.
1072 3283 1152 3336 Unus
1177 3284 1227 3337 Ox.
1252 3284 1363 3336 omittit

206 3350 302 3404 ctiam.
340 3352 385 3403 Ne
403 3367 472 3402 vero
492 3351 557 3421 quis
578 3367 613 3402 ex
631 3351 696 3403 sede
715 3351 794 3404 vocis
812 3369 884 3426 vaga
903 3360 932 3403 et
949 3351 1004 3404 hac
1022 3353 1175 3406 omissione
1195 3355 1291 3426 ipsam
1312 3371 1363 3408 vo·

207 3421 878 3562 tttttlatttttffPttttttt‘tttt
896 3423 1293 3551 iiiii⁹li⁰iil{”¹iili‘.
1310 3427 1363 3550 ‘li

207 3564 362 3616 uiuendum.
401 3564 494 3617 Verba
517 3570 575 3631 aut,
606 3565 656 3634 qui
672 3563 774 3632 -qui
800 3568 892 3632 potest
919 3565 1013 3618 abesse
1044 3566 1085 3618 ait
1110 3567 1203 3620 Gebh.
1233 3587 1248 3620 a
1273 3514 1361 3623 cido.

173 3674 179 3687 .
206 3635 232 3686 F
234 3635 291 3690 abr.
312 3642 341 3687 et
358 3635 416 3689 Pal.
436 3652 489 3688 sec.
528 3635 564 3688 ln
581 3651 639 3688 uno
659 3634 709 3690 Oro
730 3644 758 3688 et
776 3633 937 3706 Duisbest
955 3642 986 3688 at
1004 3653 1058 3708 pro
1082 3645 1142 3706 aut,
1165 3639 1249 3709 prior
1272 3641 1362 3694 etiam

207 3704 294 3757 habet
312 3707 373 3774 puis
390 3723 444 3776 pro
463 3705 520 3775 qui.
539 3707 615 3759 Tum
636 3707 710 3757 Mon.
732 3712 756 3761 l.
776 3705 901 3758 beator
920 3723 995 3773 esse3
1020 3708 1072 3761 ille
1093 3710 1142 3765 Ox.
1162 3726 1262 3763 rursus
1286 3711 1364 3782 quir

206 3783 297 3845 potest
317 3794 384 3829 cum
401 3777 468 3831 Cod.
489 3779 575 3832 blarb.
595 3777 630 3829 ln
647 3776 737 3830 Rehd.
758 3777 895 3847 estquis
913 3778 978 3838 ao'n
1000 3785 1106 3847 potesta
1135 3798 1170 3833 ex
1191 3781 1290 3852 inepta
1317 3783 1363 3834 in-

208 3849 270 3918 epti
293 3849 426 3902 monachi
451 3848 640 3902 correctione.
677 3848 721 3899 Ad
748 3865 827 3916 seqq.
855 3849 886 3898 in
913 3867 1003 3924 marg.
1030 3849 1094 3907 Asc.
1115 3854 1140 3906 2.
1177 3862 1291 3907 nostrae
1314 3853 1363 3906 ad·

207 3920 350 3990 scriptum
369 3928 411 3973 est
429 3919 620 3972 Frobenianos
638 3919 756 3973 Codices
776 3918 910 3972 exhibere
928 3926 988 3973 aut
1007 3922 1129 3988 diffidat.
1149 3922 1222 3999 Aug.
1237 3925 1268 3976 in
1281 3942 1361 3994 seqq.

207 3989 364 4060 quidone
383 3990 489 4045 diuidit
508 3989 689 4058 tripartito,
708 3989 795 4042 Marb.
816 3992 864 4060 qui
889 3991 960 4044 barna
982 3993 1132 4047 dimisit.
1170 3994 1281 4066 Scripsi
1306 3998 1361 4050 tri·

204 4065 326 4129 pertita
353 4080 420 4115 cum
445 4062 514 4114 Dav.
542 4069 572 4113 et
595 4061 743 4132 plerisque
768 4061 851 4127 Edd,
875 4079 942 4114 curn
967 4062 1089 4117 habeant
1115 4066 1156 4118 it'a
1183 4066 1269 4123 Oodd.
1288 4069 1359 4142 Reg.

206 4121 359 4200 (tripertio,
381 4132 484 4186 calami
501 4129 593 4201 lapsu)
612 4132 685 4185 Gud.
698 4138 721 4187 l.
732 4134 758 4188 2.
779 4135 853 4185 Mon.
874 4137 898 4189 l.
918 4137 944 4190 2.
964 4135 1051 4187 lllarb.
1071 4137 1154 4190 Vind.
1166 4139 1191 4192 2.
1211 4138 1361 4208 Scriptum

204 4212 249 4255 est
268 4203 413 4273 tripartito
433 4204 464 4253 in
482 4202 553 4254 Edd.
572 4206 602 4255 P.
623 4201 656 4254 A.
676 4204 707 4255 B.
727 4203 755 4256 S.
775 4204 809 4256 Ε.
835 4204 865 4257 C.
885 4207 955 4258 Van.
984 4215 1073 4258 nostr.
1098 4207 1162 4260 Asc.
1184 4213 1208 4263 1.
1231 4212 1256 4263 2.
1276 4208 1358 4262 Junt.

203 4274 285 4327 Brut.
306 4275 392 4329 Leod.
416 4273 498 4326 Boul.
527 4273 607 4344 sylb.
635 4274 698 4327 Car.
726 4273 826 4346 steph.
863 4276 992 4351 Egregie
1011 4276 1079 4331 cod.
1098 4280 1189 4332 Rehd.
1215 4280 1264 4350 put'
1287 4282 1360 4334 bona

204 4344 433 4414 tripartitur.
476 4345 613 4398 Ceterum
643 4346 728 4398 istam
756 4347 945 4416 partitionem
972 4348 1137 4423 significare
1168 4351 1359 4416 honestatem,

202 4414 275 4473 bona
293 4416 421 4487 corporis
440 4424 469 4469 et
487 4416 567 4485 bona,
587 4433 659 4488 quae
677 4418 788 4484 dicunt,
807 4427 937 4485 externa,
963 4429 1064 4490 sponte
1088 4421 1275 4498 intelligitur.
1295 4423 1358 4480 Mr.
