2856 5084
181 255 265 323 >28⁰
551 251 770 322 munnam
797 253 1007 321 BENTLEIl

202 439 249 477 res
267 422 397 476 confecta
416 429 498 488 osset,
517 427 547 475 et
564 422 706 476 sententia
724 422 880 494 explicata:
909 439 992 494 quae,
1015 432 1065 477 aut
1082 423 1210 478 multum
1229 440 1283 500 ego
1300 426 1357 480 fal-

201 493 257 560 lor,
275 502 325 546 aut
344 509 376 546 eo
394 494 486 568 magis
510 492 611 548 haeret
635 503 665 548 et
690 494 829 564 impedita
855 499 906 547 est.
944 494 1017 561 Quid
1034 496 1122 561 enim,
1147 496 1273 562 obsecro,
1301 498 1358 550 sibi

200 565 314 633 volunt,
341 563 392 617 sed
416 571 458 617 est
475 563 591 631 difficile
613 564 803 631 contundere?
838 565 997 618 Enimvero
1020 567 1117 635 potius
1135 566 1281 634 distincte,
1299 567 1360 621 dis-

202 635 323 701 tribute,
348 635 497 688 enucleate
525 636 649 689 scribere
668 635 791 689 difficile
809 635 868 700 esta
893 636 1080 702 confundere,
1100 637 1267 703 dormitare,
1294 638 1357 691 labi

142 772 147 780 .
200 705 287 781 longe
304 705 488 759 facillimum.
525 707 667 772 Quorsum
685 714 781 760 autern
799 706 926 774 difficile,
958 707 1129 776 quasivero
1153 708 1184 760 id
1208 706 1302 762 studio
1329 713 1358 763 et

201 777 269 831 deta
285 792 371 845 opera
388 777 482 842 fieret,
501 785 530 830 et
548 777 580 830 in
598 776 736 830 orationis
754 776 910 830 virtutibus
928 786 1009 843 esset,
1036 786 1070 831 ut
1088 796 1133 832 res
1152 780 1356 844 confunderent·
1380 775 1383 784 ’

200 849 267 902 esre
293 865 382 922 apage
400 847 555 901 lectionem
573 855 633 902 tam
650 847 778 912 stultam,
797 854 857 900 tam
874 856 1077 917 portentosam.
1114 849 1257 902 Viderunt
1274 850 1357 903 scili·

200 927 248 973 cct
264 919 329 986 hoc,
349 918 399 989 qui
418 918 494 973 illud
510 935 576 973 nan
593 918 694 971 invitis
712 918 857 971 codicibus
875 919 1113 974 introduxerunt:
1131 920 1267 974 viderunt
1283 938 1357 990 quo-

166 1008 167 1013 *
200 1007 256 1060 que
279 990 365 1043 credo
390 988 442 1059 qui
464 1006 580 1043 rursum
609 988 771 1054 eiecerunt,
799 989 848 1042 sed
874 1006 940 1042 cum
962 990 1027 1044 loco
1049 990 1158 1046 labanti
1178 992 1356 1044 medicinam

199 1076 257 1115 noa
274 1061 447 1132 reperirent,
474 1060 591 1115 silentio
614 1077 678 1113 rem
701 1059 880 1115 dissimulare
902 1060 1063 1131 prudenter
1090 1071 1132 1115 est
1149 1061 1251 1114 visum.
1287 1063 1354 1137 Ego

198 1147 279 1198 vero,
302 1149 369 1186 cum
388 1131 420 1184 in
437 1147 496 1185 uno
514 1151 550 1186 ex
567 1131 627 1184 tuis
646 1130 790 1184 codicibus
807 1131 1041 1198 confundere,
1068 1133 1100 1184 in
1118 1133 1209 1186 altero
1230 1133 1354 1198 cenfu-

198 1208 275 1257 tare
291 1202 425 1258 vidissem
443 1202 590 1268 exbiberi3
618 1201 756 1256 continuo
773 1219 809 1256 ex
833 1201 893 1272 ipsa
910 1204 1053 1257 sententia
1069 1221 1169 1257 veram
1194 1204 1355 1257 lectionem

198 1274 308 1340 extudi,
320 1291 400 1344 quae
418 1273 460 1326 sic
478 1292 507 1328 se
525 1273 628 1327 babet:
658 1271 794 1341 cuperem
812 1273 937 1343 equidem
954 1279 1109 1345 utrumque,
1128 1274 1155 1329 si
1169 1280 1277 1342 posset3
1295 1276 1354 1328 'sed

197 1361 275 1399 esse
294 1343 414 1410 difficile
435 1344 633 1417 confiterer
655 1342 712 1397 boo
730 1351 783 1410 est,
800 1345 951 1411 confiteris.
989 1343 1084 1415 Atque
1101 1345 1173 1399 baec
1191 1345 1355 1400 emendatio

198 1433 234 1470 ex
251 1415 392 1486 ipsosolo
418 1415 497 1484 quasi
521 1423 621 1486 sponte
638 1415 815 1469 nascebatur.
850 1416 971 1470 Dixerat
990 1417 1067 1476 enim
1085 1415 1195 1482 Cicero,
1222 1417 1300 1472 Quae
1320 1433 1355 1471 ea

196 1485 244 1539 lie
260 1485 408 1540 sententiis
424 1503 493 1540 aera
509 1489 558 1552 sit,
576 1502 663 1556 supra
680 1483 816 1539 hominem
829 1502 888 1541 esee
898 1484 1076 1550 tarnatenses
1095 1502 1164 1554 quae
1181 1486 1242 1541 aeri
1259 1485 1357 1540 simii-

196 1554 276 1622 lima‚
294 1572 426 1626 magnam
444 1563 471 1611 et
488 1559 609 1612 arduam
627 1559 814 1627 placationem
831 1574 900 1612 esee.
933 1559 1012 1632 Ergo
1031 1557 1107 1627 quod
1125 1558 1186 1627 ipse
1205 1561 1357 1613 confessus

195 1635 258 1682 erat
276 1645 337 1682 esse
355 1628 488 1695 difficile,
506 1628 649 1682 modestus
667 1628 861 1683 interlocutos
877 1629 989 1683 veritus
1008 1637 1051 1682 est
1069 1628 1102 1680 ab
1120 1644 1155 1682 eo
1174 1630 1302 1702 exigere.
1360 1662 1363 1671 ·

264 1734 337 1789 Ibid.
365 1735 446 1790 'Nam
464 1734 560 1791 sicar
577 1737 772 1803 antsanguis,
800 1740 850 1788 aut
876 1736 1018 1790 cerebrum
1043 1739 1084 1788 est
1109 1732 1235 1799 animum
1262 1741 1355 1799 certe,

194 1805 324 1874 queniam
343 1814 385 1871 est
402 1823 512 1876 corpus,
537 1806 666 1860 interibit
683 1823 744 1859 cum
765 1806 874 1875 reliquo
898 1822 1028 1874 corpore.-
1052 1805 1078 1859 si
1095 1804 1190 1858 anima
1208 1811 1261 1870 est,
1287 1807 1356 1858 for-

194 1883 266 1930 tasse
284 1877 484 1947 dissipabitur,
508 1877 538 1930 si
555 1877 646 1945 ignis,
664 1876 875 1947 exstinguetur:
900 1879 928 1932 si
946 1884 987 1930 ιει
1004 1874 1171 1929 Aristoxeni
1188 1873 1352 1943 hamtonia,

193 1944 371 2006 dissolvetur.
409 1949 482 2017 Quid
500 1949 536 2002 de
553 1945 727 2002 Dicaearcho
747 1947 851 2014 dicam,
879 1949 927 2028 qni
943 1944 1018 2000 sitit
1034 1946 1146 2001 omnino
1165 1946 1285 2000 inimum
1306 1947 1354 2000 di-

192 2023 239 2070 cat
256 2021 354 2088 esaei]
390 2019 447 2074 Ubi
466 2019 541 2072 illud
557 2019 633 2083 vide,
656 2026 691 2070 ut
709 2018 741 2070 in
759 2018 864 2072 ceteris
882 2019 944 2070 sine
968 2018 1145 2071 dubitatione
1163 2018 1351 2087 pronunciet,

192 2087 332 2156 interibit,
352 2079 554 2158 eas'tinguetur,
575 2089 760 2144 dissoluatur:
780 2091 813 2141 in
828 2089 880 2142 illo
894 2089 955 2142 solo
973 2087 1169 2143 timidiuscule
1187 2097 1262 2164 agat,
1287 2090 1353 2154 for-

192 2165 268 2214 tasse
286 2160 477 2230 dissipabitur.
515 2161 587 2226 Quid
605 2164 720 2212 autemt.
743 2176 816 2212 anne
835 2159 945 2214 maiore
962 2160 994 2212 ni
1013 2175 1082 2230 opus
1100 2168 1151 2226 est,
1171 2167 1207 2231 ut
1224 2159 1353 2230 solidum

193 2246 306 2303 corpus,
325 2249 377 2286 cor
392 2241 442 2286 aut
460 2231 621 2296 cerebrum,
640 2231 778 2295 intereat3
798 2247 885 2298 quam
903 2234 937 2282 ut
954 2230 1058 2296 anima,
1077 2234 1126 2286 aiir
1140 2247 1243 2300 nempe
1261 2230 1353 2283 levis·

191 2302 290 2371 simus,
309 2303 484 2374 dissipetur?
519 2304 611 2357 Immo
633 2317 705 2355 vero
722 2300 818 2354 anima
842 2300 891 2353 vel
914 2309 1016 2353 natura
1033 2318 1083 2354 sua
1106 2302 1249 2354 facillime
1268 2301 1352 2355 dissi·

212 2373 309 2428 abilis:
338 2383 373 2445 ut
395 2373 489 2428 cuivis
511 2373 607 2444 potius
632 2390 719 2442 quam
744 2371 814 2425 huic
841 2371 962 2424 attribui
988 2370 1087 2426 debeat
1111 2373 1186 2425 illud
1213 2375 1348 2439 fortasse.

190 2391 300 2499 iumen
318 2445 359 2498 ita
378 2443 515 2498 exhibent
533 2459 631 2496 omnes
649 2461 718 2512 quas
736 2442 799 2495 vidi
826 2442 974 2495 editiones.
1011 2440 1067 2495 Sed
1084 2443 1143 2497 levi
1161 2443 1350 2496 distinctione

190 2515 263 2570 haec
280 2515 392 2568 macula
410 2513 552 2580 abluetur,
571 2513 594 2565 si
612 2513 655 2566 sic
672 2514 809 2588 refingas:
837 2512 873 2568 Si
890 2512 988 2567 anima
1006 2519 1047 2565 est
1063 2515 1194 2581 fortasse,
1223 2513 1351 2582 dissipa·

191 2584 277 2640 bitur.
315 2587 352 2639 ln
369 2585 502 2658 ambiguo
521 2584 804 2654 scilicet‘relinquit,
822 2592 856 2635 ut
873 2584 1070 2649 Academicus,
1092 2593 1191 2636 utrum
1209 2599 1268 2650 cor,
1297 2593 1350 2638 aut

190 2651 316 2731 sanguis,
334 2664 384 2710 aut
402 2656 506 2722 anima,
525 2663 575 2707 aut
597 2655 684 2731 ignis,
711 2663 760 2707 aut
778 2653 928 2729 harmonia
946 2655 1001 2719 sit,
1029 2654 1107 2707 nihil
1125 2655 1234 2719 definit,
1265 2655 1349 2707 nihil

189 2727 326 2798 percipit.
363 2725 441 2780 Illud
458 2743 545 2796 porro
565 2726 640 2794 quod
658 2725 798 2795 sequitur,
824 2725 899 2780 Quid
916 2726 950 2778 de
967 2721 1145 2780 Dicaearcho
1163 2725 1263 2789 dicam,
1291 2726 1348 2777 du-

190 2797 252 2850 rius
269 2812 333 2850 mco
352 2797 461 2851 iudicio
480 2805 509 2851 et
526 2797 682 2850 violentius
700 2797 843 2850 infertur:
862 2797 981 2865 quodsi
1011 2796 1229 2850 emolliendum:
1249 2793 1284 2849 Si
1303 2802 1350 2849 εει

190 2868 360 2925 Aristoxeni
382 2866 538 2935 harmonia,
565 2867 747 2921 dissolvetur:
778 2867 886 2937 nequid
909 2867 944 2920 de
997 2866 1140 2923 icacarclo
1164 2869 1266 2936 dicam,
1299 2869 1349 2936 qui

189 2937 393 2995 nihilomnino
412 2939 535 2993 animum
558 2939 633 2994 dicat
655 2954 724 2992 esse.

261 3029 328 3100 Gap.
349 3031 391 3087 15.
428 3028 582 3097 Adspicite,
601 3047 617 3085 a
636 3027 721 3095 maes,
743 3028 818 3083 senis
833 3029 921 3085 Ennii
937 3028 1070 3097 imagini'
1086 3031 1221 3096 formante

318 3111 322 3122 “
385 3159 387 3163 ,
462 3100 530 3163 vHic
547 3107 665 3154 vestrum
683 3101 781 3184 pinxit
799 3105 922 3157 maxima
940 3102 1014 3167 iacta
1029 3099 1166 3170 patrum]

189 3166 246 3221 Hic
272 3171 402 3238 sequeris
421 3169 616 3236 Gebharduus,
643 3191 694 3242 qus
721 3189 757 3224 ex
781 3173 925 3227 codicibus
942 3172 1078 3224 Palatinis
1102 3189 1161 3225 non
1184 3171 1252 3225 adeo
1271 3173 1348 3224 anti-

190 3239 264 3309 quis,
283 3247 318 3292 ut
335 3257 371 3292 ex
389 3240 456 3324 ipsis
474 3241 647 3294 lectionibus
665 3242 754 3295 facile
773 3252 816 3296 est
834 3244 990 3308 coniicere,
1014 3244 1144 3313 reposuit
1163 3242 1239 3295 illud
1262 3242 1302 3311 pi
1307 3259 1347 3296 n·

189 3308 259 3376 uit,
278 3327 344 3363 oum
361 3327 474 3381 priores
494 3311 631 3383 editiones
650 3312 816 3367 habuissent
837 3313 974 3382 panxit.
1011 3311 1142 3382 Pingere,
1168 3313 1274 3383 inquit,
1303 3319 1347 3367 est

186 3387 334 3450 poetarum
366 3384 522 3449 ποικίλλειν,
552 3381 717 3438 δαιδάλλειν.
764 3385 805 3437 Et
831 3394 864 3437 tu
896 3400 1010 3455 quoque
1044 3383 1243 3439 Simonideum
1270 3384 1346 3437 illud

188 3451 285 3519 affers,
302 3451 404 3505 Possin
423 3469 479 3508 esse
494 3453 635 3522 picturam
653 3458 810 3523 loquentem,
828 3455 964 3509 Picturam
978 3454 1078 3524 poesin
1095 3457 1230 3509 silentem.
1256 3456 1345 3509 Recte

189 3523 306 3592 quidem
323 3523 379 3577 hoc
398 3522 577 3578 Simonides:
602 3527 695 3579 multa
721 3526 849 3578 enimin
866 3535 989 3596 utraque
1007 3526 1127 3580 similia:
1160 3528 1235 3581 uncle
1254 3527 1345 3580 Hora-

188 3593 255 3659 tius,
281 3591 318 3646 [λι
341 3595 464 3662 pictura,
490 3594 603 3660 Possis,
633 3605 662 3650 et
679 3595 836 3652 Pictonibus
863 3603 947 3667 atque
967 3599 1066 3663 poetis.
1103 3596 1159 3650 Sed
1184 3597 1254 3667 quid
1281 3606 1347 3649 tum

100 3707 102 3709 .
187 3668 306 3733 postea?
332 3666 375 3718 Er
396 3681 448 3719 one
463 3667 585 3736 pingere
604 3677 645 3721 est
662 3684 764 3738 poema
783 3667 923 3722 condere?
941 3667 1049 3721 idcirco
1069 3675 1098 3722 et
1115 3668 1254 3734 vicissim,
1272 3667 1345 3722 Poe-

188 3734 250 3788 tari
272 3734 330 3789 erit
347 3683 473 3789 tabulam
490 3740 542 3809 pin
565 3755 622 3794 ere.
659 3739 818 3792 Enimvero
836 3738 886 3792 hic
904 3738 1013 3791 iudicio
1033 3747 1074 3792 est
1092 3755 1171 3809 opus.
1210 3739 1345 3804 Quamvis

188 3806 277 3872 enim,
301 3805 419 3875 pingere
444 3826 512 3861 oum
536 3755 602 3861 abiis
620 3809 762 3862 adiunctis
781 3816 811 3861 et
829 3809 1032 3862 comitantibus
1056 3827 1127 3878 quae
1145 3808 1346 3879 metaphoram

188 3884 218 3930 et
236 3876 433 3932 declarentet
450 3880 611 3943 illustrent,
629 3879 696 3932 satis
714 3878 789 3933 belle
804 3879 862 3931 dici
879 3881 989 3950 poterit
1001 3897 1055 3950 pro
1069 3880 1188 3934 Carmen
1206 3881 1343 3935 scribere:

81 3953 89 3972 ⁸
187 3957 246 4000 non
267 3957 364 4003 tamen
379 3950 499 4018 pingere
523 3967 575 4020 per
601 3966 630 4002 se
650 3958 679 4003 et
704 3950 780 4002 nude
799 3950 926 4019 positum
944 3951 1021 4004 idem
1039 3951 1149 4021 poterit
1167 3952 1344 4026 significare.

186 4018 284 4074 Multa
300 4019 456 4075 Dircaeum
475 4021 550 4074 leuen
567 4037 640 4075 aura
657 4036 786 4091 cygnum,
814 4021 938 4093 figurate
958 4031 987 4074 et
1005 4021 1152 4091 splendide
1170 4023 1204 4075 ab
1223 4023 1353 4077 Horatio
1422 4074 1426 4079 .

187 4088 373 4145 dictumest:
407 4092 542 4145 adiuncta
561 4091 639 4143 enim
657 4092 723 4145 satis
750 4099 892 4144 testantur
915 4093 950 4146 de
968 4096 1052 4147 Poeta
1069 4093 1190 4146 Pindaro
1208 4092 1282 4146 haec
1300 4094 1347 4147 in·

186 4160 251 4214 tell'
275 4161 295 4213 i.
333 4161 389 4216 Sed
404 4162 508 4215 vitiose
532 4170 562 4216 et
582 4163 683 4232 putide
703 4172 732 4216 et
749 4158 903 4230 κακοζήλοις
927 4163 1106 4236 loqueretur,
1143 4166 1194 4234 qui
1213 4164 1346 4234 Cygnum

185 4246 241 4300 pro
279 4240 342 4285 oeta
360 4232 488 4287 absolute
506 4233 624 4287 diceret.
661 4232 692 4288 Si
710 4233 818 4287 calama
835 4237 962 4303 pingere,
981 4235 1107 4289 uersibus
1121 4238 1243 4305 pingere
1260 4236 1344 4290 dixe-

187 4300 237 4367 ris,
255 4317 377 4387 agnosco
395 4311 525 4374 poetam:
553 4305 578 4359 si
595 4303 669 4357 nude
688 4305 795 4358 dixeris
811 4306 939 4374 pingere,
958 4307 1104 4358 neminem
1122 4307 1178 4358 nisi
1196 4307 1345 4376 pictorem

188 4369 331 4449 intelligo.
369 4372 464 4443 Atque
487 4375 544 4428 hoc
568 4393 622 4446 per
648 4377 744 4428 omnia
770 4377 833 4429 fere
855 4375 1043 4447 tralationum¹
1070 4394 1177 4451 genera
1199 4377 1344 4433 latissime

187 4448 275 4510 patet.
322 4444 501 4514 Repudietur
527 4462 597 4520 ergo
622 4445 697 4500 illud
723 4445 833 4512 Pinxit,
867 4464 903 4501 ne
929 4447 1061 4514 advenae,
1095 4449 1146 4518 qui
1178 4457 1345 4520 spectatum
