2856 5084
302 265 736 364 nununsrrorsus‘un
757 280 930 352 nmuuu
950 289 975 352 1.
1156 291 1218 358 ass

64 469 137 523 quse
155 454 179 506 si
196 469 266 524 opus
284 453 375 506 fuerit
392 455 524 523 proferre
542 469 700 523 possemus:
720 462 750 506 at
766 452 816 505 hic
835 461 936 508 contra
954 453 1110 510 adversarii
1129 473 1162 509 ar
1183 477 1217 510 u-

64 533 194 576 mentum
212 541 240 577 se
258 524 330 577 dicit
349 526 501 577 omittere:
521 542 588 576 nam
607 542 643 576 ex
661 524 844 579 similitudine
863 526 894 576 in
916 524 1057 591 eniorum,
1082 526 1140 598 'qna
1158 475 1216 580 ilii

63 602 195 663 parentes
213 611 277 648 suos
295 595 408 646 referre
427 595 529 658 solent,
554 595 703 648 Panaetius
720 595 842 663 probare
868 542 964 649 viduit
989 596 1100 650 animos
1126 599 1216 655 nasci.

63 665 144 750 Ergo
162 665 347 718 subtilissime
365 681 430 717 sane
449 665 665 735 fortissimeque
683 665 819 735 disputat,
846 666 956 734 quiid,
981 682 1039 737 quo
1067 667 1101 719 ab
1118 669 1219 720 adver-

63 737 146 788 sanis
163 744 297 811 urgetur,
316 751 374 788 non
391 737 529 800 refutare,
548 736 597 789 sed
616 735 752 788 omittere
770 752 799 788 se
818 735 997 805 profiteatur.
1037 736 1120 803 Quid,
1140 738 1218 807 quod

62 806 94 858 id
112 806 207 876 ipsum
224 807 329 858 falsum
347 814 447 871 estse
466 806 594 859 omittere
612 805 834 860 similitudinem
854 823 908 876 per
929 807 953 858 it
967 807 1047 860 enim
1065 825 1219 883 argumen-

63 884 126 928 tum
144 895 160 930 ε
178 876 368 929 similitudine
387 876 506 928 ductum
544 876 656 928 luribus
675 877 813 946 exemplis
831 877 894 929 rete
921 893 978 929 ere.
1014 878 1088 944 Quid
1107 879 1219 930 multa?

61 946 218 1021 legendum
243 965 301 1000 esse
325 947 483 1000 contendo:
517 895 617 1001 duilio
649 946 1000 1001 dissimilitudinem.-
1030 966 1098 1003 nam
1128 950 1220 1002 codex

62 1025 128 1069 tuus
146 1017 360 1072 similitudinem
377 1018 518 1094 singulari
537 1033 657 1070 numero
676 1017 801 1070 exhibet.
838 1017 957 1088 Duplici
974 1019 1087 1072 scilicet
1106 1019 1218 1072 ratione

62 1089 191 1141 Panaetii
209 1095 412 1163 argumentum
431 1088 578 1140 convellit.
614 1085 722 1153 Primo,
743 1088 793 1152 ait,
812 1089 905 1156 posito
923 1087 1012 1142 talem
1031 1106 1089 1142 esse
1107 1089 1218 1143 animo-

62 1174 130 1210 rum
148 1159 383 1224 similitudinem,
403 1175 436 1211 ea
452 1168 549 1212 tamen
568 1157 707 1223 efficitur,
726 1174 784 1210 non
803 1159 880 1226 quod
898 1159 953 1228 ipsi
972 1160 1062 1211 animi
1081 1178 1097 1212 a
1114 1177 1218 1229 parcn-

63 1228 140 1280 tibus
157 1238 320 1295 nascantur,
339 1230 387 1282 sed
405 1229 481 1298 quod
498 1229 589 1282 animi
606 1244 701 1282 mores
719 1230 782 1281 fere
801 1244 864 1281 suos
882 1237 911 1282 et
929 1229 1056 1282 indolem
1076 1231 1182 1283 ducant
1200 1248 1217 1283 a

63 1306 291 1369 temperamento
316 1315 480 1369 corporum,
505 1317 577 1368 quae
602 1299 664 1352 sine
691 1299 777 1350 dubio
801 1308 954 1368 parentum
976 1300 1145 1371 corporibus
1169 1316 1218 1354 co·

62 1378 150 1444 gnata
176 1377 206 1423 et
228 1370 335 1423 similia
361 1379 436 1421 sunt.
473 1371 568 1443 Negat
593 1370 714 1422 secando
741 1369 880 1422 eiusmodi
909 1370 1132 1424 similitudinem
1157 1388 1216 1424 esse

62 1449 250 1510 perpetuam:
288 1439 401 1506 Omitto,
432 1441 544 1510 inquit,
574 1438 853 1493 dissimilitudinem:
887 1440 1020 1494 Africani
1050 1442 1159 1512 quippe
1186 1451 1216 1495 et

63 1511 157 1565 Crassi
176 1521 205 1564 et
222 1510 382 1564 multorum
400 1511 546 1564 clarorum
562 1512 696 1564 virorum
713 1510 772 1562 'filii
791 1519 820 1563 et
839 1521 956 1580 nepotes
974 1513 1142 1581 parentibus
1159 1512 1217 1564 dis·

64 1581 209 1638 simillimi
229 1590 318 1635 erant.
348 1581 468 1634 'Addere
491 1582 633 1651 potuisset
659 1589 689 1635 et
706 1597 789 1633 suum
807 1584 948 1635 Marcum:
977 1581 1026 1634 sed
1049 1583 1074 1634 is
1098 1583 1151 1652 qui
1168 1583 1216 1636 vir

63 1653 179 1704 futurus
198 1661 271 1705 esset
289 1652 415 1705 nondum
435 1653 605 1705 ostenderat.
980 1669 983 1675 ’

134 1718 153 1757 ’l‘
170 1725 224 1776 Pro
243 1729 397 1777 nascautur
418 1723 440 1774 l.
469 1728 612 1788 nascatur,
636 1719 728 1776 animi
751 1721 917 1779 similitudo.
941 1750 973 1763 -
1005 1725 1098 1808 Leges
1117 1721 1216 1780 omitto

63 1792 109 1847 Di
114 1793 334 1847 ssimilitudi
340 1809 410 1847 aes.
448 1793 564 1861 Duplici
582 1801 637 1845 cet.
675 1793 715 1844 Et
732 1793 810 1845 infra
828 1794 904 1867 lege,
923 1793 1178 1850 dissimilitudines.

133 1860 152 1898 '¹‘
171 1863 239 1932 Gap.
258 1867 302 1918 33.
341 1864 549 1933 Medorumque
567 1863 691 1915 aliorum
708 1863 837 1916 uirorum
853 1866 1006 1932 clarorum]
1036 1866 1137 1922 Nostri
1154 1883 1217 1920 om-

64 1951 115 1988 nes
133 1933 310 1998 concinnius,
329 1935 469 1986 clarorum
488 1937 620 1987 virosum.

133 2002 152 2039 *
170 2003 238 2074 Gap.
258 2007 300 2060 st.
339 2005 383 2058 Μ.
406 2003 494 2070 Video
511 2011 538 2055 te
556 2004 613 2056 alte
630 2008 756 2069 spectare
775 2010 801 2055 et
817 2003 888 2057 velle
905 2005 936 2058 iu
953 2007 1058 2059 caelum
1074 2005 1214 2075 migrare.

55 2075 96 2136 A.
116 2075 206 2142 Spero
219 2075 294 2140 lore,
314 2082 343 2127 ut
360 2075 505 2140 contingat
521 2073 554 2125 id
571 2074 665 2126 uobis:
691 2073 740 2126 sed
764 2075 822 2140 sac,
848 2080 880 2126 ut
902 2073 954 2141 isti
976 2076 1081 2142 voluat,
1106 2077 1216 2131 animos

62 2163 114 2200 nou
131 2162 277 2199 remouere
293 2151 355 2214 post
374 2151 506 2210 mortem3
525 2142 608 2197 uideo
626 2159 688 2208 uos,
707 2144 735 2196 si
752 2145 796 2198 ita
813 2143 864 2210 sit,
881 2147 995 2212 privari
1012 2162 1062 2214 spe
1079 2148 1218 2202 beatioris

62 2217 161 2282 ultae]
180 2218 271 2270 Notae
290 2232 487 2286 personarum,
513 2232 585 2284 quae
604 2214 649 2279 (ut
667 2215 724 2266 iam
742 2215 852 2278 monui)
877 2216 975 2270 nullae
994 2227 1061 2269 sunt
1080 2219 1111 2269 in
1129 2219 1215 2273 codd.

28 2346 31 2350 ,
63 2288 193 2354 vetustis,
212 2288 288 2340 mals
305 2286 356 2338 hic
374 2288 407 2338 ab
426 2285 584 2339 editoribus
602 2284 769 2347 collocatae,
787 2286 960 2337 sententiam
979 2286 1135 2340 obfuscant.
1171 2289 1217 2340 Tu

61 2359 103 2411 sic
127 2375 172 2410 eas
194 2357 350 2410 constitue:
387 2358 432 2408 M.
454 2355 544 2409 Video
566 2361 593 2406 te
619 2353 676 2405 alle
694 2360 830 2422 spectare,
858 2362 884 2407 el
901 2356 972 2408 selle
989 2358 1020 2411 ia
1039 2360 1143 2410 caelum
1159 2358 1217 2412 mi-

61 2443 164 2497 grare:
182 2443 263 2496 spero
281 2428 353 2493 fore,
376 2431 407 2478 ut
423 2427 572 2491 contingat
588 2424 620 2477 id
643 2425 737 2478 stobiss
762 2425 812 2477 sed
827 2426 886 2490 fac,
913 2432 944 2479 ut
961 2427 1014 2480 isti
1030 2430 1134 2493 uoluat,
1154 2430 1217 2483 aui·

61 2514 123 2552 mos
140 2514 194 2552 uou
210 2512 354 2550 remanere
368 2502 434 2565 post
451 2502 576 2549 mortem.
614 2494 651 2553 Α.
674 2496 762 2550 Video
773 2511 840 2571 (uos,
858 2498 885 2550 si
901 2497 943 2550 itu
961 2496 1011 2565 sit,
1032 2498 1148 2566 privari
1165 2514 1216 2568 spe

62 2567 200 2623 beatioris
216 2568 301 2621 oilae.
681 2606 683 2609 ·
805 2584 808 2589 ’
1264 2585 1266 2590 ·

134 2634 242 2692 *lbid.
279 2637 463 2692 Democritici
480 2638 608 2706 negaui]
643 2637 696 2691 Sic
709 2647 740 2690 et
757 2639 851 2692 nostri
869 2638 996 2693 Codices.
1024 2640 1079 2695 Sed
1097 2657 1215 2712 repone,

63 2718 96 2762 ut
114 2708 184 2762 alibi
203 2711 315 2776 Cicero,
335 2709 504 2763 Democritei
521 2710 570 2761 vel
587 2708 765 2762 Democritii.
803 2711 913 2764 Graece
931 2713 1133 2781 Δημοκριτειοι.

134 2781 207 2833 lbid.
242 2780 289 2833 Aa
315 2781 443 2850 quoniam
465 2782 526 2849 ipse
548 2779 638 2834 animi
665 2779 807 2832 discessus
832 2797 850 2832 a
873 2795 989 2848 corpore
1014 2798 1070 2835 aon
1091 2782 1131 2847 fit
1155 2781 1216 2836 siue

64 2849 183 2904 dolore?
199 2857 231 2903 ut
248 2850 359 2903 credam
376 2851 421 2904 ila
438 2865 507 2914 esse,
526 2865 609 2918 quam
627 2856 668 2902 εει
686 2849 718 2902 id
735 2849 886 2918 exiguum!
909 2857 935 2902 et
960 2852 1066 2916 fultum
1090 2867 1150 2905 esse
1168 2857 1218 2905 ier-

64 2923 156 2975 bitror
162 2939 172 2986 ;
191 2928 216 2974 et
234 2921 270 2986 til
286 2923 448 2990 piceumque
466 2922 525 2973 siue
542 2935 634 2985 seusu,
653 2936 843 2988 nonuunquam
867 2918 952 2972 etiam
974 2937 1036 2974 cum
1060 2923 1216 2990 voluptate.-

65 2998 202 3062 totumque
220 2989 270 3046 loc
286 2991 350 3045 leve
370 2998 419 3057 est,
439 2991 631 3061 qualecumque
649 2995 703 3043 est:
722 2992 761 3055 fit
779 2990 852 3043 euim
866 2991 905 3042 ad
915 2997 1048 3058 puuctum
1062 2992 1217 3060 temporie]

65 3062 219 3117 Considera
245 3061 324 3116 sodes
348 3060 422 3115 illud
446 3062 646 3131 qualecumque.
684 3061 718 3112 ld
744 3061 822 3113 enim
846 3077 909 3112 eam
931 3061 1050 3114 vimin
1075 3062 1216 3116 hocloco

64 3133 159 3199 habet,
178 3133 261 3203 quasi
279 3133 398 3196 diceret,
421 3133 521 3184 Tolum
538 3130 589 3184 lsoc
606 3130 671 3182 leve
690 3137 741 3198 est,
770 3133 945 3200 quantumvis
962 3149 1051 3207 grave
1067 3136 1131 3188 sil.-
1157 3150 1216 3205 quo

64 3204 135 3272 quid
161 3204 290 3272 putidius
316 3212 346 3256 ct
364 3203 511 3256 absurdius
535 3202 594 3254 dici
616 3205 728 3270 potest?
764 3201 832 3254 Sine
857 3202 942 3254 dubio
969 3203 1084 3273 scripsit
1102 3205 1215 3270 Cicero,

67 3275 165 3326 Totum
188 3271 238 3327 lioc
262 3276 366 3328 breve
389 3279 441 3338 est,
466 3273 658 3341 qualecumque
676 3279 725 3326 εει.
763 3273 825 3325 Hoc
842 3280 897 3324 est:
926 3270 989 3324 Seu
1001 3289 1090 3340 graue
1107 3276 1155 3339 sit,
1181 3283 1217 3326 ut

65 3344 114 3396 illi
131 3345 317 3411 contendunt,
348 3361 398 3396 seu
423 3343 564 3411 exiguum,
588 3352 621 3394 ut
641 3359 693 3416 ego
719 3343 836 3412 quidem
856 3343 1002 3409 existim03
1036 3352 1116 3398 certe
1133 3345 1215 3398 breue

65 3419 124 3468 est.-
143 3419 213 3467 cur?
232 3417 305 3486 quia
316 3417 347 3480 fit
367 3415 405 3467 ad
422 3422 547 3483 puuctum
564 3415 704 3481 temporis.

135 3482 154 3521 *
173 3486 245 3539 lbid.
281 3486 431 3539 Discessus
454 3485 489 3537 ul
514 3485 642 3538 omuibus
665 3482 719 3549 lis,
748 3501 818 3554 quae
835 3489 899 3537 sum
916 3484 987 3538 ioue
1010 3484 1041 3537 ia
1065 3484 1133 3538 vita.
1170 3485 1213 3538 M.

68 3556 148 3621 Vide,
168 3572 203 3609 ne
220 3574 238 3610 a
254 3560 341 3611 malis
360 3558 418 3610 dici
435 3554 530 3608 verius
546 3555 646 3622 possit]
684 3555 709 3607 A
731 3563 832 3608 vetere
856 3555 923 3608 God.
934 3618 936 3620 Ι
947 3555 1115 3609 Britannico
1139 3555 1217 3627 abest

64 3628 96 3680 τὸ
114 3628 196 3679 bona.
232 3627 314 3679 Unde
334 3644 520 3679 emoverem
539 3627 607 3691 (nisi
625 3624 725 3691 fallor)
743 3626 915 3678 lectionem:
941 3626 1100 3680 Discessum
1124 3643 1142 3679 u
1160 3627 1218 3680 io·

64 3696 124 3754 uis
140 3694 194 3761 tis,
213 3712 283 3764 quae
300 3703 361 3749 suut
378 3697 411 3749 iu
427 3699 496 3753 uita.
531 3699 570 3749 Et
587 3696 677 3761 vides,
694 3713 782 3765 quam
800 3696 929 3766 apposite
947 3713 1024 3749 nunc
1037 3697 1217 3768 respondeat,

63 3768 92 3820 Α
110 3767 194 3818 malis
212 3766 327 3829 uerius„
355 3766 394 3818 At
419 3768 443 3818 si
469 3768 558 3820 altera
581 3767 670 3820 lectio
689 3775 754 3833 stet,
779 3767 822 3819 sic
840 3768 936 3837 potius
961 3768 1081 3820 dixisset
1099 3777 1216 3820 auctor:

68 3838 153 3902 Vide,
173 3853 216 3898 ue,
242 3851 311 3903 quae
335 3837 412 3890 mula
429 3844 502 3902 suat,
531 3836 593 3892 dici
609 3839 702 3891 uerius
718 3839 814 3905 possit.
843 3841 917 3890 'Mox
943 3837 1029 3889 habet
1048 3845 1161 3888 noster:
1188 3839 1217 3888 A

64 3909 150 3962 malis
172 3907 268 3976 igitur
290 3909 512 3972 morsalducit,
542 3926 593 3961 uou
620 3925 638 3961 a
662 3909 769 3964 bonis.
806 3909 846 3958 Et
872 3909 996 3959 iterum:
1027 3908 1111 3958 Mors
1130 3922 1181 3959 uos
1199 3921 1218 3959 a

65 3981 160 4044 usalis,
179 3995 232 4032 noa
250 3994 267 4030 a
285 3975 407 4038 bonis,
427 3979 627 4032 abstraxisset?
648 3979 790 4046 Denique,
814 3974 914 4029 Utrum
931 3976 1043 4028 taudem
1061 3992 1079 4028 a
1096 3976 1216 4044 bouis,

65 4067 102 4104 aa
120 4065 138 4102 a
156 4049 241 4102 mulis
260 4047 454 4101 discessisset?
481 4054 539 4101 tum
554 4051 679 4116 protecto
697 4048 844 4100 uideretur
862 4063 880 4099 a
897 4045 1004 4099 bouis·
1202 4086 1204 4089 -

135 4116 155 4155 *
173 4121 244 4174 lbid.
274 4121 309 4171 lu
325 4135 376 4187 quo
395 4125 499 4171 uosmet
517 4117 530 4168 i
534 4135 628 4185 psus,
648 4125 779 4186 quantum
795 4119 941 4183 potuimus,
961 4116 1096 4170 consolati
1113 4117 1218 4184 sumus]

66 4191 116 4244 Sic
135 4191 256 4259 quidem
271 4190 399 4255 Codices,
419 4189 471 4257 qui
489 4205 576 4240 manu
594 4196 717 4252 exstant,
742 4187 880 4239 universi.
918 4187 972 4240 Sed
999 4195 1099 4240 auctor
1122 4187 1216 4240 dedit:

67 4263 101 4313 lu
119 4276 171 4330 quo
189 4268 294 4314 uosmet
313 4259 400 4328 ipsi,
421 4265 552 4327 quantum
570 4267 624 4311 cet.
663 4258 711 4311 Sic
735 4258 888 4311 veterrimi
906 4257 1024 4314 Codices
1048 4259 1122 4327 apud
1150 4258 1219 4311 Gel.

65 4333 141 4384 lium
159 4340 188 4384 et
206 4332 290 4384 alios:
321 4332 369 4384 sed
391 4330 567 4383 recentiores
594 4328 856 4398 interpolaverunt,
884 4337 917 4380 ut
941 4327 1047 4398 passim
1074 4346 1103 4383 se
1127 4327 1220 4399 ipsum

67 4417 167 4473 prose
185 4401 258 4471 ipse3
277 4403 332 4458 sibi
349 4405 422 4471 ipsis
439 4417 493 4472 pro
512 4399 569 4454 sibi
587 4399 653 4470 ipsi.
