2856 5084
454 377 458 391 ἱ
516 286 647 361 mnan
666 286 711 367 v,
732 286 784 351 u.
856 345 858 348 .
1167 282 1228 347 ns

76 457 280 519 ministrare.
311 451 461 516 Aderant
471 462 651 540 unguenta,
673 469 834 514 coronae:
857 447 1121 514 incendebantur
1148 447 1227 512 odo·
1244 451 1290 506 62.

76 560 148 602 res:
169 554 300 601 mensae
321 537 612 619 conquisitissimis
634 536 742 618 epulis
765 534 1033 596 exstruebantur.
1068 533 1229 595 Fortuna·

77 631 132 684 tus
154 623 217 682 sibi
238 621 412 682 Damocles
444 617 633 682 videbatur.
678 617 717 677 In
743 615 808 679 boo
835 615 946 678 medio
979 624 1141 697 apparatu
1154 616 1230 689 *ful-

76 714 209 790 gentem
242 703 388 790 gladium
418 722 436 764 e
463 703 616 763 lacrmari
638 709 709 763 seta
730 701 851 781 equina
871 708 987 782 aptum
1008 698 1141 760 demitti
1161 700 1229 761 ius-

76 871 196 924 Palatin.
214 877 282 923 tert.
310 878 402 938 quart.
421 869 505 922 Febr.
541 867 598 918 Vul
620 883 636 920 o
661 867 700 920 ad
723 872 820 920 nutum
844 865 921 922 illius
942 865 1125 921 intuenieis.“
1148 864 1232 923 uest.

77 943 177 1015 „Lege
199 942 346 1004 intuentes,
375 949 410 991 ut
436 949 478 994 est
502 940 533 990 in
552 885 638 992 Codd.
660 938 800 990 omnibus.
837 937 919 1002 Sunt,
946 939 997 1007 qui
1022 936 1177 991 exhibeant
1195 938 1234 991 ud
1260 1005 1266 1012 .

77 1020 183 1076 nutum,
200 1020 234 1064 ut
252 1013 307 1064 duo
327 1010 425 1063 Leidd.
446 1011 495 1063 sed
512 1026 673 1078 perperam.
693 1009 754 1063 Cic.
774 1010 809 1062 ad
827 1010 879 1076 Qu.
898 1010 946 1062 Fr.
966 1012 990 1062 Ι.
1011 1014 1041 1064 t:
1065 1011 1117 1068 Tot
1133 1009 1235 1064 cisitu-

77 1091 119 1136 tes
142 1086 225 1138 unius
247 1080 371 1135 taurinis
397 1086 492 1134 nutum
517 1079 670 1134 intueretur.
686 1095 689 1101 ·
707 1081 790 1133 Unde
813 1089 941 1151 apparet,
965 1080 1040 1151 apud
1059 1081 1181 1148 eundem
1200 1081 1235 1134 ad

78 1155 188 1208 Fatum.
208 1154 274 1205 ΧΠ.
297 1157 321 1216 1,
341 1152 482 1221 quidquid
504 1160 630 1221 opponat
648 1150 827 1214 Cebbarim,
853 1151 1009 1226 legendum
1028 1169 1102 1204 esse:
1130 1152 1236 1218 Regios

78 1243 172 1280 omnes
200 1231 283 1279 nutus
306 1227 453 1277 intuemur.
492 1225 583 1275 ltliror
609 1221 782 1296 elegantiam
817 1223 903 1276 buius
930 1223 1086 1275 locutionis
1118 1223 1236 1276 latuisse

78 1299 159 1350 viros
178 1293 308 1348 doctos.“
327 1293 416 1346 Raab.
448 1294 572 1360 „Notum
590 1294 651 1346 eius
669 1292 813 1358 intuentis,
831 1294 881 1346 vel
900 1295 994 1364 potius
1013 1291 1160 1347 intuentes.
1187 1294 1236 1349 sic
1255 1315 1258 1320 ·

78 1367 174 1420 Daris.
187 1367 219 1424 2.
245 1366 358 1422 Buhers
372 1367 455 1435 Bipp.
499 1364 564 1417 Nisi
588 1371 669 1417 nutus
694 1371 736 1416 est
761 1381 815 1434 pro
845 1364 1003 1429 voluntate,
1032 1366 1108 1434 quod
1126 1367 1236 1419 melius

79 1446 161 1508 puto,
181 1437 248 1507 quio
266 1454 333 1490 mox
352 1445 409 1489 est:
430 1451 480 1488 nee
493 1436 609 1504 pulcros
628 1436 692 1489 illos
712 1435 921 1488 ministratores
942 1435 1145 1503 adspiciebal.“
1168 1437 1237 1490 Nis-

44 1546 49 1552 -
79 1525 135 1561 sen.
171 1508 258 1561 Dedit
276 1507 366 1561 Gebh.
386 1506 464 1559 nihil
483 1523 602 1558 monens
621 1507 680 1559 eius
698 1523 751 1575 pro
769 1507 863 1577 iliius.-
898 1524 1071 1576 quamquam
1093 1509 1237 1578 posterius

78 1579 165 1634 habet
183 1580 213 1631 in
232 1578 367 1632 lemmate
386 1577 587 1632 annotationis.
614 1579 797 1647 Recepcrunt
813 1577 877 1629 eius
895 1577 981 1630 Verb.
1001 1579 1072 1631 Ern.
1092 1579 1152 1631 Alt.
1171 1580 1235 1649 Bip.

78 1649 193 1706 lltlannh.
223 1651 303 1702 nullu
328 1649 414 1718 plane
440 1648 527 1702 Codd.
555 1657 583 1700 et
605 1648 677 1700 Edd.
704 1656 776 1700 vett.
802 1649 913 1701 ratione
931 1649 1037 1701 habita.
1074 1651 1146 1702 Tres
1165 1651 1236 1703 On.
1263 1661 1265 1665 ’

79 1722 221 1775 omittunt
240 1736 346 1790 eosque,
363 1720 525 1788 habentque
545 1736 612 1771 cum
635 1718 744 1770 duobus
768 1719 843 1784 aliis,
869 1719 942 1793 Aug.
962 1720 1045 1772 Vind.
1066 1726 1089 1776 l.
1111 1723 1136 1785 2.
1162 1724 1238 1775 Mon.

80 1796 106 1846 1.
126 1795 152 1846 2.
171 1791 263 1846 Rebd.
289 1790 362 1845 Gud.
381 1791 452 1842 Edd.
478 1799 550 1845 vett.
579 1798 645 1842 ante
665 1789 755 1843 Gebh.
781 1790 923 1859 (exceptis
947 1791 1023 1844 Vict.
1047 1791 1115 1845 Rob.
1137 1792 1237 1862 steph.
1343 1850 1345 1859 .

79 1863 185 1926 Laod.)
213 1864 257 1915 ud
278 1870 383 1915 nuttam.
425 1862 506 1914 Unus
526 1862 576 1913 Ox.
605 1861 722 1912 exhibet
744 1858 850 1927 bosque.
878 1861 949 1913 Edd.
977 1861 1005 1914 S.
1024 1864 1060 1914 E.
1087 1862 1239 1930 diligentes

34 1977 43 1999 s
80 1933 240 1989 intuentes,
254 1933 336 1986 Hier.
362 1931 459 1987 Wolf.
486 1932 520 1984 ad
547 1931 638 2005 marg.
665 1931 751 1984 habet
777 1931 903 1988 intentos.
940 1932 997 1985 Sex
1024 1935 1092 1986 Oxx.
1116 1934 1189 1986 Gud.
1210 1937 1237 1991 2.

80 2004 155 2056 Auo,
175 2005 314 2068 intuentis,
343 2021 408 2056 cum
430 2001 503 2056 Edd.
524 2004 595 2054 Ven.
623 2010 712 2054 nostr.
741 2004 822 2056 Junt.
852 2003 914 2057 Asc.
934 2006 959 2059 2.
985 2007 1013 2056 P.
1033 2004 1067 2059 A.
1092 2005 1122 2056 B.
1153 2004 1184 2059 O.
1204 2005 1238 2061 Vss

81 2051 269 2146 sotsac.
290 2077 387 2128 nere.
410 2073 501 2127 ceth.
521 2072 591 2125 nr...
613 2074 759 2155 suune.
778 2074 867 2127 uois.
887 2074 960 2129 ren.
997 2075 1058 2133 arr.
1132 2080 1135 2084 ’
1180 2087 1183 2095 ·

153 2147 310 2215 diligenter
328 2145 506 2210 ministrare]
525 2144 604 2209 „tls
626 2145 723 2197 Guelf.
742 2144 828 2197 habet
847 2145 1061 2209 administrare,
1081 2147 1156 2202 sicut
1173 2156 1241 2220 post

80 2235 134 2288 pro
159 2219 371 2272 ministratores
393 2216 464 2268 Edd.
488 2224 559 2267 vett.
591 2215 848 2269 administratores.
877 2216 940 2268 vid.
969 2217 1003 2269 ad
1028 2220 1111 2270 Verr.
1132 2221 1168 2270 V.
1189 2220 1240 2274 4.“

81 2290 148 2342 Era.
170 2290 236 2343 Cod.
257 2291 331 2342 Gud.
360 2288 446 2340 habet
472 2287 640 2339 ministrare
663 2287 827 2353 diligenter.
865 2287 938 2338 Usus
964 2288 1129 2354 esthicero
1152 2291 1241 2342 mini-

82 2361 192 2415 strandi
210 2361 298 2412 verbo
319 2361 349 2410 in
367 2359 413 2410 his
432 2357 501 2426 ipsis
521 2357 602 2409 libris
622 2358 643 2409 l.
657 2359 700 2421 26,
714 2360 762 2412 65:
782 2359 921 2411 quentate
937 2359 1040 2424 pocuta
1056 2360 1241 2415 ministrante

83 2462 117 2474 -
135 2437 167 2483 ut
186 2431 247 2484 Ioui
264 2431 357 2483 bibere
374 2427 563 2481 ministraret.-
590 2428 639 2479 ubi
664 2429 695 2478 in
713 2427 799 2485 Codd.
826 2428 974 2480 nonnullis
1003 2437 1031 2482 et
1049 2432 1121 2483 Edd.
1143 2431 1241 2486 eodem

82 2501 331 2570 1nodo,quohic,
357 2507 502 2569 peccatur.
540 2499 639 2573 Pergit
657 2499 724 2568 Cod.
745 2503 821 2552 Mon.
844 2504 866 2554 l.
904 2499 1031 2553 Aderant
1049 2505 1241 2571 praeterea

82 2579 236 2639 unguenta.
279 2573 400 2625 Confert
422 2569 525 2623 Ochsn.
553 2569 588 2622 ad
617 2578 750 2631 nostrum
776 2570 874 2623 locum
901 2571 1016 2644 Fragm.
1047 2574 1108 2630 Or..
1123 2592 1177 2644 pro
1199 2575 1240 2641 Q,

83 2643 179 2696 Gallio
202 2661 230 2713 p.
257 2647 335 2699 1053.
361 2644 431 2698 Ern.
463 2640 505 2714 [p.
526 2643 587 2697 454.
613 2640 720 2708 Orell]
751 2642 927 2696 Versabatur
955 2645 1029 2698 inter
1053 2642 1103 2697 bos
1125 2645 1241 2700 'Gallius

81 2715 280 2782 unguentis
304 2714 416 2777 oblitus,
446 2712 599 2765 redimitus
625 2715 776 2766 coronis.
820 2713 900 2777 Quod
920 2712 949 2765 h.
970 2715 990 2766 l.
1009 2716 1241 2770 dicitnr‘odores

75 2787 238 2848 incendere,
268 2804 353 2856 supra
378 2786 493 2838 111..19.
520 2792 561 2836 est
585 2785 733 2836 incendere
757 2782 930 2852 deductarum.
968 2788 1023 2850 Pro
1050 2803 1121 2840 voce
1140 2789 1242 2856 exqui-

81 2857 182 2909 sitione
201 2856 447 2926 conquisitissimis
464 2854 575 2926 legitur
593 2855 624 2905 in
644 2855 709 2906 Cod.
730 2854 826 2906 Duisb.
847 2863 877 2908 et
894 2872 951 2917 uno
970 2855 1020 2908 Ox.
1045 2873 1116 2910 cunr
1133 2860 1241 2926 exqui-

81 2927 240 2990 sitissimis,
260 2928 290 2978 in
309 2927 365 2978 alio
385 2927 434 2978 On
456 2941 529 2977 cum
548 2924 702 2993 exquisiti
708 2928 754 2978 mi
760 2941 788 2990 s,
807 2926 838 2976 in
856 2929 931 2978 ltlon.
953 2931 976 2981 1.
1004 2944 1079 2981 cum
1098 2928 1252 2995 quesitis·-

81 2998 173 3052 simis.
211 2998 319 3051 Rarum
338 2997 472 3051 Ciceroni
496 2996 677 3061 vocabulum,
706 3012 762 3065 quo
781 3013 847 3048 usus
875 3005 918 3048 est
937 2998 1024 3050 etiam
1043 3000 1090 3051 Or.
1110 2999 1145 3052 de
1163 3002 1240 3075 Lege

81 3069 152 3144 Agr.
173 3071 210 3124 11.
231 3072 274 3124 35.
304 3067 453 3136 conquisiti
471 3066 551 3133 atque
571 3066 651 3118 electi
669 3066 770 3134 cotani.
808 3067 942 3120 Similior
964 3078 1062 3122 nostro
1086 3072 1167 3123 locus
1186 3080 1240 3138 est,

83 3159 170 3210 quem
188 3139 285 3192 laudat
304 3139 407 3193 Ochsn.
429 3157 464 3191 ex
484 3141 624 3210 Panegyr.
645 3139 706 3189 Lat.
717 3140 749 3191 X.
763 3142 804 3193 ll.
825 3141 1029 3210 cum'conqui
1034 3141 1104 3194 siti
1111 3144 1240 3197 ssimae

84 3213 170 3280 dapes
194 3227 249 3265 nou
273 3218 367 3279 gustu,
393 3212 444 3262 sed
456 3208 685 3276 ,difficultatibus
709 3209 934 3264 aestimarentur.
970 3213 1014 3265 Ita
1028 3214 1180 3267 ‘videlicet
1205 3232 1240 3266 ex

83 3283 190 3341 duobus
210 3283 294 3338 Codd.
315 3283 347 3333 in
364 3282 417 3334 Ed.
439 3281 555 3353 Jaegeri
575 3287 722 3334 enotatum
742 3291 797 3349 est:
819 3283 880 3350 ipse
899 3283 928 3334 J.
948 3292 1043 3336 autem
1062 3284 1141 3337 dedit
1160 3301 1242 3354 quaeq

10 3413 11 3417 Ἰ
82 3353 244 3420 citissimae,
272 3355 400 3423 itemque
428 3354 584 3405 Gruterus:
622 3359 651 3404 ot
676 3353 716 3403 sic
742 3353 855 3426 legitur
882 3353 968 3423 etiam
992 3355 1024 3406 in
1042 3373 1112 3409 mco
1126 3356 1240 3424 Codice,

83 3426 135 3496 qui
153 3427 283 3478 continet
300 3425 493 3500 Panegyricos
511 3424 637 3474 minores
664 3439 779 3491 ornnes„
799 3440 866 3476 curu
884 3425 992 3478 maiore
1010 3436 1092 3497 parte
1110 3431 1240 3500 Panegy-

81 3496 139 3549 rici
156 3497 289 3549 Pliniani.
330 3499 383 3549 Pro
403 3492 626 3558 exstruebantur,
654 3495 730 3562 quod
748 3495 863 3570 gravius
883 3505 933 3560 est,
957 3497 1019 3571 legi
1043 3499 1084 3562 ait
1103 3498 1239 3558 Gotbcfr.
1279 3503 1281 3507 ’

60 3569 115 3634 ¹in
133 3564 223 3641 marg.
245 3564 368 3621 inlibro
386 3575 485 3620 vetere
509 3563 750 3633 construebantur,
778 3567 863 3636 idque
888 3564 1023 3620 sibi‘non
1046 3569 1163 3639 placere
1181 3571 1237 3625 ait:

82 3638 219 3706 idemque
238 3638 379 3692 iudicium
399 3637 489 3691 estin
507 3655 599 3710 marg.
620 3637 736 3688 Latnbb.
774 3638 821 3690 Ex
845 3637 938 3703 libris,
964 3656 1034 3709 quos
1051 3658 1102 3694 nos
1121 3641 1240 3712 quidem

82 3709 226 3776 norimus,
244 3726 319 3775 unus
338 3726 399 3760 earn
416 3710 573 3762 lectionem
590 3707 676 3761 habet
693 3709 744 3760 Ox.
757 3709 824 3762 Cod.
844 3711 931 3763 narb.
950 3709 1036 3764 habet
1054 3714 1240 3766 extrudeban-

83 3787 139 3833 tur.
178 3779 297 3831 Confert
323 3778 425 3841 Ochsn.
454 3779 546 3833 Cicer.
576 3779 610 3832 de
634 3777 699 3835 Son.
725 3784 792 3849 132,
813 3788 890 3834 caret
916 3781 1004 3850 epulis
1035 3785 1240 3852 exstructisque
1346 3811 1348 3815 ¹

84 3849 187 3903 mensis
212 3855 239 3902 et
262 3850 452 3918 frequentibus
472 3851 590 3918 poculis.
628 3850 720 3902 Verba
743 3853 952 3916 fortunatus-
972 3854 1239 3906 uidebaturdesunt

83 3922 115 3975 in
135 3922 201 3975 God.
222 3919 311 3974 Rehd.
331 3920 398 3972 Cod.
417 3920 491 3981 Gud.
509 3920 595 3974 habet
609 3923 831 3992 fortunatusque,
858 3924 932 3976 Gud.
952 3925 977 3976 2.
1006 3924 1097 3984 Demo
1121 3925 1179 3977 sibi
1198 3925 1239 3977 ui·

84 3993 207 4047 debatur.
245 3991 380 4045 Ceterum
400 3990 430 4042 in
449 3992 563 4044 nomine
582 3992 728 4045 Damoclis
746 4001 882 4062 peccatur
900 4001 1045 4063 utsupra.
1078 3995 1120 4047 De
1139 3995 1240 4052 verbo-

83 4081 151 4116 rum
170 4063 359 4117 collocatione
379 4064 409 4115 iu
427 4059 477 4114 troc
495 4061 587 4115 medio
606 4071 743 4130 apparatu
761 4063 820 4117 vid.
835 4081 906 4132 quae
925 4066 1020 4135 posuit
1039 4066 1070 4117 R.
1091 4064 1186 4117 Klotz.
1207 4066 1241 4118 in

85 4134 176 4189 Novis
194 4134 308 4187 Annall.
328 4133 445 4187 Philoll.
468 4133 518 4198 (N.
539 4132 557 4182 J
564 4134 684 4185 ahrbb.
704 4136 724 4188 f.
745 4132 876 4189 Philol.
897 4154 924 4186 u.
945 4135 1057 4200 Paed.)
1078 4138 1155 4192 1832.
1175 4138 1198 4190 Ι.
1214 4142 1238 4192 1.

85 4225 113 4278 p.
133 4208 177 4261 97.
197 4201 235 4272 sq.
256 4205 306 4258 ubi
325 4215 353 4258 et
371 4204 502 4280 regulam
519 4202 610 4266 'habes
636 4212 664 4256 et
684 4199 838 4276 exempla(
860 4207 919 4258 Mr.
1291 4226 1293 4230 ’

157 4278 308 4345 fulgentem
323 4277 455 4346 gladium
473 4293 488 4329 e
507 4274 638 4331 lacunari
648 4282 707 4328 seta
726 4276 824 4343 equina
843 4275 1003 4343 appensum]
1027 4277 1240 4342 „Consentiunt

86 4342 119 4399 in
135 4346 189 4400 bac
216 4349 342 4403 lectione
368 4348 482 4422 vulgati
506 4346 576 4408 libri
594 4362 701 4412 omncs,
726 4355 868 4417 quotquot
891 4347 968 4400 vidis
996 4358 1097 4402 contra
1115 4348 1263 4419 quorum‘
1296 4400 1300 4410 ,

86 4419 329 4490 conspirationem
347 4437 400 4496 ego
424 4430 520 4473 tamen
543 4418 609 4494 lego
629 4417 807 4489 retuvequina
826 4426 935 4490 epuns.-
961 4436 1020 4473 non
1038 4422 1139 4487 solutu,
1171 4421 1240 4490 quia

112 4522 192 4567 cicero
201 4523 266 4569 ruse.
279 4525 346 4581 Disp.
361 4525 396 4570 ea.
412 4524 497 4570 Moser.
515 4524 538 4567 T.
549 4524 578 4567 ΙΙ
580 4520 599 4564 1.
994 4529 1014 4592 9
