2856 5084
203 233 266 300 344
514 286 517 295 ,
554 232 766 338 mortuam
795 235 1002 299 BENTLEH

205 394 256 467 qui
272 412 334 450 cum
351 394 384 450 in
402 397 519 452 alteram
538 400 644 452 lancem
673 397 765 453 animi
789 401 858 454 bona
876 399 1009 468 imponat,
1036 400 1067 455 in
1087 401 1209 453 alteram
1233 398 1365 470 corporis
1409 440 1411 447 ,

204 474 232 520 et
251 474 382 533 exterum
412 476 519 523 tantum
541 470 712 538 propendere
736 473 819 525 illam
840 472 908 524 boni
927 471 1037 524 vlancem
1051 478 1138 540 putet,
1165 476 1317 524 ulterram
1338 477 1365 524 et

203 538 300 591 mario
319 539 497 608 deprimati]
535 542 609 606 Quid
636 541 710 594 illud
735 549 788 608 est,
815 543 889 611 quod
908 543 974 596 boni
991 545 1096 595 lancem
1120 542 1213 594 dicit?
1246 558 1314 593 eum
1332 542 1366 592 in

204 619 326 679 utraque
345 611 426 664 lance
446 612 558 663 fuerint
576 612 661 675 bona‚·
686 613 716 663 in
736 614 787 664 illa
806 614 878 666 bona
896 615 994 678 animi,
1023 614 1055 664 in
1073 613 1127 664 hac
1146 612 1218 664 bona
1236 612 1367 679 corporis

205 687 232 732 et
251 688 373 734 externa.
412 683 539 735 Hoccine
559 699 575 732 a
593 691 636 734 tot
660 683 816 735 editoribus
835 684 1006 736 doctissimis
1031 692 1088 736 tam
1106 684 1252 752 patienter
1270 683 1367 735 ferri?

204 753 282 824 Lege
301 768 380 817 vero,
402 753 522 806 Tantum
538 746 713 822 propendere
731 754 812 806 iilam
837 754 950 807 animi
975 755 1080 807 lancem
1097 760 1183 821 putet.
1220 753 1275 805 Vel
1300 753 1367 806 dele
1422 770 1426 778 ’

205 823 278 888 boni,
298 831 327 875 et
345 823 446 889 scribe,
469 824 588 876 Tantum
603 825 776 893 propendere
794 825 873 880 illam
894 829 998 877 lancem
1014 832 1107 893 patet,
1127 824 1221 889 Illam,
1240 823 1298 876 hoc
1312 832 1366 889 est,

206 910 292 962 quam
320 894 449 963 priorem
474 894 642 947 nominarit.
686 898 794 948 Noster
815 895 856 947 De
885 897 948 948 Fin.
978 899 1012 961 V,
1039 900 1082 950 30.
1125 895 1239 947 Audebo
1268 893 1368 960 igitur

159 967 167 974 ‘
206 969 299 1016 cetera
324 969 402 1035 quae'
418 966 566 1018 secundnm
589 973 719 1018 naturam
744 973 805 1019 sunt
829 967 910 1020 Bona
935 970 1094 1034 appeltam
1124 965 1247 1020 Virtutis
1270 969 1367 1017 autem

207 1035 418 1102 amplitudinem
439 1039 518 1103 quasi
536 1037 567 1089 in
585 1037 678 1090 altera
697 1037 787 1090 librae
805 1038 882 1089 lance
897 1054 1014 1106 ponere:
1039 1038 1164 1101 Terram,
1183 1034 1253 1089 milti
1271 1036 1366 1101 crede,

206 1122 238 1158 ea
257 1107 325 1158 lanx
351 1114 377 1160 et
401 1109 495 1160 maria
525 1107 669 1176 deprimet.
706 1110 781 1160 Nota
804 1117 898 1161 autem
917 1109 1077 1169 ‚locutionis
1096 1126 1185 1179 genus
1210 1106 1364 1164 ἰδιωτικὸν.

205 1177 280 1230 Nam
309 1177 340 1228 in
362 1178 477 1230 bilance
507 1195 578 1247 quae
609 1178 677 1231 lanx
701 1179 918 1249 praeponderat,
951 1195 1008 1230 non
1035 1178 1171 1247 deprimit
1192 1178 1366 1247 oppositam,

204 1265 308 1300 verum
327 1248 429 1301 elevat.
467 1247 522 1301 Sed
543 1249 671 1323 vulgaris
698 1251 836 1303 sermonis
864 1267 962 1303 errore
986 1249 1053 1316 labi,
1082 1250 1170 1302 etiam
1192 1248 1316 1318 sapienti
1336 1255 1368 1300 et

206 1319 314 1372 diserto
339 1336 505 1372 concessum
530 1327 581 1372 est.
610 1362 611 1366 ,
817 1346 818 1349 =
1012 1347 1013 1350 =

279 1423 345 1494 Cap.
367 1427 409 1482 19.
446 1425 617 1479 Similemne
641 1431 722 1492 putus
740 1425 772 1480 0.
792 1425 889 1480 Laelii
911 1443 996 1481 unum
1021 1427 1195 1482 consulerem
1212 1425 1314 1491 fuisse,
1341 1431 1369 1479 et

205 1511 268 1548 eum
286 1496 395 1563 quidem
413 1513 475 1549 cum
493 1496 604 1563 repulsa
623 1497 675 1561 (sic
693 1514 752 1549 cum
771 1497 883 1566 sapiens
907 1506 931 1551 et
954 1501 1039 1552 bonus
1062 1499 1108 1551 air
1131 1498 1220 1567 qualis
1238 1497 1288 1550 ille
1307 1495 1368 1559 fuit

206 1567 365 1633 suffragiis
380 1567 567 1634 praeteritur,
588 1584 643 1620 non
659 1569 778 1639 populus
797 1584 822 1631 a¹
834 1569 902 1622 bono
922 1573 1033 1623 consule
1051 1571 1153 1636 potius,
1180 1585 1261 1638 qnam
1279 1568 1330 1620 ille
1349 1584 1369 1621 α

206 1636 280 1690 bono
297 1639 399 1706 populo
417 1639 558 1706 repulsam
576 1639 644 1705 fert)
657 1700 659 1704 μ
671 1640 721 1691 sed
748 1647 841 1691 tamen
863 1648 957 1692 utr‘nrn'
975 1641 1076 1694 malles
1095 1639 1167 1705 etc]
1205 1640 1297 1701 Multa
1314 1638 1369 1692 hic

207 1709 367 1760 medicinae
386 1710 533 1784 indigent:
564 1711 693 1762 Primum
717 1709 852 1763 Similene
877 1712 972 1781 potius
1000 1712 1121 1786 legerim
1141 1729 1176 1762 ex
1194 1708 1368 1762 melioribus

206 1777 306 1834 libris:
338 1779 440 1832 deinde
468 1780 544 1830 illud
568 1779 625 1845 Sic,
656 1781 732 1847 quod
758 1781 869 1850 primus
885 1783 1011 1846 induxit
1036 1780 1213 1845 Gebhardus,
1236 1771 1306 1833 non'
1324 1789 1369 1833 est

143 1858 148 1866 “
207 1851 303 1906 nauci.
342 1852 414 1902 Cum
442 1851 519 1903 enim
543 1851 631 1902 verba
657 1850 728 1903 haec
751 1853 810 1903 sint
828 1853 1002 1926 corrigentis
1021 1847 1058 1918 se,
1088 1854 1120 1904 in
1140 1869 1182 1917 eo,
1201 1853 1277 1922 quod
1296 1853 1369 1904 Lae·

206 1920 439 1990 liumrepulsam
457 1920 556 1973 tulisse
574 1921 695 1986 dixerat,
716 1918 747 1974 rb
761 1921 810 1975 Sic
821 1923 934 1974 nullum
953 1922 1003 1974 hic
1021 1929 1118 1979 locum
1136 1923 1241 1975 habere
1260 1929 1369 1993 potest.

207 1990 320 2059 Priores
340 1991 570 2045 editiones'aliae'
587 1993 649 2045 sed
667 2009 728 2044 curn
746 1994 868 2061 sapiens,
887 1995 960 2046 aliae
980 1997 1052 2048 etsi
1070 2010 1126 2046 curn
1144 1993 1274 2062 sapiens:
1295 2010 1370 2063 quo-

207 2079 273 2114 rum
299 2066 443 2115 utrumvis
462 2062 644 2116 Gebhardino
673 2063 726 2116 illo
751 2063 870 2116 melius:
907 2065 1042 2130 simodo,
1069 2061 1288 2135 quodeditores
1307 2080 1370 2117 non

206 2134 312 2186 vidisse
336 2135 471 2198 demiror,
498 2132 573 2185 illud
595 2130 657 2186 Non
684 2134 832 2200 eiiciatur3
862 2137 938 2204 q'uod
964 2135 1039 2199 (illis
1063 2137 1175 2204 positis)
1204 2135 1370 2188 sententias

206 2202 293 2276 plane
312 2214 464 2279 repugnat.
503 2203 551 2255 Sic
571 2205 648 2255 enim
666 2204 818 2257 dicendum
838 2213 914 2260 erat:
940 2205 996 2258 Sed
1012 2206 1072 2272 (vel
1091 2207 1155 2272 etsi)
1175 2220 1236 2258 cnm
1253 2204 1371 2274 sapiens

207 2281 234 2328 et
253 2276 338 2328 bonus
356 2276 404 2342 uir,
416 2274 598 2343 praeteritur,
620 2275 737 2344 populus
753 2277 846 2344 potius
866 2292 883 2328 a
902 2278 1029 2340 Consule,
1053 2293 1134 2345 quam
1158 2278 1208 2329 ille
1227 2293 1245 2328 a
1265 2277 1371 2345 populo

206 2347 350 2414 repulsam
367 2347 431 2411 fert.
469 2346 525 2399 Sed
544 2345 600 2398 duo
617 2347 728 2414 optimi
744 2349 854 2401 codices
878 2349 953 2418 apud
973 2347 1156 2400 Gebhardum
1182 2347 1216 2402 Si
1234 2363 1297 2400 cum
1316 2366 1370 2400 ex·

207 2416 325 2480 bibent;
351 2435 422 2486 quae
446 2418 545 2479 lectio,
569 2417 673 2482 abillo
692 2418 811 2482 minime
830 2418 987 2483 intellecta,
1020 2418 1079 2470 sola
1106 2416 1174 2471 vera
1193 2427 1222 2471 et
1240 2421 1379 2492 genuina·

209 2496 260 2540 est.
299 2487 347 2540 Sic
376 2489 454 2539 enim
478 2487 575 2537 locum
601 2494 695 2539 totum
718 2490 876 2541 constituo:
908 2489 1078 2543 similene
1104 2496 1188 2555 putas
1213 2489 1244 2541 C.
1272 2488 1374 2544 Laelii

208 2573 292 2610 unum
311 2559 481 2612 consulatum
501 2558 599 2622 fuisse,
620 2565 646 2609 et
664 2575 724 2609 eum
743 2560 850 2624 quidem
867 2576 929 2614 cum
947 2562 1056 2627 repulsa
1081 2560 1142 2625 (si,
1167 2576 1228 2612 cum
1252 2563 1372 2628 sopiens

210 2634 236 2681 et
255 2630 340 2681 bonus
358 2630 403 2681 uir
421 2628 515 2698 qualis
533 2629 582 2680 ille
604 2629 661 2692 fuit
680 2630 834 2696 suffragiis
849 2630 1034 2696 praeteritur,
1053 2647 1108 2682 non
1124 2631 1242 2700 populus
1260 2647 1279 2682 a
1297 2632 1371 2685 bono

209 2700 320 2753 consule
335 2703 437 2767 potins,
457 2713 539 2768 quam
556 2700 610 2758 illa
628 2708 754 2751 a'oarto
770 2701 872 2768 populo
884 2701 1024 2769 repulsam
1041 2702 1109 2766 fert)
1129 2703 1178 2754 sed
1194 2708 1290 2754 utrum
1309 2711 1369 2754 etc.

208 2771 258 2823 ubi
276 2772 344 2823 ordo
364 2780 416 2835 cst,
442 2771 475 2825 Si
494 2786 548 2821 non
566 2769 660 2836 potius
676 2773 836 2842 populusa
859 2772 926 2824 bono
953 2774 1080 2836 consule;
1103 2773 1251 2841 aptissima
1275 2773 1372 2824 corri-

209 2842 297 2916 gendi
323 2842 474 2912 forrnulaa
502 2843 589 2893 Porro
618 2842 704 2892 etiam
732 2841 812 2894 Vano
842 2844 1030 2913 reposuimus,
1060 2861 1127 2895 cum
1156 2860 1191 2895 ex
1217 2843 1369 2912 prioribus

210 2914 304 2977 editis,
338 2922 400 2965 tum
428 2914 474 2965 ex'
490 2912 586 2965 codice
611 2919 660 2963 tuo
685 2913 851 2979 praestanti.
898 2913 953 2967 Sed
977 2915 1025 2985 cui
1048 2931 1104 2966 non
1132 2921 1181 2965 aut
1204 2912 1294 2966 bilem
1318 2922 1371 2967 aut

209 2985 302 3036 risum
326 2992 439 3036 moveat
466 2984 558 3035 inanis
585 2982 638 3033 illa
662 2982 807 3034 Gebhardi
835 2985 1007 3036 exsultatio?
1040 2986 1228 3050 correctores,
1259 2985 1369 3053 inquit,

210 3057 306 3120 quibus
324 3053 396 3108 nibil
420 3049 529 3118 canius,
547 3052 731 3122 ‚diffuderunt
755 3052 907 3121 uanitatem
931 3071 1017 3108 suam:
1052 3056 1151 3124 quippe
1179 3071 1213 3107 es
1239 3055 1370 3122 genuina

212 3125 328 3178 lectione
347 3144 360 3175 a
381 3126 466 3177 bono
485 3125 592 3194 populo
610 3125 735 3187 fecerunt
753 3142 780 3175 a
793 3141 887 3178 uano.
925 3127 1074 3195 Engepae!
1112 3126 1181 3179 Vide
1201 3127 1302 3195 quanti
1325 3135 1370 3180 est

211 3213 319 3264 sapere:
340 3195 364 3246 si
382 3197 406 3247 is
426 3196 509 3265 sapit,
531 3194 583 3262 qui
602 3196 1005 3264 quoscumquehibrariorum
1023 3198 1118 3265 lapsus
1138 3206 1167 3249 et
1179 3198 1291 3248 deliria
1308 3215 1371 3250 ser·

210 3266 314 3317 viliter
340 3267 421 3334 sequi
449 3265 585 3319 institnit.
632 3265 705 3329 Quid
732 3267 810 3317 enim
835 3267 888 3318 tibi
911 3268 966 3330 vis,
992 3284 1007 3319 o
1035 3270 1115 3334 bone,
1148 3268 1223 3319 cum¹
1240 3268 1294 3319 illa
1319 3277 1369 3321 tua

210 3336 337 3389 lectione
356 3352 373 3387 a
394 3337 463 3388 bono
479 3335 601 3403 populo?
628 3337 679 3404 qui
698 3354 794 3388 sensus
813 3337 891 3388 erit?
921 3355 993 3406 quae
1011 3339 1173 3391 sententia?
1189 3339 1275 3408 ‘quod
1293 3339 1370 3391 anti·

211 3407 333 3460 theton?
365 3411 468 3476 Nonne
487 3409 517 3460 id
536 3406 636 3458 saltem
660 3407 770 3470 vidisti,
794 3408 952 3476 sapientem
971 3408 1127 3461 achonum
1144 3409 1241 3460 virum
1260 3427 1275 3461 a
1293 3408 1369 3462 bono

211 3480 318 3549 populo
344 3479 490 3549 repulsam
516 3492 673 3549 numquam
697 3479 803 3546 ferrei
820 3479 872 3546 qui
890 3480 978 3532 talem
996 3479 1141 3554 suffragiis
1161 3480 1218 3532 suis
1236 3489 1370 3549 praeter·

212 3559 293 3614 eunt,
322 3567 379 3602 non
397 3548 463 3603 boni
481 3549 591 3616 utique,
617 3549 665 3599 sed
682 3547 759 3609 vani,
777 3549 888 3613 futiles,
908 3549 1258 3614 inconstantes,'ventosi,
1278 3551 1370 3603 mobi-

194 3621 284 3689 nlium
303 3621 461 3685 Quiritium
479 3620 572 3684 turba,
591 3620 640 3670 vel
658 3620 738 3688 peius
757 3619 881 3691 denique
900 3623 1035 3690 quiddam
1054 3631 1120 3673 sunt
1138 3622 1313 3691 appellandi.
1403 3629 1406 3632 ’

282 3726 347 3796 Cap.
368 3728 411 3782 20.
449 3723 613 3792 Dionysius,
639 3727 686 3793 qui
711 3740 770 3777 cum
797 3725 951 3779 abundaret
974 3718 999 3779 et
1024 3726 1182 3796 aequalium
1207 3726 1370 3794 familiari-

211 3795 316 3853 tatibus
342 3803 368 3850 et
392 3794 587 3848 consuetudine
610 3795 844 3863 propinquorum,
875 3795 989 3851 baberet
1011 3799 1094 3850 etiam
1126 3815 1204 3852 more
1228 3798 1368 3852 Graeciae

189 3918 191 3920 ,
212 3870 346 3940 quosdam
365 3868 668 3921 adolescentesomore
686 3869 852 3933 coniunctos,
881 3869 1012 3921 credebat
1031 3885 1126 3922 eorum
1144 3868 1289 3935 nminat
1311 3871 1368 3922 Mi·

211 3958 279 3993 rum
288 3957 357 3992 vero
370 3939 427 3991 hoc
437 3947 466 3992 et
477 3937 647 3990 incredibile
658 3947 709 4002 est,
729 3956 793 3989 eum
808 3940 918 3991 nemini
935 3956 1050 3991 suorum
1063 3941 1192 3991 narranti
1207 3940 1370 4009 quidquam

212 4013 299 4064 fidem
316 4012 459 4064 habuisse:
485 4009 541 4060 hoc
560 4009 638 4060 enim
658 4019 686 4061 et
710 4009 786 4060 nihil
806 4009 884 4060 aliud
903 4019 946 4062 est
964 4011 1086 4063 credere.
1124 4010 1179 4063 Sed
1201 4011 1298 4062 facilis
1325 4019 1370 4064 est

213 4082 375 4136 emendatio
401 4080 450 4133 vel
474 4081 536 4134 sine
564 4080 667 4147 scripti
691 4080 797 4132 codicis
821 4081 944 4133 auxilio:
969 4091 1035 4132 tuus
1058 4090 1153 4133 tamen
1181 4081 1234 4133 ille
1258 4081 1370 4135 diserte

212 4153 305 4218 habet,
326 4152 463 4206 Credebat
481 4167 514 4203 se
533 4167 628 4203 eorum
645 4150 750 4203 nemini
756 4172 764 4202 .·
793 4152 869 4220 quod
889 4160 939 4217 est,
968 4152 1174 4215 committebat,
1193 4152 1293 4220 phrasi
1312 4153 1370 4204 tri-

213 4225 330 4277 tissima.
367 4224 480 4275 Firmat
504 4221 578 4273 illud
603 4220 678 4289 quod
703 4237 769 4272 mox
793 4223 934 4291 sequitur,
958 4222 1014 4275 Sed
1036 4225 1165 4276 convenis
1189 4230 1215 4274 et
1233 4222 1371 4276 barbaris

172 4309 174 4313 ’
212 4293 341 4362 corporis
363 4293 520 4346 arstoatam
542 4293 735 4346 committebat.
762 4300 834 4347 ete.
856 4295 899 4349 20.
937 4293 1012 4348 Huic
1037 4292 1147 4362 quidem
1169 4299 1248 4351 ,certe
1276 4292 1370 4347 uitam

212 4370 291 4417 tuum
309 4362 467 4417 committis
898 4383 902 4392 ·
