2856 5084
599 256 730 320 nunu
751 256 848 346 uo.
1253 256 1298 325 so

142 436 237 508 quem
260 423 399 505 scripsit
417 421 543 487 devita
562 423 670 501 beatu
694 425 815 503 inquo
834 421 941 485 multa
958 407 1120 504 disputat,
1139 421 1299 506 quomob-

141 509 260 584 remis‚
277 510 554 590 quitorqueatur,
575 508 631 588 qui
638 506 823 582 crucietur,
839 504 956 567 beatus
966 524 1037 568 esse
1049 525 1116 567 non
1124 506 1247 588 possit:
1259 507 1298 569 iu

141 609 183 653 eo
190 591 293 653 etiam
303 598 444 672 putatur
457 588 581 668 dicere,
591 592 627 650 in
644 597 755 651 rotam
766 588 898 651 beatam
910 588 1017 652 vitam
1028 607 1095 649 non
1108 586 1297 653 cuondam

90 799 96 806 ·
138 777 204 830 loco
223 778 306 830 inest.
344 777 540 831 correxerunt
557 793 624 831 eum
640 775 735 828 Bentl.
761 782 792 828 et
811 775 880 827 Dav.
918 775 983 849 Ego
1004 775 1161 843 posteriori
1185 776 1295 833 accede

138 849 220 901 Unus
243 849 322 901 Leid.
350 847 436 902 habet
464 849 610 901 multum
639 845 798 914 disputat.“
828 842 918 899 Bonis.
960 845 1108 915 Improbat
1134 845 1296 916 Wopkens.

139 920 232 975 hectt.
252 920 331 973 Tull.
349 938 377 991 p.
396 922 457 979 215.
479 921 517 990 (ρ.
538 921 600 975 293.
620 917 726 982 Hand.)
761 918 823 974 Mr.

211 988 291 1057 Quod
316 990 405 1043 reuda
428 988 601 1058 disputarit]
638 989 683 1041 Vu
718 1003 744 1051 o,
772 988 801 1040 in
826 1004 876 1055 quo
901 990 990 1041 multa
1018 988 1152 1055 disputat.
1190 988 1300 1047 Verum

140 1063 283 1114 sententia
300 1059 426 1132 postulat
443 1059 528 1124 hanc,
549 1075 620 1128 quae
640 1057 683 1110 cl.
727 1058 833 1110 entleio
853 1058 981 1124 debetur,
1002 1059 1240 1117 emendationem.
1260 1058 1298 1121 D,

209 1133 334 1201 primum
358 1130 389 1183 in
417 1146 447 1184 ea
473 1129 557 1195 latro,
584 1146 662 1198 quem
690 1128 808 1196 scripsit
827 1127 877 1192 -]
914 1129 962 1195 ‚,i.
983 1146 1009 1185 e·
1030 1145 1084 1199 pro
1104 1138 1148 1185 ter
1174 1145 1237 1183 eum
1263 1129 1300 1183 u·-

139 1203 229 1256 brum.
267 1203 316 1257 Sic
339 1201 448 1253 dicitur
469 1200 576 1270 aliquis
601 1199 777 1270 reprehendi
808 1199 840 1251 in
862 1199 960 1271 aliqua
986 1217 1027 1256 re.
1096 1218 1129 1254 ec
1147 1217 1217 1269 opus
1235 1216 1300 1255 cor-

137 1274 272 1327 rectione
297 1271 424 1326 Bentleii
451 1271 525 1339 quod
548 1269 578 1323 iu
604 1285 634 1324 eo
661 1271 735 1325 libro
762 1303 792 1316 -·
817 1269 983 1338 disputarit,
1017 1272 1127 1325 omissis
1152 1273 1184 1326 s'u
1213 1270 1300 1342 quo·“

140 1343 254 1399 Nissen.
292 1345 359 1397 Non
376 1350 455 1395 recte
475 1342 623 1395 intellexit
640 1341 788 1395 Bentleius
806 1341 893 1395 verba
917 1341 1000 1397 ineo
1028 1343 1116 1399 libro:
1140 1361 1172 1396 re
1195 1341 1300 1403 rehen-

140 1432 187 1469 sus
206 1412 318 1468 iam'eo
343 1412 457 1467 nomine
484 1432 500 1464 a
517 1413 634 1478 Bremio
658 1414 693 1466 ad
718 1413 777 1467 cio.
802 1412 836 1467 de
861 1413 947 1471 sinu.
967 1413 990 1467 Ι.
1011 1415 1037 1472 2.
1057 1433 1084 1485 p.
1105 1417 1131 1470 8.
1158 1361 1193 1466 ad
1211 1414 1299 1468 verba

135 1484 261 1552 primum
286 1491 336 1551 est,
368 1484 404 1537 iu
429 1498 493 1552 quo
523 1483 658 1536 admirer.
693 1484 788 1537 Kiihm
819 1483 885 1537 vult
913 1484 1022 1558 partim
1056 1503 1122 1539 cum
1149 1485 1297 1543 Bentleio:

136 1557 258 1621 primum
276 1557 306 1609 ia
324 1572 356 1608 eo
375 1555 457 1621 libro,
478 1569 558 1624 quem
576 1554 725 1623 inscripsit
743 1555 776 1608 de
793 1555 852 1608 vita
870 1556 961 1616 beata,
988 1556 1077 1623 quod
1103 1557 1190 1613 multa
1216 1555 1298 1613 die·

134 1626 310 1692 putarit.“
330 1626 379 1678 Or.
416 1626 484 1680 Non
502 1626 567 1676 vult
586 1628 620 1681 K.
649 1625 805 1698 inscripsit,
835 1627 884 1679 sed
902 1626 1028 1695 scripsit.
1066 1628 1128 1681 Nec
1154 1644 1223 1681 vero
1248 1645 1299 1682 ne·

137 1696 258 1749 cessaria
277 1705 319 1749 est
337 1697 468 1749 mutatio.
481 1724 513 1733 -
531 1698 586 1749 Pro
606 1697 726 1766 scripsit
746 1705 789 1750 est
807 1696 912 1765 scripsi
930 1698 961 1749 in
980 1696 1047 1750 ch.
1062 1700 1137 1750 Mon.
1152 1702 1177 1753 1.
1198 1699 1298 1775 Pergit

136 1767 211 1842 Aug.
232 1769 265 1821 de
284 1770 366 1821 beata
384 1767 452 1821 cita.
471 1767 534 1819 Duo
554 1768 623 1820 Oxx.
645 1769 784 1820 omittunt
802 1767 892 1820 beata.
911 1768 1025 1833 „Liber
1043 1769 1105 1841 περὶ
1122 1765 1298 1836 εὐδαιμονίη
1387 1765 1393 1784 ’

137 1847 316 1894 memoratur
333 1840 458 1914 Diogeni
475 1840 509 1890 V.
529 1841 572 1892 lt.
599 1848 629 1890 et
653 1840 716 1908 aspi
734 1841 811 1898 θείας
835 1837 1013 1906 εὐδαιμονίας
1035 1841 1069 1898 V,
1094 1839 1162 1899 49.“
1180 1837 1296 1901 Seducit.

137 1909 262 1985 Legitur
285 1911 401 1962 mullum
423 1926 477 1980 pro
502 1909 593 1960 multa
619 1910 650 1961 in
675 1925 733 1961 uno
752 1910 820 1963 (lod.
842 1910 892 1965 Ox.
917 1917 946 1961 et
963 1911 1038 1962 Mon.
1057 1913 1085 1969 2·
1122 1912 1156 1967 In
1175 1912 1250 1972 oud.
1269 1914 1296 1966 2.

136 1989 204 2051 post
223 1997 304 2050 quam
322 1981 354 2033 ab
372 1997 431 2034 rem
450 1980 597 2035 omittitur
615 1979 653 2032 is.
672 1980 772 2055 Pergit
790 1980 887 2032 Duisb.
908 1980 954 2049 qui
972 1979 1151 2046 cruciatur,
1172 1981 1221 2051 qui
1238 1988 1299 2034 tor·

137 2057 268 2121 quetur3
287 2060 351 2103 tum
368 2070 443 2104 unus
463 2053 512 2105 Ox.
533 2052 627 2107 beatus
650 2067 711 2104 esse
736 2067 789 2105 nou
808 2057 943 2120 potesl3
966 2057 1031 2105 tum
1056 2051 1112 2109 duo
1136 2052 1187 2105 alii
1216 2050 1297 2111 idea
1336 2116 1342 2124 ρ

137 2125 231 2188 aliaue,
251 2123 328 2192 quod
347 2132 388 2176 est
408 2124 588 2175 correctoris.
626 2122 685 2175 Mr.

205 2199 318 2261 putatur
342 2193 446 2258 dicere,
473 2192 506 2246 iu
532 2199 623 2248 rotam
652 2189 696 2256 (id
723 2199 764 2247 est
788 2209 879 2260 genua
906 2193 1046 2262 quoddam
1063 2191 1198 2248 tormenti
1221 2195 1297 2264 apud

137 2262 269 2327 Graecos)
287 2266 394 2318 beatam
412 2265 498 2319 vitam
516 2281 570 2319 aaa
589 2263 760 2328 ascendere]
784 2265 866 2330 „Hic
884 2264 965 2319 lucus
984 2264 1017 2316 in
1035 2265 1183 2321 nonnullis
1202 2283 1299 2319 exem·
1386 2321 1388 2326 ,

136 2335 264 2404 plaribus
283 2337 409 2405 antiquis
433 2337 474 2388 ita
491 2335 610 2418 legitur,
647 2336 710 2410 Ego
732 2343 830 2386 tamen
858 2343 953 2388 totum
977 2334 1063 2401 illud,
1094 2335 1171 2406 quod
1194 2354 1298 2407 paren-

137 2404 214 2457 thesi
237 2407 382 2461 inclusum
408 2414 459 2472 est,
485 2406 585 2470 reieci,
612 2405 674 2458 sine
698 2406 781 2459 dubio
806 2407 931 2482 glossam
953 2406 1075 2459 alicuius
1098 2423 1156 2463 esse
1183 2415 1297 2479 putans,

138 2476 191 2544 qui
209 2485 274 2530 rota
293 2477 363 2545 quid
382 2486 453 2530 osset
473 2493 616 2547 exponere
633 2478 777 2530 voluerit:
798 2477 915 2549 quidam
932 2485 1038 2543 tamen,
1059 2495 1122 2532 eam
1139 2494 1224 2531 nona
1246 2496 1297 2535 no·

138 2555 261 2614 scentes,
285 2549 317 2600 in
336 2547 467 2601 ordinem
490 2548 645 2602 verborum
669 2548 817 2604 Ciceronis
844 2548 1052 2620 receperunt.“
1086 2547 1117 2600 P.
1138 2497 1295 2605 Muluiana.

136 2618 227 2693 „Ego
251 2619 304 2671 iila
326 2620 414 2672 verba
437 2618 481 2684 (ia
499 2627 540 2673 est
564 2647 597 2658 -·
621 2620 696 2687 apua
721 2619 853 2686 Graecas)
882 2621 989 2690 scripta
1013 2620 1044 2672 in
1063 2619 1194 2692 Gryphil
1220 2622 1297 2676 libro

136 2689 249 2756 inveni,
269 2691 507 2760 quemadmodum
526 2692 589 2744 fere
606 2698 719 2745 veteres
738 2708 837 2744 omncs
856 2693 954 2745 excusi
978 2691 1092 2745 habent.
1129 2691 1218 2745 Aldus
1235 2694 1299 2764 pri·

134 2777 210 2826 mus,
231 2769 260 2813 et
278 2762 411 2831 deinceps
429 2763 583 2828 Manutius,
611 2761 699 2813 illum
718 2771 840 2824 secutus,
867 2770 930 2813 tum
953 2762 1005 2814 alii
1027 2770 1186 2832 praeterea,
1208 2764 1297 2818 verba

136 2832 191 2884 illa
215 2832 444 2904 interpositionis
470 2841 537 2886 nota
561 2832 681 2895 inclusa,
713 2841 850 2901 tanquam
872 2832 950 2884 haud
974 2833 1058 2885 dubie
1086 2851 1101 2886 e
1126 2833 1296 2913 glossemate

136 2902 345 2976 immigrarint,
364 2903 576 2972 sustulerunt.“
594 2903 676 2955 Brut.
713 2940 731 2969 „
739 2904 816 2956 citat
833 2903 931 2956 locum
950 2918 1016 2955 cum
1034 2904 1130 2956 verbis
1152 2903 1186 2956 ia
1203 2912 1243 2959 est
1262 2937 1294 2949 -

135 2973 213 3043 apud
232 2973 360 3039 Graecos,
385 2976 508 3045 quaein
530 2971 614 3027 libris
640 2975 727 3027 etiam
744 2972 823 3027 MSS.
848 2974 889 3025 sic
911 2973 1064 3040 adduntur,
1095 2974 1245 3028 Turnebus
1264 2976 1296 3028 in

134 3046 303 3099 Adversarr.
323 3045 386 3098 Vll.
407 3051 448 3102 16.
469 3046 518 3099 ubi
536 3046 697 3099 cuiusmodi
720 3062 810 3120 genus
828 3046 968 3097 tormenti
993 3054 1056 3098 rota
1083 3045 1185 3112 fuerit,
1210 3062 1297 3121 expo-

134 3118 181 3168 nit
188 3115 206 3144 ‘⁶
224 3116 266 3185 [q.
285 3135 313 3171 v.
334 3133 362 3185 p.
383 3118 443 3172 226.
462 3118 603 3190 Figuram
620 3123 700 3171 rotae
717 3116 776 3167 vid.
802 3116 878 3184 apud
897 3117 1065 3173 Gallonium
1083 3117 1117 3170 de
1137 3117 1165 3171 S.
1186 3119 1297 3190 Marty-

135 3206 203 3241 rum
223 3187 403 3243 Cruciatibus
428 3189 494 3258 Cap.
513 3188 552 3241 11.
572 3188 640 3240 Tab.
662 3189 698 3255 l.]
724 3188 787 3240 Fra.
808 3187 917 3240 Fubre‘c.
956 3187 1059 3254 „MSS
1085 3187 1218 3241 Gantabr.
1243 3193 1295 3244 Pe·

133 3267 215 3311 trens
233 3259 286 3313 Ed.
308 3257 406 3328 steph.
427 3259 558 3331 aliaeque
576 3260 684 3311 inultae
702 3267 768 3328 post
784 3258 872 3311 verba
889 3258 921 3311 ia
939 3265 1033 3313 rotem
1050 3258 1172 3312 addunt:
1201 3259 1235 3314 ld
1253 3268 1295 3314 est

135 3358 169 3369 ·-
189 3331 262 3398 apud
279 3329 410 3384 Graecos.
449 3332 494 3383 Ne
511 3330 633 3382 minime
653 3330 770 3400 quidem
788 3329 896 3394 daibito,
923 3330 995 3399 quin
1012 3331 1067 3383 illa
1084 3330 1171 3383 verba
1194 3348 1229 3384 cx
1247 3333 1295 3384 in·

133 3402 345 3468 terpretatione
373 3403 432 3453 sint
455 3411 534 3468 nata3
565 3411 645 3454 recta
677 3409 774 3453 tannen
800 3401 1025 3476 glossographus
1053 3408 1149 3454 rotam
1173 3403 1294 3456 Graecis

135 3473 288 3536 adscribit3
307 3490 376 3526 nam
394 3482 458 3525 tum
475 3473 615 3542 temporis
628 3472 684 3525 hoc
702 3481 883 3525 tor-mentum
892 3488 951 3524 non
963 3473 1133 3526 adhibebant
1141 3474 1293 3528 Romanii

133 3544 233 3596 Daris.
254 3544 306 3595 ua.
328 3550 352 3601 1.
390 3543 741 3599 strennuissimus.
762 3543 929 3596 Adversarr.
950 3545 997 3596 1v.
1016 3548 1043 3601 Β.
1059 3561 1098 3614 vp.
1118 3546 1179 3600 los.
1205 3546 1295 3600 Greu-

133 3632 194 3670 zer.
221 3614 381 3737 adpfmfin'
409 3617 486 3668 Enn.
512 3617 535 3681 1,
562 3618 588 3669 4.
616 3617 659 3670 13.
688 3633 716 3686 p.
741 3618 785 3670 31.
814 3615 855 3685 1).-
876 3615 976 3668 Senec.
1005 3616 1093 3690 Trag.
1127 3617 1196 3670 Her.
1228 3618 1292 3671 Oct.

133 3689 212 3741 loll.
287 3703 311 3736 r.

204 3757 239 3808 Iu
256 3754 359 3820 rotam]
396 3758 486 3809 Voces
505 3776 577 3826 quae
595 3766 765 3827 sequnntur,
785 3759 817 3811 ἑά
833 3764 875 3812 eet
893 3774 981 3826 genus
1005 3759 1146 3829 quoddam
1163 3758 1295 3813 lormerus’

131 3829 210 3895 apud
230 3828 361 3890 Graecos,
381 3827 565 3881 Glossematis
582 3830 658 3894 loon,
677 3838 741 3899 post
759 3829 922 3896 Ermum,
946 3832 1105 3896 usnuoiuss
1127 3832 1293 3897 Lambinus,

131 3907 162 3951 et
182 3899 349 3952 Gebhardus
366 3897 537 3952 habuerunt.
574 3900 682 3953 Eadem
700 3900 775 3952 mihi
794 3909 850 3954 stat
867 3903 901 3954 in
919 3901 1014 3955 animo
1038 3901 1196 3966 sententia3
1221 3901 1294 3954 licet

132 3971 212 4023 enim
230 3977 293 4023 rota
310 3971 456 4022 Graecum
473 3972 566 4023 fucrit
592 3973 732 4024 tormenti
753 3989 853 4046 genus,
876 3972 1003 4041 adeoque
1027 3989 1086 4025 non
1110 3972 1292 4039 importunus

129 4043 211 4094 foret
236 4042 348 4105 Cicero,
372 4041 398 4092 si
421 4039 541 4110 qualem
566 4043 659 4096 vellet
685 4049 779 4095 rotam
801 4045 870 4096 suis.
886 4044 1052 4095 indicasset:
1080 4049 1208 4099 attamen
1225 4059 1292 4096 oum

130 4113 232 4183 plures
251 4114 309 4165 sint
327 4113 418 4177 Muti,
437 4113 489 4181 qui
507 4129 592 4164 voces
611 4115 678 4165 istas
696 4114 843 4180 nesciunt3
861 4113 937 4166 mihi
952 4114 1073 4167 dubium
1087 4128 1146 4165 non
1165 4113 1292 4182 ridetur,

130 4185 207 4252 quin
239 4184 414 4237 scholiastae
444 4183 558 4234 cuidam
591 4201 673 4236 suum
707 4184 828 4236 debeant
856 4193 964 4237 ortum.
1008 4183 1147 4254 Apuleius
1177 4187 1291 4239 Metam.

130 4254 403 4332 lib.111.pag.·19.
440 4254 501 4307 Nec
523 4269 611 4322 mora,
639 4270 701 4306 eum
722 4255 781 4307 ritu
798 4255 1015 4310 Graeciensi
1041 4256 1118 4324 iguis
1145 4263 1171 4310 et
1195 4265 1293 4325 reta,

130 4332 192 4378 tum
216 4343 294 4380 omae
319 4329 475 4402 flagrorum
501 4343 590 4396 graus
617 4325 785 4392 inferuntur.
823 4327 903 4380 idem
928 4325 979 4384 lib.
999 4330 1033 4382 X.
1051 4345 1116 4404 pag.
1133 4329 1196 4385 82&
1233 4330 1293 4384 uic

131 4404 213 4451 rota
240 4402 284 4453 vel
302 4402 420 4466 παίσειε,
444 4416 521 4455 usare
545 4398 778 4464 Graecarum,
804 4399 950 4454 tormentis
977 4400 1039 4456 eius
1066 4406 1207 4471 apparata
1234 4401 1293 4456 ium
