2856 5084
131 309 194 377 aaa
294 245 297 251 .
330 303 560 372 crcunoms
583 301 829 368 rusorum.
854 263 1085 403 olsrurnr.
1159 385 1160 389 Ν

133 494 195 558 que
225 474 405 536 conficiunt
434 471 618 534 bominem:
652 471 704 532 sin
735 474 823 531 forte
853 468 1098 553 longinquitate
1119 461 1283 549 producti

131 558 360 622 vehementius
382 565 492 616 tamen
513 560 683 636 torquent,
712 571 810 632 quam
830 560 870 612 ut
890 569 988 612 causa
1009 551 1053 610 sit
1074 569 1147 611 cur·
1168 551 1281 610 feran-

132 649 208 704 turt
242 637 320 721 quid
347 645 398 700 est
427 635 571 713 tandem,
603 634 652 697 dii
679 636 774 697 boni!
808 633 898 718 quod
925 631 1129 695 laboremusl
1162 638 1282 714 portus

132 725 220 784 enim
240 731 374 803 praesto
396 729 456 796 est,
477 719 634 802 quoniam
656 736 746 780 mors
768 712 916 795 [ibidem]
938 725 988 778 est
1002 723 1175 778 aeternum
1196 714 1281 774 nihil

132 802 299 869 sentiendi
334 803 589 884 receptaculum.
637 798 836 862 Theodorus
878 798 1097 880 Lysimacho,
1136 805 1281 860 mortem

1078 924 1219 932 ἡ.-
1223 927 1280 933 -—-

39 1011 41 1015 ’
129 1005 180 1062 per
197 1007 227 1045 ae
244 988 306 1060 ipsi.
343 989 378 1042 ln
400 1005 456 1042 unc
476 990 526 1042 Ox.
546 988 716 1041 exciderunt
734 985 820 1039 verba
835 1002 888 1055 per
905 1000 935 1039 ae
952 983 1020 1054 ipsi,
1037 984 1069 1037 in
1087 983 1145 1039 alin
1157 987 1281 1056 plerum-

166 1080 190 1118 e.
227 1063 288 1116 Mr.

131 1078 165 1132 W
187 1134 283 1187 dein
309 1130 341 1186 ei
372 1134 468 1198 rorte
493 1126 699 1200 longinquitate
723 1126 871 1198 producti]
912 1130 972 1194 „ln
998 1128 1061 1181 aliis
1088 1130 1220 1181 omnibus
1238 1139 1280 1184 est

131 1203 188 1258 ein
212 1205 303 1269 forte:
331 1203 363 1254 iu
387 1219 444 1274 quo
468 1203 593 1269 primum
610 1199 837 1256 ἀναντᾱπόδοτον
855 1207 910 1253 esu
937 1209 970 1252 ut
996 1200 1072 1270 apud
1088 1200 1277 1254 Terentium:

130 1275 259 1329 Primum
282 1275 341 1327 iam
367 1274 401 1327 de
426 1289 522 1326 amore
545 1271 595 1326 lsoc
613 1271 757 1339 comperit,
785 1279 815 1324 et
832 1272 863 1324 in
880 1271 1004 1324 Lucullo
1023 1270 1185 1324 Ciceronis:
1213 1271 1280 1325 Psi-

130 1361 204 1398 mum
222 1344 349 1407 interm,
367 1346 417 1397 aad
434 1343 466 1397 id
483 1341 655 1407 omittamus:
685 1342 741 1394 Ubi
766 1342 797 1392 in
825 1342 876 1395 vul
897 1343 950 1395 atis
972 1342 1097 1417 legitur:
1124 1341 1279 1396 Plurimum

129 1415 469 1487 interest.“1bc.1labr.
505 1412 619 1479 „Nihil
643 1413 820 1465 mutandum.
856 1359 942 1466 lignun
964 1426 1048 1464 usum
1073 1413 1192 1466 voculae
1215 1415 1278 1483 pri·

129 1494 204 1539 mum
221 1485 418 1555 comprobavit
436 1484 493 1536 iarn
511 1484 693 1536 Tursellinus
711 1485 746 1537 de
764 1485 867 1536 Partic.
888 1501 949 1554 cap.
969 1485 1030 1540 1³7.
1055 1491 1085 1535 et
1103 1483 1219 1537 Curtius
1244 1485 1278 1538 ad

129 1557 246 1610 Sallust.
272 1558 335 1630 lug.
360 1573 384 1609 c.
404 1554 469 1610 85ss
503 1555 649 1624 Woplene.
677 1554 697 1606 l.
718 1571 742 1606 c.
772 1572 799 1624 p.
819 1556 863 1613 5²·
891 1554 929 1624 (p.
949 1554 993 1610 ll.
1017 1554 1060 1607 ed.
1080 1555 1170 1608 Hand.
1196 1554 1277 1607 cuius

128 1627 187 1680 vid.
208 1627 244 1682 ib.
286 1631 356 1682 .73.
375 1633 471 1679 annot.
491 1644 520 1678 n.
538 1626 596 1693 84.)
623 1627 670 1681 nr.
695 1640 809 1694 quoque
836 1626 938 1692 „nibil
962 1641 1032 1694 opus
1050 1642 1114 1690 esse¹
1135 1627 1177 1678 ait
1195 1627 1277 1678 Lam-
1313 1666 1315 1673 ,

128 1697 189 1749 bini
207 1646 371 1750 conflictura
389 1714 456 1749 cum
473 1712 554 1767 saepe
572 1714 600 1748 v.
617 1695 741 1765 primum
757 1708 815 1748 non
827 1697 990 1767 excipiatur
998 1695 1031 1748 ab
1041 1695 1131 1750 altero
1145 1695 1278 1750 deinde.“

129 1769 279 1820 Nimirum
297 1769 328 1820 in
345 1767 402 1820 hoc
419 1768 481 1837 ipso
498 1769 545 1822 sin
563 1775 605 1819 est
623 1767 697 1819 illud
715 1766 816 1820 deinde
833 1766 885 1832 (ai)
910 1767 987 1836 quod
1004 1769 1176 1836 respondere
1195 1766 1277 1821 debe·

128 1839 176 1892 bat
199 1839 380 1892 antecedenti
402 1838 532 1906 primum.
568 1838 611 1890 De
634 1836 658 1889 si
701 1837 848 1890 ificatione
870 1854 902 1890 ea
926 1836 985 1889 vid.
1004 1838 1140 1890 Beierum
1164 1838 1198 1891 ad
1217 1837 1275 1896 cie.

129 1909 163 1962 de
180 1909 235 1962 Off.
255 1909 279 1974 1,
305 1910 410 1976 16,ss
433 1927 462 1979 ps
485 1907 543 1964 nt.
569 1908 635 1961 coll.
655 1854 741 1964 {nll-
766 1910 811 1973 44,
840 1909 889 1960 ubi
912 1907 1004 1973 docet,
1030 1908 1160 1977 qualibus
1184 1905 1276 1964 modis

128 1981 229 2034 (licere
247 1994 432 2050 compensare
450 1979 539 2032 soleat
556 1976 631 2032 illud
649 1977 755 2045 deinde,
781 1986 932 2049 postquam
949 1981 1139 2049 praecesserit
1154 1980 1277 2049 primum

129 2052 166 2121 (p.
188 2053 239 2107 lte
256 2050 320 2122 etp).
357 2053 411 2118 Pro
430 2050 477 2103 tin
495 2050 527 2103 ln
545 2049 613 2104 cod.
631 2050 721 2104 Rehd.
740 2057 768 2103 et
786 2050 893 2102 duobus
911 2051 980 2107 Oxx.
1001 2059 1043 2103 est
1060 2054 1136 2117 sinit
1154 2051 1207 2104 alti
1219 2059 1276 2104 tres

128 2130 193 2192 post
214 2123 282 2191 quid
300 2122 439 2174 omittunt
466 2124 505 2174 eal
522 2136 590 2174 cum
607 2124 682 2175 Mon.
703 2123 731 2175 2.
756 2120 824 2176 cod.
842 2120 927 2173 Vind.
949 2125 973 2175 l.
999 2118 1115 2174 exbibet
1139 2121 1185 2175 dii
1201 2122 1275 2189 boni,

120 2193 241 2247 'tandem
259 2194 326 2262 quid
342 2199 394 2258 est,
412 2191 478 2246 God.
490 2192 577 2244 llarb.
597 2193 732 2259 quidem
748 2192 858 2258 tundam
874 2207 929 2262 pru
947 2191 1015 2263 qnid
1026 2195 1194 2247 collaudem.
1215 2194 1274 2248 Mr.

199 2279 332 2336 Quoniam
349 2297 424 2335 mors
441 2279 543 2336 ibidem
561 2281 615 2348 eat]
652 2279 794 2351 Apertum
812 2279 968 2348 Glossema,
988 2282 1064 2353 quod
1081 2284 1276 2359 sagacissimus

128 2352 276 2404 Bentleius
292 2352 403 2422 primus
420 2352 503 2404 vidit.
540 2352 577 2406 D·
1138 2407 1142 2416 ,

200 2420 330 2492 moniam
356 2438 432 2476 mora
455 2414 557 2476 ibidem
580 2422 648 2489 eat]
684 2418 850 2488 „Satis⁴est
871 2423 936 2478 veri
962 2423 1069 2492 simile,
1095 2423 1167 2479 haec
1189 2427 1275 2480 verba

129 2492 292 2568 glossatoris
311 2509 381 2560 esse,
406 2509 560 2564 perperam
579 2493 610 2545 in
628 2493 764 2547 orationis
782 2495 887 2549 seriem
905 2503 1061 2565 receptam.
1097 2496 1161 2571 Ego
1179 2505 1276 2550 tamen

128 2580 229 2617 vocem
247 2579 321 2616 mora
339 2564 513 2618 servaverim
531 2564 770 2635 scripserimque:
787 2570 888 2632 portui
906 2567 979 2620 enim
987 2572 1102 2634 praesto
1113 2573 1155 2619 est
1173 2584 1275 2636 mors,

129 2641 271 2686 ueternum
289 2633 366 2687 cet.“
384 2632 472 2687 Boni.
509 2634 660 2700 „Uncinis
678 2635 783 2687 inclusi
801 2635 851 2688 has
870 2645 994 2706 quatuor
1009 2652 1101 2701 voces,
1120 2639 1278 2692 suntenim
1313 2678 1315 2682 Α

127 2706 279 2757 manifeste
302 2713 369 2756 nota
391 2706 567 2778 glossatoris,
596 2714 630 2756 ut
653 2705 714 2757 viri
737 2705 817 2760 docti
842 2707 1015 2762 iudicavere.
1055 2706 1179 2759 Verbum
1204 2725 1278 2762 mora

129 2773 188 2839 (vel
209 2772 324 2842 mortis)
350 2782 446 2828 tamen
468 2793 535 2829 cum
554 2768 680 2828 Euberio
703 2776 794 2828 velim
816 2774 957 2831 servari.“
974 2775 1045 2830 Ero.
1081 2770 1183 2844 „Mihi
1211 2779 1277 2848 qui-

129 2846 195 2900 dem
220 2846 347 2915 quonium
370 2862 447 2899 mors
471 2845 573 2900 ibidem
601 2850 642 2897 est
665 2861 723 2899 non
749 2864 766 2898 a
788 2847 944 2927 glossatore
968 2847 1106 2901 videntur
1133 2850 1273 2918 profecta.

130 2917 293 2988 Numquid
310 2915 363 2969 illa
381 2917 473 2993 glossa
490 2915 544 2970 sibi
560 2916 672 2969 vellet?
707 2915 763 2970 Sed
801 2935 834 2974 ro
859 2918 963 2987 ibidem
984 2913 1109 2992 legerim
1132 2918 1275 2989 quidem.“

129 2990 238 3042 Mareu.
274 2987 372 3040 Eiecit
397 2989 464 3042 istas
492 2986 616 3057 quatuor
644 3004 727 3041 voces
750 2986 786 3042 Sc
809 2990 919 3054 iitzius,
952 2989 1067 3042 uncinis
1094 2990 1276 3045 incluserunt

129 3054 275 3115 anolr.
295 3067 325 3108 et
342 3057 431 3111 Nobb.
458 3058 583 3111 Orellius
601 3058 642 3111 ita
658 3060 777 3113 assentit
793 3058 938 3124 Musonio,
956 3065 990 3110 ut
1006 3069 1103 3112 tamen
1120 3061 1198 3113 nibil
1213 3080 1276 3116 mu-

129 3136 182 3194 tet,
208 3125 258 3181 sed
275 3126 358 3179 modo
375 3142 476 3180 vocem
494 3126 605 3194 ibidem,
631 3137 666 3182 ut
684 3131 812 3200 ineptam
835 3131 968 3206 glossam,
994 3124 1109 3184 uncinis
1132 3130 1275 3189 includat:

130 3216 203 3271 quae
222 3197 328 3251 iamin
345 3197 397 3249 Ed.
417 3199 488 3251 Tbn·
507 3200 592 3270 plana
611 3209 654 3254 est
672 3202 770 3254 eiecta.
789 3201 854 3274 Ego
873 3218 939 3253 cum
956 3194 1009 3252 illo
1028 3193 1191 3253 iaciendum
1210 3221 1276 3257 cen.

129 3271 184 3336 sui,
203 3270 243 3323 ita
260 3274 369 3333 tamen,
386 3275 420 3322 ut
437 3288 464 3322 v.
483 3270 616 3340 quoniam
633 3287 710 3325 asora
727 3277 771 3324 eat
788 3286 845 3322 nou
863 3262 1027 3350 intelligam
1044 3266 1173 3336 moniam
1199 3291 1276 3330 mora

128 3348 240 3411 precato
259 3344 310 3407 eet,
329 3339 525 3410 sedquoniam
542 3340 618 3397 niori
631 3340 722 3411 polest
736 3339 826 3405 mmo,
854 3338 933 3408 mque
948 3338 1051 3405 igitur,
1073 3345 1209 3410 utensque
1232 3362 1276 3400 m

129 3413 218 3480 cadit,
236 3413 267 3467 in
283 3418 373 3464 nrorte
390 3420 496 3467 eertum
513 3421 552 3468 est
569 3413 843 3479 omniumflmalorum
861 3408 1011 3477 refugium.
1048 3407 1104 3463 Sed
1121 3412 1151 3464 id
1170 3414 1274 3484 ipsum,

130 3503 148 3539 o
169 3485 243 3548 inor,
268 3481 363 3534 voluit
381 3483 430 3538 Or.
462 3484 498 3538 In
519 3492 614 3539 annot.
638 3482 673 3535 ad
689 3476 796 3537 Wolfii
821 3478 931 3533 scholas
952 3478 1128 3533 commodius
1153 3485 1272 3542 fortuma

130 3564 171 3608 ast
188 3554 316 3609 deletum
338 3552 377 3606 iri
404 3554 620 3608 distinctionem
637 3552 701 3622 post
721 3557 772 3614 est,
796 3559 830 3603 ut
848 3551 1014 3624 iungamust
1043 3556 1171 3621 quonium
1195 3574 1273 3611 mors

131 3631 173 3678 eat
190 3628 334 3677 aeternam
358 3624 431 3680 nibil
455 3622 596 3680 seniendi
612 3621 820 3688 receptaculum.
852 3621 958 3674 Recte:
988 3629 1018 3676 et
1044 3623 1084 3676 sio
1110 3642 1163 3700 ego
1186 3628 1273 3682 eatam

129 3695 227 3749 locum
245 3695 462 3765 exprimendum
481 3694 595 3769 curavi.
624 3689 740 3745 Codices
756 3691 834 3743 nihil
851 3691 972 3748 variant.
1010 3695 1072 3748 Mr.

200 3782 281 3839 Nilil
298 3785 435 3848 sentienti
451 3779 663 3851 receptaculum]
697 3779 774 3863 Lego
792 3779 940 3846 sentiendi,
967 3785 1054 3852 prout
1077 3783 1184 3839 diserte
1201 3788 1271 3863 Reg.

129 3855 278 3917 Pitboean.
296 3856 370 3911 Med.
389 3873 422 3910 ac
438 3855 507 3907 Bals.
527 3859 557 3907 et
573 3851 648 3902 hane
664 3851 820 3904 lectionem
836 3861 962 3921 praestat
979 3852 1156 3928 Augustinus
1178 3857 1271 3928 Epist.

130 3929 193 3984 Lll.
228 3924 263 3982 ln
279 3933 373 3996 ports,
396 3923 507 3994 inquit,
530 3935 584 3973 uon
606 3920 789 3977 sentiendi
805 3925 850 3977 vel
873 3924 966 3977 nullae
989 3928 1100 3980 omnino
1118 3926 1160 3979 eit
1178 3958 1212 3970 -
1230 3931 1274 3983 ael

130 3999 234 4053 &atus-
268 3997 369 4052 Portri
392 4009 463 4047 vero
479 3990 644 4061 tranquillo
667 3992 836 4063 placidoque
860 4012 938 4049 ruors
955 3997 1059 4066 passim
1083 4007 1271 4068 comparatur.

129 4069 200 4124 Vide
224 4069 360 4124 Seuemm
380 4061 494 4119 Consul·
521 4063 556 4116 ad
579 4062 677 4134 Polyb.
702 4081 763 4134 cap.
788 4067 832 4120 aa.
863 4067 956 4137 Epist.
976 4068 1058 4124 bXX.
1085 4075 1114 4122 et
1139 4068 1171 4121 in
1197 4069 1273 4146 Agn-

44 4203 47 4207 ,
130 4156 237 4195 matun.
256 4158 299 4194 vs.—
317 4136 377 4193 502·
395 4149 430 4185 ao
446 4131 539 4184 Amin.
560 4134 760 4188 Marcellinum
777 4136 876 4203 XXXl,
895 4140 922 4194 ἱ
959 4138 996 4192 D.

200 4216 343 4269 ammam
358 4199 432 4258 sitit
455 4205 637 4263 senti-enti
655 4208 866 4276 receptaculum]
899 4209 1032 4275 „Verum
1054 4217 1110 4275 est,
1131 4210 1271 4268 seam

128 4282 218 4337 scribi
231 4275 308 4360 apsel
323 4273 528 4358 {lucustinunu
565 4275 621 4331 Sed
646 4278 750 4334 incidit
773 4280 892 4333 fortasse
917 4279 1038 4334 viriste
1065 4280 1096 4332 in
1123 4285 1273 4354 exemplar

130 4353 277 4407 cineram
294 4362 390 4399 minus
407 4354 539 4401 accurate
556 4348 707 4420 scripturn,
730 4349 778 4403 vel
802 4351 865 4421 ipse
881 4350 1003 4405 oratoris
1020 4352 1139 4406 Romani
1166 4372 1273 4409 senm-

129 4439 198 4479 ιη
213 4418 246 4473 ia
263 4415 368 4472 Afrum
384 4417 523 4488 loquendi
540 4432 639 4494 genua
657 4430 691 4475 ut
708 4420 825 4486 solebat,
843 4422 1017 4476 immutavit.
1035 4422 1120 4479 Niltt
1135 4424 1273 4484 moliendi
