2856 5084
510 275 832 362 ···n1uuuv,‘1e.
888 279 891 282 ’
983 273 1032 282 ”
1081 288 1085 303 ’
1245 287 1289 354 ot

133 439 174 509 ea
195 447 223 507 si
245 440 330 508 bona
352 444 522 526 ducemus,
536 446 624 528 ‘quid
642 444 713 512 erit
733 451 769 508 in
781 447 975 530 philosophi
992 449 1172 535 gravitate,
1191 442 1288 534 quam

132 531 170 589 in
194 531 292 614 uulgi
329 531 488 611 opinione
523 531 770 608 stultorumque
802 531 912 606 turbe,
945 530 1033 611 quod
1064 532 1199 594 dicatur
1229 543 1288 595 aut
1360 598 1364 602 ,

131 613 270 696 gravius
293 619 352 675 aut
372 610 551 696 grandius?
594 612 638 672 At
664 616 753 674 enim
776 610 891 673 cedem
912 611 1017 674 Stoici
1036 618 1213 695 praecipua
1231 617 1288 680 uel
1305 622 1351 681 47.

203 811 239 849 ee
256 795 285 849 si
309 796 378 849 bona
402 795 579 862 ducemne]
616 798 659 850 Ita
679 797 765 853 codd.
786 797 899 866 optimi,
922 799 992 873 Reg.
1014 798 1087 853 Gud.
1111 804 1134 854 l.
1156 801 1181 852 2.
1200 803 1286 857 Beru.

131 866 248 937 Gryph.
269 871 387 922 Mon-1.
408 868 495 920 lllarb.
516 869 574 921 tos.
594 886 684 943 marg.
704 868 767 923 Asc.
788 871 823 939 2.
839 877 898 922 tres
917 871 985 922 Oxx.
1012 870 1083 922 Edd.
1103 873 1132 923 P.
1152 870 1180 928 S.
1200 873 1234 925 Ε.
1255 875 1288 928 Iu.

132 938 221 992 Goth.
247 939 328 991 Brut.
354 939 433 1008 sylo.
464 939 554 994 Gobh.
582 940 667 994 Verb,
695 940 769 991 Lall.
800 940 873 992 Oliv.
901 941 973 992 Ern.
1002 939 1071 992 Dav.
1096 942 1187 995 Nobb.
1213 944 1287 1001 Thu.

130 1009 219 1063 Dedit
236 1011 284 1063 Or.
314 1027 380 1062 cum
407 1009 528 1078 reliquis
548 1009 680 1072 dicemus,
702 1010 820 1066 *laudato
845 1009 866 1074 ᾗ.
887 1013 932 1066 44.
969 1010 1025 1064 Sed
1044 1027 1076 1064 eo
1095 1014 1212 1083 quidem
1230 1031 1289 1068 non

130 1079 271 1155 probatur
289 1081 440 1135 necessitas
457 1080 506 1132 vol
523 1075 628 1133 verita}
647 1082 707 1133 eius
726 1081 902 1151 scriptionis,
921 1083 998 1150 quod
1017 1082 1057 1134 ibi
1075 1082 1213 1157 legimus:
1235 1102 1289 1140 non

131 1157 197 1204 aunt
222 1167 255 1203 ea
279 1152 351 1204 bonu
380 1152 504 1204 dicenda.
532 1153 625 1216 (Unus
651 1151 700 1204 Ox.
720 1151 805 1203 habet
830 1151 972 1222 dicimus.)
1005 1153 1161 1206 Nobiscum
1179 1157 1288 1223 sentire

130 1223 262 1278 uidemus
280 1223 459 1274 Kiihnerum.
481 1254 514 1264 -
550 1226 603 1274 Pro
629 1238 710 1290 quam
732 1240 806 1274 unus
826 1222 875 1276 Ox.
896 1222 982 1274 habet
1000 1224 1079 1292 quod,
1105 1223 1194 1277 Rehd.
1219 1220 1287 1278 σανα.

131 1291 221 1347 neno.
243 1294 353 1344 omittit
372 1293 428 1345 erit
445 1301 508 1362 post
526 1294 599 1362 quid.
620 1292 694 1344 Gud.
714 1309 767 1361 pro
787 1293 899 1345 dicetur
915 1293 1002 1345 habet
1020 1294 1147 1359 ducatur,
1166 1296 1286 1364 vinti.

134 1364 267 1417 dicemus.
304 1364 357 1416 Ed.
378 1365 407 1414 P.
431 1364 540 1416 omittit
564 1364 602 1418 in.
641 1364 701 1416 Μν.
1161 1376 1164 1380 “
1224 1379 1237 1385 ’·
1281 1357 1287 1377 ‘

143 1433 145 1437 ’
205 1435 244 1486 At
263 1436 335 1487 euim
360 1435 453 1488 eodem
475 1433 580 1500 Stoici]
619 1437 749 1500 „Veneta
774 1433 901 1486 lectione
928 1434 1097 1486 restituitur
1121 1435 1172 1488 hic
1197 1437 1288 1502 Ιοαιιε,Ι

135 1505 223 1556 etiam
240 1507 428 1575 praescriptis
447 1506 611 1557 nominibus
637 1507 697 1558 An.
719 1513 748 1558 et
766 1505 809 1558 M.
828 1504 886 1557 Ita:
914 1505 975 1557 Ate.
1013 1507 1053 1557 Ae
1073 1507 1146 1559 enim
1166 1538 1195 1550 -
1219 1524 1289 1577 quae

134 1576 209 1629 bonu.
228 1575 287 1632 isti.
325 1578 369 1629 M.
397 1576 504 1629 Dicunt
523 1603 555 1613 -
575 1574 709 1643 negant.“
737 1575 814 1643 Cam.
859 1576 947 1642 [Erat
970 1575 1062 1628 enim:
1098 1578 1139 1629 At
1162 1577 1236 1632 enim
1255 1606 1289 1616 -

130 1647 271 1714 producta
290 1648 394 1711 dicunt,
414 1648 570 1716 quaetione
589 1647 640 1698 isti
659 1647 760 1698 dicunt.
798 1645 849 1698 illi
867 1647 975 1713 quidem
993 1645 1055 1698 tine
1073 1645 1118 1701 llis
1130 1649 1199 1715 cet]
1226 1649 1289 1713 „At

134 1720 208 1771 enim
227 1750 257 1762 -
277 1719 414 1784 producta
441 1718 545 1782 dicunt,
573 1733 643 1786 quae
663 1719 733 1771 bona
760 1716 826 1768 isti:
859 1716 906 1769 tto·
930 1718 1038 1784 quidem
1065 1718 1124 1770 sine
1142 1717 1182 1770 iis
1199 1719 1290 1773 uttam

134 1788 245 1841 beatam
270 1789 411 1857 compleri,
440 1787 471 1840 tt
496 1795 588 1841 nutem
611 1787 672 1840 sine
699 1787 739 1840 iis
762 1804 822 1840 esse
840 1790 944 1840 nullum
963 1791 1071 1856 putant.
1109 1790 1153 1841 Ita
1179 1789 1291 1864 legitur

133 1859 187 1910 hic
209 1859 289 1911 locus
317 1862 348 1911 in
367 1859 447 1913 MS.“
478 1859 574 1914 Ursin.
612 1859 659 1923 „A
681 1858 820 1911 Cicerone
843 1857 915 1911 haec
938 1875 992 1927 per
1010 1860 1228 1928 occupationem
1247 1861 1290 1929 di-¹

134 1937 252 1992 cuntur,
271 1947 328 1982 nou
347 1931 433 1995 abeo,
453 1932 504 1999 qui
517 1930 713 1999 quaestionem
731 1929 836 1998 posuit,
856 1930 904 1981 cui
922 1929 1058 1999 nonnulli
1074 1941 1113 1982 ea·
1124 1930 1290 1984 tribuunt.“

135 2002 200 2055 Frc.
225 2000 308 2054 Febr.
336 2002 433 2055 Recte.
471 2001 579 2054 Laudat
605 2000 759 2052 Kiihnerus
781 2000 917 2051 Beierum
945 1999 979 2052 de
997 1998 1053 2052 hoc
1080 2018 1133 2051 usu
1156 2000 1289 2067 elliptictl

106 2104 109 2109 ·
132 2072 342 2142 particularum
368 2079 402 2125 'ot
430 2073 504 2126 enim
528 2073 563 2123 ad
581 2071 663 2124 offic.
684 2071 706 2123 1.
727 2074 770 2125 40.
798 2072 858 2124 144.
877 2073 986 2140 puto.
1007 2101 1040 2111 -
1076 2071 1161 2124 Codd.
1190 2071 1288 2126 Duisb.

135 2143 219 2195 Vind.
239 2147 265 2198 2.
289 2144 344 2195 duo
364 2144 432 2199 Oxx.
469 2143 542 2196 Aut
566 2143 651 2195 enim.
689 2141 874 2193 Adolescenti
899 2139 971 2192 haec
994 2158 1083 2209 usque
1108 2142 1142 2195 ad
1163 2141 1214 2194 tsti
1236 2142 1292 2195 tri·

134 2213 228 2266 buunt
246 2214 317 2266 Edd.
340 2216 372 2264 V.
393 2215 460 2268 Rob.
481 2212 580 2284 steph.
601 2212 702 2276 Leod.3
722 2212 872 2281 sequentia
889 2229 988 2263 rursus
1007 2211 1073 2264 inde
1092 2212 1226 2267 aDt'cunt
1244 2212 1293 2266 t'llt‘

135 2288 242 2338 Marco.
268 2285 335 2337 Cod.
354 2285 439 2340 Vind.
461 2290 484 2340 l.
509 2285 607 2336 habet:
637 2281 729 2337 Stoici
750 2285 845 2336 eudem
868 2282 1030 2351 praecipuo,
1057 2298 1126 2348 quoe
1149 2284 1201 2336 teti
1223 2284 1292 2336 boun
1366 2290 1370 2294 ’

137 2356 251 2408 dicunt:
271 2355 317 2408 tto·
336 2354 446 2422 quidem
464 2357 524 2409 cine
542 2353 586 2408 tte
605 2383 636 2393 -
656 2361 773 2422 negant:
802 2353 831 2407 tu·
856 2359 947 2411 nutem
964 2352 1026 2404 sine
1049 2351 1093 2404 lis
1111 2354 1214 2407 nullam
1233 2352 1293 2407 esee

133 2432 248 2493 putant.
269 2426 334 2478 Cod.
356 2425 430 2500 Aug.
451 2425 542 2478 Stoici
554 2425 665 2488 'eadem
684 2443 757 2476 uuus
776 2425 826 2476 Ox.
847 2422 940 2476 Stoici
960 2422 1155 2492 principia.
1192 2426 1292 2500 Pergit

139 2495 198 2548 MS.
218 2496 249 2546 in
267 2513 359 2568 unarg.
378 2501 442 2546 Asc.
452 2498 477 2551 2.
498 2497 540 2548 uel
554 2497 759 2564 praeducta.
789 2495 916 2563 Sequens
935 2495 1031 2547 dicunt
1045 2494 1161 2555 ‚omittit
1179 2496 1253 2547 Gud.
1264 2499 1290 2551 2.

139 2566 206 2619 Cod.
228 2569 303 2618 Mon.
325 2571 348 2620 1.
373 2566 457 2618 habet
475 2567 545 2620 bono
569 2568 651 2618 ista.
689 2566 788 2640 Pergit
812 2566 889 2617 idem
913 2582 979 2616 cum
1003 2581 1060 2617 uno
1075 2563 1130 2620 Ox.
1150 2566 1243 2619 dicunt
1260 2573 1293 2620 et

133 2636 204 2699 ·tttz·;
232 2637 304 2688 alius
328 2637 378 2689 Ox.
405 2637 491 2689 habet
517 2638 643 2700 decenn
674 2636 747 2721 Aug.
776 2637 842 2690 ille
870 2637 980 2705 quirem
1002 2638 1080 2690 sine
1103 2634 1157 2690 tis.
1184 2637 1292 2692 .llabet

139 2709 227 2760 etiam
244 2708 333 2761 Rehd.
354 2707 415 2760 eine
438 2725 491 2777 pro
515 2709 580 2776 ερας
611 2707 698 2760 Goth.
722 2727 753 2760 m
780 2725 870 2782 marg.
895 2707 980 2760 habet
1003 2720 1067 2776 pros
1083 2709 1134 2761 sed
1158 2704 1203 2760 leia
1221 2708 1292 2762 alio's

138 2779 244 2832 habere
262 2779 323 2831 sine
342 2778 392 2832 die:
413 2796 465 2853 ego
485 2789 580 2832 autem
596 2779 712 2848 reperio
732 2779 763 2829 in
772 2781 843 2832 Ven.
864 2787 952 2830 nostr.
972 2780 1032 2831 sine
1049 2778 1085 2843 is,
1104 2779 1136 2829 in
1154 2777 1217 2832 Asc.
1231 2785 1254 2835 1.
1264 2781 1291 2836 2.

133 2851 220 2902 ·Junt.
241 2848 372 2905 sinclis.
402 2850 486 2903 Verb.
506 2851 537 2902 in
555 2867 646 2923 marg.
666 2853 724 2903 siue
742 2847 795 2913 Itis,
823 2849 981 2918 quierror
1000 2857 1042 2900 est
1060 2850 1119 2902 sive
1137 2849 1293 2924 tsserburgii

139 2919 239 2990 ipsius,
259 2922 319 2973 sive
337 2937 502 2990 operarum:
524 2939 588 2972 nam
601 2937 684 2973 nenio
699 2921 740 2973 sic
758 2920 853 2971 habet.
872 2919 968 2970 Duisb.
989 2917 1047 2972 tiis
1065 2936 1118 2988 pro
1136 2917 1196 2984 Ιιὶας
1215 2920 1293 2974 idem

137 2993 237 3064 pergit
255 2992 364 3045 beatam
382 2991 475 3057 vitam,
495 2992 568 3044 Gud.
588 2989 854 3058 negunt'compleri.
881 2990 961 3041 ldem
980 3007 1046 3042 cum
1063 3006 1121 3042 uno
1136 2991 1185 3042 Ox.
1207 2991 1293 3044 omit·-

137 3061 179 3129 tit¹
194 3063 299 3128 omnia,
320 3080 392 3131 quae
411 3071 478 3116 sunt
496 3063 574 3114 inter
585 3063 672 3130 ‘prius
697 3070 727 3114 et
749 3061 892 3131 posterius
910 3067 1022 3128 negant,
1048 3061 1141 3113 oculis
1159 3060 1294 3114 librario'·

137 3149 202 3185 rum
221 3133 425 3185 aberrantibus.
445 3132 541 3185 Duisb.
562 3131 615 3184 tit
634 3140 736 3197 autem,
761 3135 835 3184 Mon.
856 3133 881 3187 2
902 3132 934 3184 ἐν·
952 3138 1050 3184 cittene
1088 3132 1293 3201 Peripateticos

137 3203 268 3274 intelligi
286 3199 370 3256 nemo
388 3220 447 3255 nou
464 3203 553 3256 videt.
592 3203 715 3273 Scripsit
733 3212 829 3256 autem
846 3201 914 3254 Dav.
935 3203 966 3255 in
984 3202 1037 3255 Ed.
1054 3205 1082 3258 2.
1102 3200 1133 3254 1ιί
1151 3208 1211 3255 out
1230 3201 1293 3257 tine

136 3271 203 3341 llice¹
215 3275 292 3328 nihil
310 3291 436 3338 monens,
455 3275 513 3338 nisi
529 3273 620 3348 vulgo
638 3274 699 3350 legi
718 3281 816 3327 autem.
848 3273 938 3343 ¹Fecit
955 3273 1015 3325 hoc·
1029 3274 1147 3326 fortasse
1160 3272 1292 3327 Bentleio

136 3344 283 3413 monente,
301 3345 444 3397 nimirum
460 3354 493 3397 ut
512 3345 682 3414 respondeat
700 3342 897 3413 sequentibus:
924 3351 982 3408 cut,
1006 3343 1034 3396 ti
1054 3344 1093 3397 stt
1111 3345 1202 3396 beuta.
1239 3343 1293 3398 Est

135 3433 206 3469 vero
226 3417 257 3468 in
275 3416 360 3470 Codd.
380 3418 451 3490 Reg.
472 3416 546 3468 Gud.
566 3422 591 3471 l.
620 3415 707 3467 lllarb.
734 3414 768 3467 ei
790 3412 847 3466 tis
871 3429 938 3466 esse.
967 3414 1041 3468 Gud.
1061 3417 1086 3472 2.
1115 3415 1150 3469 ci
1166 3414 1199 3467 t's
1221 3431 1290 3468 esse.

132 3485 246 3556 'Scripsi
264 3496 360 3539 antem
378 3487 443 3540 eine
461 3486 512 3539 tie
535 3502 596 3539 esse
614 3503 681 3538 cum
698 3485 782 3538 libris
800 3483 957 3556 plerisque.
975 3482 1095 3551 *Soluss
1115 3494 1148 3537 ut
1165 3485 1292 3553 videtur,

135 3557 205 3610 Dav.
227 3574 262 3609 ex
278 3560 348 3642 Reg.
372 3558 484 3628 recepit
508 3555 562 3610 lis.
599 3559 654 3610 Pro
678 3558 706 3609 si
720 3557 763 3609 sit
788 3556 820 3607 in
838 3556 913 3611 Gud.
932 3559 958 3611 2.
979 3564 1022 3608 est
1039 3557 1087 3622 sit,
1113 3570 1215 3610 errore
1232 3558 1293 3610 fon·
1372 3589 1377 3594 ι

134 3636 209 3679 tasse
228 3645 263 3684 ex
281 3629 438 3750 ppqruptione
458 3629 518 3699 θίν’
537 3627 575 3694 (i.
597 3645 622 3680 e.
641 3626 669 3680 ei
686 3625 742 3692 eit)
768 3635 841 3687 orto.
878 3629 944 3679 lllox
965 3627 1051 3680 Vind.
1071 3632 1096 3683 1.
1120 3635 1194 3681 certe
1216 3640 1292 3684 esce

135 3703 247 3762 negant.
319 3715 345 3749 r.

208 3767 250 3817 At
275 3767 350 3819 enim
375 3767 478 3823 Stoici·
490 3771 642 3838 praecipua
665 3767 711 3820 uel
734 3768 872 3835 producta
895 3768 1005 3835 dicunt]
1041 3770 1151 3822 Laudat
1169 3771 1292 3825 Ursinus

136 3836 283 3902 Codicem,
311 3837 361 3906 qui
380 3845 474 3904 totum
491 3839 569 3893 hunc
587 3841 684 3893 locum
703 3839 744 3890 sic
763 3839 891 3891 exhibet:
925 3842 966 3891 At
989 3841 1063 3892 enim
1084 3843 1181 3893 eadem
1199 3840 1293 3894 Stot‘cs'

133 3906 289 3978 praecipua
315 3908 360 3959 vel
375 3910 516 3977 producta
540 3911 644 3974 dicunt,
673 3924 743 3976 quac
761 3911 833 3962 bona
852 3908 912 3961 isti.
950 3910 1003 3961 1112·
1026 3911 1136 3976 quidem
1162 3912 1224 3963 sine
1252 3910 1293 3963 t't'a

133 3981 223 4032 uitam
249 3978 357 4030 beatum
382 3979 521 4045 compteri,
549 3978 580 4032 ta·
608 3987 699 4032 uestem
722 3982 781 4032 cine
812 3980 851 4034 iia
874 3995 933 4031 esse
960 3978 1067 4031 nnllam
1090 3986 1198 4046 putant.
1236 3978 1293 4032 Sed

134 4051 222 4124 longe
241 4049 347 4102 melior
365 4057 408 4100 est
426 4049 608 4118 reliquorum
626 4051 768 4101 librorum
790 4049 888 4102 lectio.
927 4049 1062 4102 Ceterum
1086 4065 1159 4118 quae
1177 4049 1292 4118 Peripa-

135 4121 219 4175 tetici
243 4121 316 4173 bona
339 4120 470 4190 corporis
494 4127 523 4172 et
549 4122 683 4172 fortunae
700 4128 814 4184 vocant,
842 4137 874 4171 ea
893 4118 985 4171 Stoici
1003 4127 1170 4186 nuncupant
1188 4134 1293 4189 προηγ-

133 4191 222 4260 μένας
246 4191 388 4244 definiunt
407 4199 503 4242 autem
522 4187 721 4256 indifferentia
745 4206 806 4241 cum
825 4189 1020 4242 aestimatione
1038 4189 1181 4244 mediocri.
1220 4191 1293 4246 Vide

130 4259 305 4316 Ciceronem
324 4263 426 4314 defin.
448 4262 501 4326 111,
522 4265 565 4316 16.
603 4261 706 4314 Sextus
725 4260 893 4329 Empiricus
911 4257 1054 4327 Pyrrhon.
1073 4260 1149 4331 Hyp.
1170 4263 1220 4315 lib.
1234 4262 1291 4316 111.

133 4350 197 4403 cap.
216 4335 260 4387 24.
297 4333 332 4384 Οἱ
349 4334 402 4400 μὲν
419 4336 539 4386 Στωϊκοὶ
558 4338 615 4385 τῶν
632 4328 798 4399 ἀδιαφόρων
822 4329 942 4400 pacisci
961 4328 1013 4396 μὲν
1030 4332 1192 4403 προηγμένα
1211 4324 1292 4401 εἶναι,

134 4405 169 4458 cd
187 4402 219 4456 δὲ
236 4400 461 4474 ἀποπροηγμένα,
481 4400 513 4457 τὰ
534 4402 566 4456 ot
584 4404 646 4458 οὔτε
663 4400 824 4475 προηγμένα
849 4400 912 4456 οὔτε
929 4397 1163 4471 ἀποπροηγμέναῗ
1189 4422 1293 4478 προηγ-

164 4535 244 4578 cuno
259 4535 325 4580 ruse.
340 4536 409 4594 resp.
424 4537 460 4582 eu.
475 4536 561 4583 noser.
578 4536 602 4580 r.
618 4536 666 4580 m.
1044 4511 1064 4574 7
