2856 5084
149 332 151 339 ¹
206 255 268 320 1⁶6
404 247 901 314 CICERONISTUSCULAN.
923 244 1154 309 DISPUTAT.

206 411 346 477 Caucasi
382 416 476 476 nives
512 413 753 494 hiemalemque
787 414 857 472 vim
891 413 1068 491 perierunt
1099 409 1172 470 sine
1214 405 1353 470 dolore:

207 515 373 578 quumque
405 494 449 556 ad
476 497 643 556 flammam
674 507 713 555 se·
743 495 1003 574 applicaverunt,
1030 494 1103 552 sine
1124 490 1252 577 gemitu
1268 489 1354 552 adu·

141 582 184 639 ⁷8·
209 586 343 640 runlur.
377 576 542 639 Mulieres
563 596 645 640 vero
667 575 829 654 inludia,
851 595 952 656 quum
973 583 1024 636 est
1045 575 1141 634 ouius
1164 592 1279 634 earnm
1298 574 1354 635 vir

203 777 257 831 pne
274 759 343 813 nudi
365 759 493 829 erigent,
517 761 598 814 moda
623 758 745 814 Caucasi
769 758 872 812 mantia
893 760 1014 826 glaciali
1036 757 1137 824 rigore
1162 773 1279 826 corpora
1302 773 1354 812 aua

207 834 352 895 durantes,
371 832 451 884 mado
469 832 589 893 flammis
607 830 669 884 eine
686 830 745 883 ullo
763 830 871 896 gemilu
890 830 1056 882 allicientes.
1088 829 1161 882 Sane
1178 834 1354 898 Βραχμᾶνες,

208 929 241 965 ·.·
259 897 371 954 ἒπιιδᾶν
396 899 509 968 νήσωσι,
531 903 648 967 πλησίον
672 896 856 969 παραστάντες
880 897 1010 964 ἀκίνητοι,
1039 897 1188 967 ἀνέχονται
1207 898 1354 969 παροπτώ-

206 981 297 1039 μενοι·
317 963 364 1023 eit’
383 967 525 1041 ἐπιβάντες
542 971 610 1023 κατὰ
629 976 724 1042 σχῆμα
744 973 876 1036 καίονται,
905 968 963 1024 οὐδ’
984 966 1052 1022 ὅσον
1069 970 1164 1038 ὀλίγον
1182 968 1356 1039 inspicerem

206 1048 253 1109 τῆς
271 1044 460 1100 κατακλίσεως.
497 1041 590 1094 Verba
612 1049 678 1092 sunt
696 1041 816 1093 Luciani
839 1040 873 1092 de
891 1042 976 1093 Mart.
997 1042 1095 1115 Pereg.
1123 1041 1204 1092 Torn.
1224 1041 1263 1093 11.
1290 1057 1355 1161 pap.

206 1113 269 1169 5⁷9.
306 1111 386 1164 Idem
404 1112 435 1163 in
452 1112 549 1187 ungit.
576 1127 638 1184 pag.
659 1113 721 1166 594.
757 1111 816 1163 Ἐπὶ
839 1105 932 1177 πυρὰν
954 1115 1084 1178 μεγίστην
1106 1110 1265 1177 ἀναβάντες,
1289 1128 1324 1163 αν
1339 1140 1355 1150 -

206 1177 645 1305 {nonusnullum
658 1179 898 1304 {alannae
913 1179 1255 1312 ultraneus
1272 1181 1356 1302 lar

208 1321 247 1378 ΙΙ.
267 1340 331 1395 pag.
351 1325 411 1377 499.
432 1322 464 1375 0.
483 1322 575 1386 Philo,
595 1320 670 1390 quod
688 1321 779 1373 omnis
797 1321 902 1391 probus
915 1321 1003 1385 liber,
1022 1339 1086 1394 pag.
1102 1323 1162 1376 680.
1184 1322 1221 1373 G.
1242 1329 1272 1373 et
1288 1323 1356 1372 Por-

203 1392 332 1462 'phyrius
350 1392 415 1460 περὶ
433 1391 607 1461 ἅποχῆςίὶῐ).
627 1390 674 1442 lv.
694 1389 717 1454 ᾖ.
738 1394 780 1447 18.
819 1391 857 1443 Ob
879 1390 954 1442 hanc
973 1407 1072 1443 eorum
1096 1390 1264 1459 patientiam
1282 1389 1357 1441 dixit

208 1464 316 1526 Zenon,
335 1460 384 1514 ἕνα
398 1458 489 1515 Ἰνδὸν
507 1458 725 1531 παροπτώμενον
748 1459 850 1513 ἐθέλειν
868 1459 948 1526 ἰδεῖν,
973 1459 990 1527 ἢ
1009 1461 1099 1518 παίσας
1121 1456 1169 1518 τὰς
1186 1464 1249 1530 περὶ
1266 1454 1356 1513 πόνου

144 1533 152 1548 ‘
207 1530 358 1654 ἳίΙποδείξεις
375 1537 487 1656 μαθεῖν,
506 1530 743 1601 quemadmodum
762 1532 853 1583 refert
871 1531 1002 1584 Clemens
1019 1529 1231 1584 Alexandrinus
1249 1529 1354 1583 Strom.

265 1618 322 1723 Pealg
334 1672 455 1725 Caucasi
480 1671 557 1726 nicee
574 1698 608 1710 -
629 1670 791 1738 perferunt]
827 1669 908 1736 „Hic
935 1685 994 1721 non
1018 1677 1061 1721 est
1086 1668 1138 1722 ille
1165 1669 1302 1723 Caucasus
1326 1670 1358 1721 in

209 1737 348 1808 Scythico
373 1760 528 1816 exsurgens
550 1742 610 1795 solo
632 1757 724 1806 mons,
757 1741 807 1793 sed
830 1741 861 1791 in
885 1740 984 1792 Indico
1012 1739 1135 1792 confinio
1156 1757 1186 1791 se
1213 1741 1357 1806 attollens,

208 1811 394 1864 Macedonum
412 1813 508 1876 armis,
536 1812 580 1874 (ut
602 1812 702 1862 scribit
720 1808 830 1873 Strabo)
857 1810 1005 1862 Orientem
1029 1809 1091 1861 subi
1114 1808 1225 1862 entibus
1251 1810 1358 1881 prioris

104 1938 106 1942 μ
210 1879 328 1932 Caucasi
345 1898 450 1935 nomen
468 1881 594 1951 adeptus.
623 1881 715 1932 Huius
734 1881 821 1943 etiam
838 1880 947 1933 mentio
966 1879 1058 1932 estin
1101 1878 1187 1948 yanei
1204 1880 1264 1931 rita
1284 1879 1359 1951 apud

208 1947 448 2004 Philostratum.“
475 1951 591 2004 Turneb.
628 1950 700 2004 Adv.
718 1950 781 2002 Vll.
807 1951 849 2004 lli.
876 1968 903 2019 p.
923 1951 985 2004 226.
1014 1946 1060 2001 Cf.
1085 1966 1172 2019 supra
1187 1949 1225 2002 11.
1245 1951 1288 2004 22
1309 1953 1356 2006 522

211 2018 332 2074 Calenus
348 2021 437 2075 Indue
456 2054 488 2064 -
508 2021 539 2074 in
565 2019 711 2074 radicibus
736 2017 857 2072 Caucasi
883 2025 973 2072 natue.
1001 2043 1034 2054 -
1070 2020 1125 2071 Pro
1147 2022 1294 2088 puteani
1316 2028 1359 2073 est

176 2139 181 2143 .
208 2095 352 2158 peragunt.
388 2093 449 2146 Mr.
929 2157 936 2171 ο
990 2113 999 2126 2
1084 2158 1091 2171 ·
1160 2157 1179 2171 ..
1265 2135 1272 2172 .·

209 2237 244 2281 a
260 2157 1003 2299 ,lllussenllff'lllufzala'zellens''l
1021 2158 1360 2298 ἄζξιῖῗῗίιιῗὲᾞῗίἲῖ

211 2309 367 2368 querulus
387 2301 453 2356 Cod.
475 2310 504 2354 et
521 2301 649 2352 Vatican.
675 2298 933 2366 applicaverunt.
968 2299 1025 2349 Vul
1047 2314 1074 2364 o,
1099 2297 1139 2350 ad'
1151 2314 1281 2351 normam
1300 2299 1361 2352 dio·

209 2367 352 2422 bolarium
371 2371 666 2444 grammaticulorum,
691 2367 942 2438 applicuerint.“
978 2316 1060 2422 Geel.

264 2438 319 2520 ‘Se
340 2438 575 2562 applicaverunt]
612 2438 660 2492 Sic
678 2439 748 2511 Reg.
767 2438 913 2492 Pithoean.
941 2446 971 2491 et
988 2439 1080 2491 Vatic.
1116 2437 1210 2512 Vulgo
1234 2438 1361 2506 applica-

210 2514 308 2560 nerent.
374 2548 380 2561 .
930 2530 932 2534 ’

282 2595 312 2630 ee
330 2577 541 2646 applicaverint]
577 2579 650 2643 „Est
667 2563 698 2628 in
716 2578 784 2631 (lod.
803 2579 872 2652 Reg.
898 2576 1123 2646 applicaverunt:
1153 2577 1185 2628 in
1202 2594 1259 2630 uno
1277 2580 1360 2637 Leid.

211 2646 1361 2771 §llllilliniti?,tusilltiffllsn⁸n⁰li‘⁶lllt“”“

211 2754 336 2861 vulgato·
350 2803 380 2839 ee
396 2756 697 2855 dpplicauerinlf‘
721 2739 791 2840 Rem
828 2789 940 2841 Habent
958 2756 1166 2856 applicaverunt
1184 2787 1269 2839 cnud.
1280 2736 1361 2841 ’ΒΨ

211 2856 354 2925 (quamvis
372 2857 488 2911 collatio
507 2868 603 2911 nostra
620 2859 723 2922 taceat)
742 2858 815 2912 Gud.
837 2862 861 2912 1.
881 2861 907 2913 2.
931 2858 1018 2911 Marb.
1044 2873 1134 2931 marg.
1153 2857 1226 2911 Edd.
1245 2807 1361 2916 Lambb.

102 2957 104 2960 -
212 2934 242 2978 et
261 2927 347 2980 Goth.
368 2927 439 2980 Edd.
463 2928 533 2980 Dav.
552 2929 622 2979 Ern.
643 2945 737 2996 seqq.;
763 2927 955 2996 applicuerunt
981 2927 1047 2981 God.
1070 2927 1154 2979 Vind.
1174 2931 1200 2982 2.
1233 2929 1305 2980 Edd.
1326 2930 1360 2980 A.

211 2996 243 3051 B.
263 2996 291 3050 S.
310 2997 346 3053 E.
367 2997 398 3050 G.
418 2999 499 3049 lunt.
519 3000 587 3050 Ven.
608 3005 696 3051 nostr.
715 2997 781 3054 Asc.
802 3003 826 3052 1.
845 3002 871 3054 2.
899 2997 984 3063 Laod.
1003 2999 1102 3051 Herw.
1124 2999 1200 3052 1534.
1220 2998 1362 3065 HWolf.;

213 3065 398 3133 applicuerint
415 3071 490 3120 lllon.
510 3071 536 3122 2.
557 3067 630 3120 Gud.
648 3068 722 3131 ΕΜ.
739 3068 769 3122 P.
788 3071 825 3120 Μ.
846 3069 878 3124 L.
902 3070 983 3120 Brut.
1003 3067 1085 3118 Boul.
1105 3065 1168 3118 ald.
1190 3067 1277 3124 Goth.
1297 3068 1360 3120 Car.

214 3134 312 3203 steph.
324 3135 427 3203 'syloa
452 3136 653 3204 applicaverint
671 3138 755 3190 Codd.
775 3138 863 3190 Rehd.
882 3137 979 3190 Duisb.
998 3139 1073 3193 Mon.
1095 3141 1119 3192 1.
1137 3135 1222 3188 vind.
1243 3141 1269 3192 1.
1288 3137 1359 3190 Edd.

204 3204 246 3263 Ν.
266 3205 336 3257 Rob.
355 3204 453 3275 Steph.
473 3208 571 3261 Herw.
592 3209 670 3277 154⁰,
691 3206 781 3259 Gebh.
801 3208 886 3260 Verb.
906 3207 965 3262 Alt.
1002 3207 1063 3260 Mr.

283 3275 422 3329 Mulieres
439 3277 515 3342 οινο]
534 3278 614 3330 Unus
633 3277 685 3330 Ox.
703 3279 835 3330 mulieres
851 3275 951 3332 enim.
970 3276 1068 3328 Dnisb.
1087 3275 1197 3329 omittit
1215 3293 1287 3330 uero.
1314 3276 1364 3329 In-

213 3345 305 3396 servit
322 3361 387 3399 uero
405 3347 612 3400 continuandae
620 3346 753 3411 orationi,
773 3364 853 3416 quae,
866 3364 933 3399 cum
950 3347 1149 3416 praecesserit:
1169 3346 1202 3399 ln
1220 3362 1254 3399 eu
1271 3354 1363 3400 tamen

213 3420 296 3480 genle
312 3415 462 3483 primum
480 3417 507 3469 ei
526 3444 561 3455 -
577 3432 699 3490 pergere
717 3416 847 3469 debebat:
876 3423 933 3470 lum
949 3415 1082 3469 mulieres
1098 3424 1152 3468 cet.
1178 3416 1259 3470 cuius
1277 3435 1365 3469 anan·

120 3525 123 3530 .
214 3485 341 3554 tapodoti
358 3484 435 3539 haud
452 3505 516 3538 rara
533 3496 600 3539 sunt
618 3488 749 3554 exempla
766 3487 839 3556 apud
849 3486 1027 3541 Ciceronem.
1056 3489 1161 3540 Nostro
1179 3487 1264 3554 plane
1282 3488 1364 3539 simi·

212 3554 251 3605 lis
270 3564 312 3607 est
329 3558 409 3609 locus
427 3556 461 3609 ad
478 3558 586 3612 Famm.
606 3556 669 3608 Vll.
694 3559 736 3611 23.
756 3560 786 3612 2:
813 3555 856 3608 Pr
864 3555 963 3609 imum
983 3559 1062 3623 ipsae
1085 3573 1137 3624 ego
1164 3557 1266 3608 Musas
1291 3573 1364 3611 nun-

215 3639 297 3691 quam
316 3628 387 3679 iunii
402 3634 540 3693 putassem
558 3646 605 3678 -ε
624 3624 747 3680 Bacchis
764 3636 846 3679 vero
864 3626 911 3679 ubi
928 3635 970 3680 eal
988 3627 1063 3694 apud
1080 3643 1123 3678 ine
1141 3627 1238 3679 locus?
1266 3629 1327 3684 Mr.
1350 3681 1354 3694 ,

285 3696 423 3748 Mulieres
440 3713 503 3750 vero
522 3697 554 3748 in
570 3696 669 3762 India]
704 3697 783 3749 Duae
800 3713 885 3749 voces
903 3698 1033 3761 ultimae,
1057 3713 1279 3765 supervacaneae
1297 3706 1364 3749 sunt

215 3772 245 3815 et
263 3783 279 3816 a
296 3766 433 3819 Librariie
451 3768 591 3831 adiectae;
610 3783 666 3819 non
687 3767 764 3818 enim
783 3774 853 3835 erat,
872 3765 1047 3820 curludiurn
1064 3783 1162 3817 rursus
1179 3777 1363 3832 memoraret,

215 3830 283 3887 oum
300 3837 335 3889 de
354 3854 386 3890 ea
403 3845 515 3889 tantum
540 3842 626 3920 gente
644 3837 792 3905 superiora
813 3837 899 3888 verba
918 3838 977 3888 sint
995 3834 1192 3909 intelligenda.
1230 3837 1290 3889 Nos
1309 3838 1365 3912 igi-

215 3911 265 3956 tur
283 3923 328 3960 eas
346 3907 460 3960 uncinis
478 3908 629 3960 cinximus.
666 3905 783 3959 Similes
820 3907 909 3959 lossae
933 3908 1040 3959 multos
1058 3915 1191 3958 veterum
1209 3906 1286 3959 locos
1304 3909 1365 3959 foe-

215 3974 291 4028 dant.
330 3977 378 4031 Sic
416 3994 449 4031 ro
467 3980 495 4028 P.
516 3976 613 4029 Sextio
635 3993 696 4046 cap.
716 3980 742 4031 4.
783 3924 867 4031 linit
893 3993 953 4030 eum
972 3978 1093 4029 exercitu
1112 3976 1251 4044 Capuam,
1282 3993 1365 4046 quam

214 4047 309 4099 urbem
328 4081 358 4093 -
379 3996 414 4101 ad
437 4047 491 4100 illa
513 4044 594 4114 inpia
618 4052 645 4099 el
669 4049 805 4101 scelerata
826 4063 911 4100 manu
937 4044 1076 4100 attentari
1093 4045 1314 4113 suspicabamur,
1337 4053 1364 4100 et

216 4116 282 4171 inde
301 4119 345 4171 M.
366 4116 515 4184 Aulaeum,
534 4116 675 4170 inlunem
692 4118 814 4171 militum
831 4119 951 4173 Antonii
961 4118 1057 4187 capua
1072 4119 1254 4186 praecipilem
1272 4116 1364 4171 eiecit.

175 4195 184 4212 ‘
215 4186 284 4239 Leo.
303 4195 331 4241 el
347 4186 413 4242 inde
439 4188 482 4240 M.
501 4187 645 4240 Aulanum
667 4187 734 4241 trib.
753 4188 812 4244 mil.
832 4187 960 4256 Antonii,
982 4186 1166 4257 praecipitem
1194 4186 1290 4252 eieoil5
1319 4188 1366 4239 ab·

215 4230 402 4311 andecanim
421 4258 522 4326 Capua.
550 4259 663 4312 Iterum
678 4274 737 4328 cap.
749 4264 773 4314 6.
802 4260 858 4313 Sed
875 4265 905 4312 ul
922 4278 1008 4328 quam
1025 4258 1170 4310 moderate
1189 4255 1252 4310 liuie
1268 4258 1365 4326 polius

216 4328 337 4398 tempori
354 4330 474 4383 seruam
492 4345 576 4401 quam
597 4328 690 4383 dolari
707 4346 777 4395 meo,
804 4330 830 4384 ei
849 4329 897 4399 qui
914 4331 1020 4384 occulte
1046 4342 1064 4378 a
1081 4330 1173 4382 aalule
1190 4335 1286 4382 nostra
1305 4327 1366 4382 die'-
