2856 5084
373 246 806 350 coronationes-‘au
834 275 1007 348 aionon
1028 286 1053 350 t.
1081 365 1085 370 ,
1227 282 1289 355 att

136 453 300 517 onim‘tuc,
322 451 382 520 -qni
407 450 588 522 Polycletum
611 458 641 505 st
665 452 834 505 statuarium
852 459 882 504 et
906 450 1050 522 pictorem
1067 452 1150 517 tacit,
1176 453 1288 506 nullam

136 524 224 576 fidem
240 521 344 588 habco,
370 523 543 591 praesertim
562 541 651 592 quum
668 521 816 577 duoseius
835 524 960 577 canones
979 523 1085 587 laudet,
1112 523 1178 575 aliis
1192 524 1287 578 omni-

136 595 188 648 but
209 591 436 645 unum‘tantum
459 595 690 647 memorantibus.
733 594 906 648 scholiastes
928 595 983 646 late
1000 594 1121 646 Luciani
1144 595 1288 666 ineptissi-

135 680 199 717 mus
218 673 269 730 est,
289 665 336 716 oui
345 665 510 734 Polycletus
527 659 650 736 acaprio
667 665 763 736 pictor
781 667 884 729 solum,
903 674 933 719 et
950 665 1180 732 nonstatuarius.
1204 666 1288 738 Apud

133 735 288 799 Aelianum
306 735 396 788 codex
413 736 538 807 sumptus
560 737 723 789 nonhabet
741 732 757 789 i
777 731 930 808 ζωγράφος,
957 737 1006 790 scd
1022 734 1204 797 Πολύκλειτος
1222 737 1287 806 [sic]

133 814 255 860 tanturn.
292 806 467 876 Polygnotus
484 801 623 862 facillime
641 809 733 861 factus
751 815 794 860 est
812 807 865 862 Pol
883 811 979 874 utetur,
1005 808 1055 876 qui
1098 824 1113 860 a
1132 807 1183 878 qui
1201 808 1289 862 libra-

132 878 186 930 riis
204 879 299 930 altero
317 887 378 931 eret
395 880 502 932 notior.
540 879 588 932 Sic
612 880 644 930 in
660 878 849 953 Anthologia'
881 880 910 950 pss
933 894 956 931 r.
977 881 1003 944 3,
1024 882 1066 935 14.
1095 882 1124 931 et
1142 891 1242 933 rursus
1260 883 1288 946 t,

132 951 160 1004 8.
179 950 211 1001 in
228 949 374 1018 picturam
392 950 551 1004 Salmonei:
582 951 643 1021 χείρ
664 964 701 1018 με
716 951 898 1006 Πολυκλείτου
941 952 1021 1003 actor
1038 950 1120 1022 aaut,
1138 951 1290 1026 corrigen-

132 1020 202 1073 dum
210 1015 399 1087 Πολυγνώτου.
427 1022 603 1094 Polygnotus
621 1021 700 1074 onim
712 1020 833 1074 Thasius
852 1029 923 1087 erat,
941 1021 1106 1091 Polycletus
1124 1020 1287 1093 Sicyonius.

132 1090 174 1143 Et
205 1091 246 1144 ita
273 1093 365 1146 vertit
394 1093 521 1146 Grotius.
567 1093 638 1146 Ecce
667 1091 819 1163 Polygnoti
843 1090 944 1147 Thasii
970 1107 1071 1146 manue
1094 1118 1128 1136 ..
1151 1101 1288 1148 narrante

132 1162 289 1215 Francisco
312 1163 410 1217 Junio.
777 1186 779 1191 ¹

203 1233 301 1287 Honos
325 1233 381 1286 alit
405 1241 488 1301 artes,
515 1250 662 1304 numaeque
680 1234 876 1289 incenduntur
893 1234 931 1288 ad
955 1235 1052 1288 studia
1069 1231 1183 1302 gloria]
1220 1235 1289 1289 Coti.

132 1311 200 1354 tuus
223 1306 275 1358 Ms.
300 1305 487 1360 incendimur:
519 1306 595 1377 quod
622 1307 784 1382 elegantius
812 1312 862 1362 eat.
906 1305 955 1358 sic
984 1321 1039 1375 pro
1064 1305 1173 1380 Arabia
1197 1323 1222 1363 c.
1247 1307 1285 1361 11.

130 1372 291 1428 Trahimur
309 1393 408 1430 omnes
431 1379 527 1432 laudis
544 1377 646 1443 studio,
671 1383 699 1431 et
714 1381 834 1448 optimus
854 1378 968 1446 quisque
983 1377 1106 1431 macinae
1122 1376 1220 1444 gloria
1237 1378 1290 1431 da-

127 1438 217 1498 'arua
253 1446 295 1499 De
314 1447 425 1500 Officiis
444 1450 468 1515 I,
487 1452 513 1504 o.
551 1449 652 1503 Omnes
671 1449 746 1502 enim
762 1447 908 1502 trahimur
932 1451 959 1499 et
979 1448 1113 1500 dunianur
1134 1448 1174 1501 ad
1192 1447 1290 1516 cogni·

130 1514 219 1599 tionis
241 1523 278 1601 et·
294 1518 428 1571 scientiae
451 1519 641 1588 cupiditatem.
680 1520 778 1596 Igitur
802 1535 837 1602 se·
855 1534 970 1587 quoque
993 1519 1071 1602 inter
1088 1533 1136 1571 eos
1155 1527 1289 1605 recenset

99 1669 106 1680 ·
131 1603 184 1656 ‘¹¹¹¹
201 1587 1288 1730 itta.dtttttttttttattatttaltili,ttlttttttitttttu

130 1727 225 1780 initiis
249 1731 469 1805 typographiae.
512 1731 544 1785 Si
572 1731 757 1786 incenduntur
788 1731 926 1801 placeret,
961 1730 1081 1783 mallem
1104 1731 1290 1802 Hominesque

129 1799 329 1864 incenduntur,
353 1803 449 1871 potius
476 1821 561 1872 quam
586 1819 686 1856 omnes.
722 1804 840 1856 Falsum
867 1802 947 1854 enim
965 1808 1008 1855 est
1025 1818 1123 1855 omnes
1141 1803 1178 1855 ad
1194 1803 1289 1856 studia

131 1868 263 1937 inccndi3
292 1888 382 1941 quum
397 1872 533 1942 plerique
550 1872 680 1927 homines
699 1874 758 1926 sint
776 1875 883 1926 inertes
908 1880 937 1930 et
954 1871 1092 1925 bonarum
1112 1875 1222 1926 artium
1239 1889 1290 1926 ne·

130 1939 284 2015 gligentes.
321 1941 498 1996 incendimur
515 1956 585 1997 vero
602 1945 676 1997 hanc
694 1943 756 1996 vim
773 1943 869 2008 habet,
894 1956 953 1994 non
971 1958 1064 1995 omnes
1083 1940 1214 2008 incendi,
1240 1943 1291 1999 sed

131 2019 274 2082 quotquot
292 2012 498 2083 incenduntur,
519 2015 612 2090 gloria
630 2015 756 2068 incendi.
792 2017 847 2066 Pro
860 2012 981 2065 ¹Rabirio
1001 2028 1061 2082 cap.
1083 2014 1131 2068 10:
1165 2010 1230 2067 Non
1246 2018 1290 2066 eat

131 2081 184 2149 ita,
205 2082 341 2149 Quirites,
361 2100 448 2154 neque
466 2086 607 2156 quisquam
625 2084 803 2140 NOSTRUM
822 2084 854 2137 in
871 2083 952 2152 Reip.
968 2080 1106 2152 periculis
1123 2092 1186 2136 cum
1204 2080 1289 2139 laude

131 2159 167 2205 'oc
183 2156 288 2208 uirtute
305 2160 446 2223 uersatur,
466 2158 533 2224 quin
550 2169 598 2226 epe
613 2156 789 2226 posteritatis
805 2156 951 2223 fructuque
976 2156 1104 2210 ducatur.

201 2220 221 2259 '¹‘
240 2226 312 2278 lbid.
351 2229 438 2283 Quum
460 2227 492 2280 in
515 2228 604 2296 epulis
634 2232 841 2281 recusasset
866 2228 966 2294 lyram,
994 2223 1143 2278 babitus
1166 2231 1219 2280 etl
1244 2225 1291 2280 in·

130 2293 256 2416 1ιζοοὶἰον]
276 2296 393 2350 (lodices
412 2297 517 2351 nostri:
546 2298 749 2353 Recuacret
767 2299 869 2367 lurum,
892 2304 947 2348 eat
970 2294 1117 2348 latitas
1141 2295 1289 2351 indoctior.

159 2381 189 2417 os
213 2383 241 2416 se
264 2384 369 2419 usmur.

203 2431 222 2470 ‘¹‘
241 2385 307 2507 gap.
328 2442 354 2494 3.
391 2432 457 2491 Post
474 2448 552 2502 cero,
570 2436 716 2508 Lepidum,
735 2437 944 2504 Carbonem,
963 2435 1115 2507 Graeciae]
1132 2436 1212 2493 MSS.
1233 2434 1290 2493 Ga·

120 2515 232 2576 tanam.
269 2506 423 2561 Beroaldus
446 2510 557 2579 primus
575 2511 674 2562 locum
691 2510 830 2566 restituit.

202 2575 223 2613 ’⁸'
241 2573 312 2633 ibid.
350 2576 490 2632 Deinde
513 2581 557 2634 ita
575 2596 693 2648 magnos
712 2585 840 2635 nostram
857 2575 897 2634 cd
914 2576 1049 2646 aetatem]
1085 2576 1180 2634 Codex
1197 2572 1291 2634 Galli·

133 2667 198 2703 cus:
221 2650 307 2703 Inde:
335 2650 411 2720 quod
429 2645 537 2704 idcirco
556 2652 722 2722 recipimus.

203 2717 222 2756 ‘¹‘
240 2721 310 2776 lbid.
350 2722 430 2777 cuca
445 2722 528 2776 multi
544 2721 604 2774 iam
623 2739 681 2776 ease
701 2719 832 2775 Latini
854 2721 943 2776 libri
956 2721 1099 2776 ¹dicuntur
1116 2718 1216 2791 scripti
1234 2719 1290 2775 i‘n·

132 2789 361 2845 considerate
385 2793 420 2846 cb
438 2784 554 2862 optimis
572 2792 632 2847 illia
650 2792 759 2863 quidem
776 2792 861 2858 uiris,
880 2792 932 2845 seri
946 2809 1000 2847 non
1018 2791 1091 2846 catio
1109 2791 1255 2858 eruditio]

203 2857 223 2896 Ἀ(
241 2862 312 2914 lbid.
349 2861 452 2916 Fieri
475 2869 567 2916 autem
585 2876 640 2917 non
655 2865 754 2932 potest,
773 2869 806 2915 ut
824 2869 899 2916 recte
917 2861 980 2933 quis
997 2861 1129 2930 sentiat]

203 2927 222 2966 ‘¹‘
241 2930 314 2990 Ibid.
350 2932 408 2986 Nec
426 2934 604 2987 delectatione
628 2935 724 3011 aliqua
750 2933 903 2988 allicere
929 2931 1078 2997 lectoren]

205 3000 297 3059 Quare
314 3003 341 3056 ei
358 3003 469 3074 aliquid
481 3004 628 3059 oratoriae
644 3005 737 3059 laudis
756 3012 853 3058 nostra
864 3003 1010 3056 attulimus
1028 3000 1184 3058 industria:
1203 3007 1290 3061 multo

132 3072 284 3128 studiosius
301 3069 496 3142 philosophiae
514 3079 606 3142 fontes
624 3075 788 3144 aperiemus,
808 3090 826 3127 c
841 3075 939 3144 quibus
955 3070 1040 3126 etiam
1057 3073 1110 3127 illa
1128 3075 1292 3142 manabant]

133 3144 300 3199 Gebhardus
319 3144 394 3197 illud
412 3144 509 3198 locedia
529 3164 564 3200 ex
582 3146 640 3200 suis
658 3144 754 3212 libris;
781 3163 848 3197 cum
866 3147 978 3216 priores
1001 3143 1142 3198 haberent
1160 3146 1260 3203 laud
1266 3147 1289 3200 i.

123 3216 188 3269 *Cui
211 3233 281 3268 veru
305 3224 356 3267 aut
379 3216 481 3286 quibus
505 3214 624 3287 aliquid·
642 3217 732 3270 laudis
756 3217 874 3270 attulit?
901 3233 937 3268 an
960 3216 1017 3268 arti
1041 3214 1214 3273 oratoriae?
1247 3221 1290 3272 sic

132 3303 198 3339 sane
217 3287 341 3340 voluisse
360 3286 527 3341 Gebhardus
549 3281 674 3341 videtur.
711 3288 768 3342 Sed
791 3285 843 3339 illa
861 3285 917 3339 duo
942 3287 1040 3338 iuncta
1058 3291 1125 3339 sunt
1147 3290 1291 3345 oratoriae

133 3357 239 3422 laudis,
257 3366 291 3410 ut
308 3357 394 3410 Acad.
414 3359 463 3424 IV,
483 3364 510 3414 1.
530 3360 594 3412 laus
611 3358 802 3426 imperatoria.
839 3357 931 3423 Quare
949 3357 1026 3431 lege,
1052 3365 1084 3409 ut
1103 3354 1175 3413 olim
1199 3360 1290 3414 Lau-

133 3427 185 3480 dis
203 3445 239 3480 ne
258 3429 365 3498 alioqui
385 3446 486 3482 manca
503 3430 554 3482 fiat
571 3431 727 3484 sententia:
748 3439 777 3483 et
795 3428 836 3481 sic
854 3427 980 3496 explicat
1001 3427 1032 3480 Si
1050 3431 1191 3482 oratoriae
1210 3429 1290 3486 laudi

132 3499 284 3622 hpruinum
306 3501 500 3554 Romanorum
530 3499 643 3570 aliquid
666 3501 827 3565 attulimus,
855 3497 1039 3562 contulimus,
1070 3499 1289 3566 contribuimus,

132 3585 297 3624 aleelmus.

205 3634 368 3692 *Dixeram
386 3657 432 3694 me
445 3641 592 3713 suspicari,
612 3636 805 3706 Gebhardum,
824 3639 876 3709 qui
894 3639 1006 3692 deserto
1013 3638 1143 3694 Victoria
1163 3651 1193 3695 et
1209 3644 1290 3715 prio-

134 3709 222 3772 ribus,
242 3709 351 3763 Laudie
365 3711 396 3762 in
414 3720 527 3765 textum
544 3721 703 3783 receperat,
726 3712 851 3766 voluisse
870 3729 901 3764 ea
919 3710 1057 3764 vocabula
1073 3711 1228 3788 distingui,
1256 3723 1290 3767 ut

132 3779 243 3833 Lauare
260 3780 390 3853 genitivo
409 3782 447 3850 sit
466 3800 542 3848 casu,
556 3782 717 3837 'oratoriae
739 3783 845 3836 dativo.
881 3778 917 3834 lc
938 3798 997 3834 uno
1014 3780 1113 3848 verbo,
1141 3792 1175 3835 ut
1193 3786 1290 3837 absun

133 3852 214 3916 duan,
232 3850 454 3905 transmiseram.
491 3855 568 3906 Ecce
587 3863 681 3908 tannen
699 3854 905 3930 Paedagogum,
924 3853 976 3921 qui
993 3851 1070 3923 quod
1089 3869 1142 3937 ego
1160 3853 1196 3905 de
1214 3855 1291 3908 Geb-

132 3922 224 3975 hardo
243 3918 414 3991 suspicabar,
440 3922 473 3976 de
492 3942 521 3977 se
539 3933 637 3995 aperte
660 3924 825 3994 profitetur.
860 3923 916 3976 Ubi
936 3937 1005 3974 vero
1029 3932 1141 3990 repent
1157 3924 1190 3974 in
1207 3924 1290 3978 Cice·

134 4010 205 4047 rone
225 3992 361 4046 Oratoria
380 3992 505 4046 absolute
524 3996 585 4048 sine
603 3995 779 4047 'substantivo
797 3995 942 4065 positum?
959 3993 1055 4044 Erant
1070 3992 1189 4060 quidem
1207 3994 1289 4061 olim,

135 4065 187 4134 qui
202 4059 360 4133 Ῥητορικήν
376 4065 410 4133 in
428 4063 564 4119 Latinum
587 4069 793 4119 transferentes
813 4060 980 4116 Oratoriam
996 4061 1045 4114 vel
1061 4059 1228 4118 Oralricem'
1239 4080 1291 4117 no-

134 4136 328 4201 minaverint3
348 4137 473 4189 sednon
492 4136 533 4188 ita
551 4136 661 4201 Cicero,
680 4144 752 4189 teste
771 4132 967 4201 Quinctilian'o
985 4130 1078 4185 laelii.
1097 4137 1123 4201 2,
1144 4138 1186 4193 14.
1224 4136 1239 4188 I
1261 4150 1291 4189 se

137 4208 173 4259 de
192 4207 290 4260 claris
313 4205 482 4261 Oratoribus
506 4224 530 4260 c.
555 4208 605 4262 30:
637 4223 671 4259 ne
693 4207 761 4259 laec
784 4205 895 4276 quidem
916 4202 1088 4281 incivitate
1111 4222 1214 4273 genera
1239 4154 1291 4260 iac

136 4280 304 4332 oratoria
328 4281 430 4334 laude
455 4281 610 4333 caruerunt.
646 4278 681 4331 ln
706 4277 825 4330 Oratore
851 4291 911 4345 cap.
930 4277 980 4331 29:
1006 4275 1086 4335 nulla
1109 4283 1150 4331 est
1168 4279 1291 4334 enimin

136 4347 193 4402 ullo
211 4366 313 4417 genere
336 4351 415 4406 letae
441 4351 619 4416 oratoris,
644 4348 776 4403 cuiuoin
792 4345 902 4401 uostris
919 4343 1092 4402 orationibus
1110 4366 1163 4403 noa
1180 4353 1219 4405 stt
1236 4348 1291 4403 aii·

138 4434 193 4488 qua
211 4416 407 4481 adumbratio:
425 4423 557 4497 corrige,
579 4419 651 4478 taus
667 4419 813 4477 Oratoria.
842 4418 898 4473 llic
916 4419 993 4473 inira
1010 4418 1037 4485 2,
1056 4421 1086 4476 2:
1106 4416 1188 4491 atque
1199 4420 1292 4476 ‘Ora-

1002 4525 1077 4600 18*Δ
