2856 5084
575 286 706 352 ursus
729 285 774 361 v,
801 285 853 352 as.
1084 271 1086 274 ’
1228 288 1287 354 nt

133 453 255 520 bitrari
270 473 349 527 esse,
368 452 458 536 quod
472 472 675 535 quaererem.
698 451 841 514 immissi
856 471 930 514 cum
942 450 1081 514 falcibus
1092 451 1192 515 multi
1205 473 1286 536 pur·

133 545 257 624 gerunt
271 545 304 600 et
315 545 521 619 aperuerunt
531 538 653 601 locum.
679 535 751 598 Quo
766 556 865 616 quum
875 537 1055 616 patefactus
1068 543 1154 598 esset
1164 536 1285 616 aditus,

132 621 175 682 ad
189 621 362 685 adversam
379 620 483 682 basim
499 621 707 697 accessimus.
739 616 929 699 Apparebat
941 619 1157 703 epigramma,
1178 623 1285 683 exesis

91 750 96 758 .
132 703 378 786 posterioribus
408 702 561 784 partibus
583 702 847 778 uersiculorum,
882 699 1064 761 dimidiatis
1093 701 1175 761 fere.
1230 702 1284 765 lta

131 787 337 849 nobilissima
349 783 508 852 Graeciae
531 786 662 860 civitas,
685 783 849 864 quondam
870 801 951 844 vero
965 790 1065 843 etiem
1082 781 1284 862 doctissima,

131 871 185 930 sui
205 871 288 931 civis
310 869 409 930 unius
431 866 615 936 acutissimi
647 875 898 926 monumentum
927 867 1126 950 ignorasset,
1147 867 1215 926 nisi
1243 868 1285 930 ab

86 946 91 954 ’
131 951 268 1013 homine
305 950 467 1031 Arpinate
502 947 682 1010 didicisset.
734 946 799 1009 Sed
828 946 954 1024 redcat,
985 946 1073 1009 unde
1101 947 1284 1028 aberravit,

131 1135 217 1188 habet
234 1136 313 1189 istud
331 1152 384 1204 pro
402 1127 484 1188 iliud.
522 1134 602 1200 Quod
618 1150 687 1187 vero
706 1134 741 1186 ad
766 1133 796 1185 h.
808 1133 837 1190 ·l.
861 1133 938 1185 nihil
962 1134 1090 1186 enotavit
1107 1133 1225 1186 Alterus
1250 1153 1287 1188 ex

132 1208 217 1261 Vind.
237 1209 261 1260 2.
283 1223 315 1259 eo
334 1222 392 1260 non
410 1221 538 1271 moveor,
565 1215 597 1256 ut
615 1205 694 1256 hunc
713 1204 849 1258 Codicem
866 1205 943 1256 idem
968 1205 1043 1275 quod
1065 1203 1124 1256 att.
1150 1205 1287 1259 exhibere

132 1278 256 1330 credam.
294 1276 382 1328 Nihil
400 1277 478 1330 enim
499 1294 531 1329 ea
548 1276 714 1340 collatione,
739 1294 828 1345 quum
847 1283 933 1341 tacet,
952 1275 1098 1327 incertius.
1135 1276 1215 1328 Unus
1234 1279 1286 1335 Ox.

132 1348 219 1400 habet
237 1347 392 1409 arbitrare,
413 1348 485 1400 Gud.
505 1350 531 1402 2.
553 1348 664 1399 omittit
682 1347 764 1415 quod.
801 1348 881 1400 Unus
900 1347 1015 1400 ePalat.
1034 1345 1121 1410 habet
1139 1362 1287 1413 quaerere·

134 1436 221 1471 mne:
255 1419 331 1488 quod
354 1419 483 1488 placebat
502 1417 662 1471 Gebhardo.
700 1418 740 1470 Et
765 1419 807 1470 sic
830 1418 887 1470 duo
906 1419 976 1471 Oxx.
1014 1419 1068 1469 Pro
1086 1417 1209 1478 immissi
1225 1435 1287 1472 cum

1296 555 1347 643 ⁶6·
1389 568 1393 574 1

135 1489 254 1558 falcibus
272 1490 356 1543 codd.
378 1492 448 1563 Reg.
468 1489 555 1541 Marb.
574 1488 681 1540 habent
704 1487 740 1540 in
763 1491 929 1542 musicum
950 1487 1081 1552 falcibus,
1107 1488 1180 1542 Gu'd.
1201 1493 1227 1546 l.
1250 1491 1287 1543 in
1329 1498 1332 1504 ⁴

132 1561 303 1613 musicam
326 1561 455 1627 falcibus,
485 1561 557 1612 Gud.
583 1563 610 1614 2.
640 1563 781 1614 immuni
807 1575 868 1613 cum
890 1559 1017 1625 falcibus.
1048 1558 1136 1612 Rehd.
1164 1558 1288 1614 immissi

132 1639 210 1685 sunt
229 1649 290 1684 cum
308 1634 438 1698 falcibus.
459 1631 532 1684 Gud.
553 1631 685 1684 et'Vind.
704 1634 730 1685 t.
757 1637 984 1700 purgaverunt3
1008 1631 1151 1699 posterior
1173 1631 1294 1684 omittit.

134 1710 171 1756 et.
208 1707 273 1756 Mox
292 1704 378 1758 Marb.
409 1702 506 1758 Quod
532 1717 624 1771 quum,
657 1719 729 1753 unus
759 1703 808 1755 Ox.
838 1700 904 1756 Qui
928 1717 1019 1769 prium.
1064 1699 1172 1753 Deinde
1197 1702 1285 1754 Marb.

132 1777 318 1841 patefactum
341 1776 462 1828 edictus
481 1781 511 1826 et
529 1773 682 1826 adversam.
720 1773 783 1826 Duo
803 1774 871 1825 Oxx.
893 1757 966 1827 bon.
981 1777 1005 1827 1.
1033 1771 1129 1828 Duisb.
1149 1773 1288 1826 omittunt

134 1847 181 1898 nd.
201 1845 290 1898 Rehd.
310 1845 396 1898 habet
425 1845 565 1898 additus
591 1843 629 1898 id
656 1845 817 1898 adversum
840 1845 1017 1908 accessimus,
1053 1843 1155 1895 omisso
1182 1843 1286 1898 dasimr

134 1917 169 1969 de
188 1935 244 1985 qua
262 1919 354 1968 foruna
377 1915 435 1968 vid.
455 1915 622 1969 Schneider.
642 1914 723 1967 Ausf.
743 1917 804 1967 Lat.
825 1914 875 1967 Gr.
896 1914 933 1966 ll.
958 1913 1106 1967 Formenl.
1126 1915 1149 1966 1.
1177 1933 1206 1984 p.
1226 1917 1287 1970 211.

75 2047 78 2052 ¹
133 1987 293 2044 Forcellim
309 2007 337 2040 v.
359 1988 435 2040 basis
452 1987 487 2039 ad
505 1993 635 2038 nostrum
649 1986 760 2051 locum,
788 1985 882 2052 „Cum
900 1985 934 2036 de
954 1984 1105 2050 columnis,
1125 1985 1175 2048 ait,
1193 2001 1288 2039 sermo

135 2067 188 2122 est,
206 2058 283 2111 basis
302 2058 541 2132 duosignificare
559 2064 663 2127 potest,
681 2065 744 2108 tum
763 2057 857 2126 ipsum
875 2056 1048 2126 stylobaten:
1069 2071 1125 2125 quo
1143 2072 1227 2108 sensu
1245 2056 1290 2108 in-

134 2130 293 2203 telligenda
312 2130 404 2191 estin
423 2129 482 2182 Cic.
502 2129 567 2181 loco
585 2128 669 2180 Tusc.
689 2129 722 2179 V.
743 2130 792 2192 233
816 2136 879 2178 tum
897 2127 970 2196 ipsas
989 2127 1088 2196 spiras,
1113 2144 1186 2196 quae
1204 2143 1288 2197 scapo

136 2201 283 2254 columnae
307 2201 501 2253 subiiciuntur
526 2207 556 2252 et
579 2199 736 2270 stylobatae
762 2198 960 2268 imponuntur,
987 2205 1022 2249 ut
1047 2198 1131 2262 docet
1156 2197 1287 2251 Philand.

134 2273 169 2324 ad
195 2272 267 2323 Vitr.
288 2272 335 2326 lV.
362 2276 386 2328 l.
414 2290 469 2341 qua
492 2269 604 2322 ratione
628 2278 783 2338 usurpatur
811 2287 832 2337 a,
852 2269 936 2320 Festo
961 2269 992 2319 in
1013 2285 1085 2321 voce
1112 2267 1194 2336 spira
1220 2277 1249 2322 et
1271 2286 1287 2321 a

135 2343 237 2396 Servio
256 2343 290 2392 ad
308 2342 378 2392 Aen.
399 2342 436 2394 ll.
456 2340 540 2397 217ss
564 2340 636 2394 Add.
655 2341 741 2395 Bern.
768 2337 849 2390 Baldi
872 2338 980 2389 librum
998 2339 1033 2391 de
1051 2339 1152 2402 Verbb.
1171 2339 1287 2392 VitruV.

94 2425 96 2430 .
135 2414 248 2536 {gffl
260 2431 286 2481 p.
307 2414 350 2468 26.
368 2411 468 2534 §hugi
485 2410 572 2534 Rasin}
591 2410 646 2532 idn
660 2411 714 2532 ints.
741 2410 802 2492 pin..
829 2411 907 2532 lblll.
933 2407 1289 2535 ⁴1i)R}Eoexesi{GOdd

136 2499 418 2608 “prioribpnusnup
428 2501 498 2606 (ixx.
514 2497 685 2617 {baltdredi}
710 2495 943 2607 uirxruiwcbnceeslii1
949 2492 1223 2622 protraat-planias
1237 2498 1290 2550 po·

205 2642 395 2695 Dimidiatum
420 2640 497 2706 fere]
534 2642 637 2717 Vulgo*
656 2640 826 2697 dimidiatis.
864 2641 920 2696 Sed
944 2642 1053 2712 optime
1071 2642 1224 2713 reponenti
1243 2641 1289 2700 01.
1368 2663 1369 2668 ¹

134 2715 265 2767 Bentleio
282 2714 440 2782 paruimus.
477 2713 549 2765 Vide
568 2713 716 2786 tigellium
735 2713 790 2779 lll,
811 2715 853 2768 14.
890 2713 926 2766 D.

207 2784 366 2838 dimidiatis
383 2783 454 2850 fere]
474 2785 561 2849 „Non
580 2801 694 2854 possum
712 2784 847 2837 accedere
864 2783 995 2837 Bentleio
1015 2792 1044 2848 et
1061 2784 1185 2850 Diuisio,
1205 2783 1291 2838 dimi·

137 2856 245 2909 diatnm
276 2856 304 2907 le
343 2855 452 2908 ntibus:
486 2855 637 2907 videretur
664 2857 705 2907 ita
730 2855 882 2907 dimidium
912 2855 1109 2924 inscriptionis
1142 2857 1290 2930 integrum

134 2928 239 2992 fuisse3
270 2872 340 2980 sede
336 2926 420 2978 unius
439 2927 577 2994 cuiusque
600 2934 846 2984 versusextrema
865 2934 948 2979 erant
974 2925 1077 2990 deleta,
1109 2935 1142 2978 ut
1160 2927 1291 2979 omnium

89 3011 96 3021 '
133 3017 271 3052 versuum
290 2997 442 3049 dimidium
460 2998 569 3050 deesset
588 3005 617 3049 et
635 2997 788 3053 nihilsere
806 3005 901 3066 posset
919 2995 1057 3079 intelligi.
1086 2997 1151 3049 Non
1170 2999 1291 3065 obstant,

135 3088 208 3141 quae
233 3071 316 3123 docet
344 3067 457 3122 Gellius
481 3069 533 3121 llI.
556 3071 597 3123 14.
624 3069 670 3120 ‘In
692 3085 749 3120 uno
768 3067 849 3120 Leid.
870 3074 912 3120 est
936 3067 1095 3120 dintsdia
1113 3069 1182 3134 fere,
1213 3069 1290 3122 unde

135 3141 289 3210 suspiceris
307 3140 462 3213 legendum
481 3157 539 3192 esse
558 3137 709 3192 dimidiu“
730 3138 859 3192 Bouhier.
897 3138 1044 3190 Bentleius
1063 3140 1187 3223 corrigit
1205 3139 1291 3195 dimi-

135 3213 252 3278 diatum,
281 3211 429 3264 obsecutus
459 3218 501 3262 est
527 3210 554 3263 ei
571 3209 710 3263 Davisius.
748 3210 803 3263 Sed
827 3227 885 3263 non
910 3208 1093 3274 dimidiatum
1111 3227 1291 3285 epigramma

135 3284 266 3348 restabat,
287 3282 336 3335 sed
353 3281 498 3335 dimidiati
516 3299 623 3335 versus.
661 3282 735 3332 Nam
753 3288 850 3350 partes
867 3281 1040 3349 posteriores
1052 3297 1188 3333 versuum
1207 3290 1290 3335 erant

135 3372 244 3421 exesae,
262 3364 296 3406 ut
315 3352 417 3406 Cicero
437 3352 517 3404 dicit.
546 3352 620 3404 vidit
639 3360 668 3404 et
685 3350 858 3404 Buherius.“
876 3351 945 3404 lira.
983 3350 1027 3403 Ad
1045 3359 1177 3405 nostrum
1193 3352 1290 3407 locum

133 3426 248 3480 Rostius
272 3425 394 3476 Plautin.
421 3422 526 3494 Cuped.
551 3423 666 3476 Fercul.
692 3422 740 3473 Xl.
768 3424 860 3491 part.
881 3440 936 3491 sq.:
968 3422 1020 3488 „Si
1044 3423 1213 3492 scripsisset,
1238 3424 1289 3490 ait,

137 3496 268 3550 dimidiis
285 3494 442 3560 versiculis,
468 3493 699 3567 intelligeremus
717 3509 825 3556 versus,
851 3488 975 3562 quorum
993 3493 1173 3568 singulorum
1190 3512 1291 3548 nume·

135 3585 181 3620 ros
199 3569 284 3637 po'e'ta
301 3568 487 3638 imperfectos
506 3565 689 3634 reliquisset,
708 3563 754 3615 sin
767 3564 883 3616 dixisset
902 3562 1031 3630 dimidio,
1051 3564 1203 3640 cogitanda
1218 3574 1291 3619 esset

135 3640 226 3692 altera
245 3639 390 3704 carminis,
410 3637 470 3690 sive
488 3637 571 3706 prior
593 3636 654 3688 sive
671 3635 825 3706 posterior,
841 3653 906 3705 pars
925 3653 1015 3688 exesa.
1053 3636 1108 3690 Sed
1127 3655 1193 3690 cum
1211 3636 1291 3691 dixe·

136 3711 178 3760 rit
202 3706 372 3773 dimidiatos,
399 3708 563 3780 significare
589 3707 694 3771 voluit,
727 3723 827 3758 versus
859 3707 947 3760 fuisse
977 3706 1049 3759 olim
1075 3707 1214 3783 integros,
1241 3708 1291 3762 sed

136 3796 371 3847 unumquemque
391 3779 499 3829 iniuria
516 3778 696 3848 tempestatis
715 3785 901 3830 eternorum
920 3779 970 3831 lon
993 3778 1135 3847 inquitate
1153 3781 1188 3832 ad
1206 3780 1291 3832 ‹limi-

136 3852 213 3904 diam
231 3851 294 3901 fere
310 3856 423 3918 partem
440 3850 631 3918 posteriorem
650 3850 785 3902 deletum.
813 3848 857 3901 cf.
877 3796 1036 3903 Forceilin.
1064 3869 1090 3905 v.
1111 3849 1290 3903 dimidiatus.

136 3923 212 3989 Quae
231 3938 299 3973 mox
317 3919 425 3971 dicitur
442 3920 561 3973 Graecia
580 3937 639 3972 esse
656 3938 789 3993 magnam
808 3920 959 3973 Graeciam
978 3920 1208 3994 intelligendam,
1232 3934 1291 3972 non

136 4003 178 4048 est
203 3991 278 4062 quod
303 3991 427 4042 doceam.
474 3991 550 4042 Tum
579 3990 670 4044 Rehd.
699 3989 827 4044 civitatis
851 3992 898 4054 (et
925 4008 1011 4060 supra
1031 3990 1083 4042 lin.
1112 3989 1166 4043 ulii
1189 4021 1222 4032 -
1242 3989 1291 4058 os)
1320 4051 1330 4057 ,

137 4063 283 4119 Graeciae.
321 4062 384 4113 Duo
403 4062 473 4113 Oxx.
494 4063 632 4114 omittunt
651 4061 761 4125 civitas,
788 4061 861 4113 alius
885 4077 951 4112 cum
970 4064 1044 4114 Mon.
1065 4063 1090 4117 2.
1115 4060 1186 4113 Edd.
1206 4060 1236 4113 P.
1255 4061 1289 4113 A.

136 4139 166 4190 B.
185 4140 256 4189 Ven.
276 4142 365 4188 nostr.
385 4133 449 4185 Asc.
469 4138 494 4188 l·
513 4136 538 4188 2.
559 4132 640 4186 Junt.
661 4131 774 4184 omittit
790 4130 844 4184 eui.
872 4132 942 4183 Ven.
963 4140 1060 4185 nostra
1079 4131 1195 4187 exhibet
1214 4132 1292 4187 cuius

138 4225 191 4278 pro
214 4207 297 4260 civis:
326 4223 408 4259 causa
433 4203 540 4262 erroris
567 4204 727 4255 manifesta.
754 4202 839 4253 Marb.
867 4203 977 4255 omittit
999 4202 1090 4255 unius.
1128 4204 1208 4257 Male.
1246 4203 1292 4256 Ita

138 4296 205 4332 mox
223 4296 321 4331 rursus
339 4277 501 4330 intenditur
519 4274 712 4345 superlativus
724 4273 821 4326 eadem
830 4288 901 4324 voce
920 4274 951 4324 in
969 4273 1063 4326 verbis
1082 4273 1186 4345 quiesi
1205 4289 1292 4328 unus

139 4350 323 4406 suavissimus
342 4356 444 4420 postus
465 4350 629 4402 animorum.
661 4344 730 4399 Vid.
752 4361 802 4399 nos
826 4343 860 4396 ad
887 4344 924 4399 ll.
953 4348 995 4403 26.
1021 4347 1065 4404 6⁴1.·
1089 4345 1188 4402 Deest
1210 4344 1292 4402 unius

138 4424 225 4477 etiam
248 4423 279 4474 in
302 4421 355 4475 Ed.
374 4423 408 4477 E·
446 4422 531 4475 Mr.'.
