2856 5084
480 416 830 495 EXCURSUS
876 421 948 494 VI.

505 609 510 618 ,
547 551 582 604 aa
601 552 662 604 cn.
683 541 769 608 ruso}
789 551 826 604 11.
846 556 872 607 s.

200 675 271 745 ,De
297 679 398 739 variis
420 676 601 755 disciplinis
620 675 889 756 philosophorum,
914 694 994 758 quas
1016 673 1134 740 Graeci
1156 669 1288 765 αἱρέσεις

258 763 430 822 nominent.

204 893 433 963 Disputationem
458 893 561 943 linium
586 892 698 961 copiose
722 892 891 961 exsequitur
909 892 1011 945 Cicero
1036 902 1065 946 ct
1083 895 1114 945 in
1132 895 1287 963 quintode

135 965 241 1027 Finit,
262 973 290 1016 et
309 965 341 1015 in
359 966 392 1015 V.
402 965 487 1016 Tusc.
522 963 578 1015 Sex
597 962 713 1030 quidem
732 960 886 1014 secundum
900 962 1073 1017 Carneadem
1092 983 1150 1018 esse
1169 968 1287 1021 omnino
1334 975 1336 983 ⁴

134 1034 279 1105 simplices
305 1035 376 1087 fines
403 1041 609 1086 commemorat
631 1033 663 1084 in
687 1035 720 1083 V.
749 1033 783 1085 de
806 1033 901 1084 Finib.
926 1034 999 1085 Volu
1020 1037 1088 1087 tatis
1114 1038 1286 1106 appetitum,

134 1107 264 1173 quamvis
286 1105 357 1158 haec
382 1122 440 1158 non
465 1105 629 1177 contingat:
662 1111 711 1155 aut
736 1104 863 1155 studium
887 1119 944 1155 non
961 1054 1096 1159 dolendi:
1126 1116 1174 1158 aut
1198 1117 1232 1159 ut
1251 1109 1287 1160 iis

132 1176 223 1245 potiri
239 1178 389 1244 possimus,
409 1192 482 1244 ⁴quae
501 1177 594 1243 prima
613 1173 767 1226 secundum
787 1182 918 1232 naturam
935 1185 1088 1230 vocanturz
1108 1179 1288 1247 voluptatem

132 1247 236 1316 ipsam:
270 1247 450 1299 vacuitatem·
468 1245 589 1308 doloris:
622 1246 752 1295 fructum
777 1254 806 1296 et
831 1246 943 1314 copiam
962 1263 1072 1312 eorum,
1100 1265 1172 1316 quae
1191 1249 1288 1318 prima

131 1316 288 1370 secundum
313 1325 447 1368 naturam
469 1318 580 1368 v'o‘cant.
600 1314 602 1316 ’
623 1316 668 1367 lta
691 1314 748 1367 erit
772 1315 920 1384 septimus,
952 1314 1101 1380 adjunctae
1131 1320 1288 1388 voluptatis

130 1387 165 1438 ad
184 1388 379 1440 honestatem:
406 1395 531 1451 octavus,
559 1385 594 1437 ad
616 1385 691 1437 hanc
708 1387 863 1437 vacuitatis
890 1385 1010 1452 doloris,
1035 1405 1137 1455 nonus,
1165 1391 1287 1442 accessio
1353 1419 1356 1426 ·

131 1458 261 1522 illorum,
293 1475 365 1526 quae
388 1458 483 1526 prima
506 1456 661 1508 secundum
688 1465 820 1509 naturam
843 1465 955 1513 vocant.
992 1460 1113 1529 Requiri
1137 1468 1232 1512 autem
1256 1460 1288 1512 in

130 1527 177 1579 his
195 1529 283 1580 finem
302 1529 465 1580 Stoicorum
489 1527 572 1578 video
601 1527 633 1578 ab
652 1527 748 1591 aliquo
767 1543 858 1595 posse,
883 1528 1034 1594 virtutem,
1060 1548 1131 1599 quae
1150 1531 1211 1582 illis
1229 1531 1288 1583 sola

131 1598 238 1650 bonum
257 1607 307 1651 est.
344 1598 399 1651 Sed
418 1598 474 1659 illi,
492 1607 525 1650 ut
544 1597 681 1650 intortio
700 1598 734 1648 de
743 1597 863 1648 Finibus
882 1599 1011 1665 docetur,
1031 1617 1098 1652 cum
1115 1602 1287 1670 posuissent,

132 1677 228 1721 ortum
248 1669 387 1738 quendam
406 1669 505 1719 ultimi
528 1667 596 1720 boni
621 1669 655 1719 de
674 1668 828 1736 principiis
853 1669 1038 1734 naturalibus,
1063 1671 1097 1722 ad
1115 1673 1288 1724 convenien-

132 1741 204 1791 tiam
222 1749 341 1792 naturae
361 1739 436 1790 illud
454 1739 608 1801 deduxere,
632 1747 665 1790 ut
684 1755 827 1788 summum
852 1738 958 1791 bonum
977 1741 1108 1793 dicerent
1126 1759 1195 1807 esse,
1220 1759 1288 1795 con-

131 1811 284 1862 venienter
303 1819 420 1861 naturae
439 1810 549 1860 vivere:
577 1808 605 1860 id
625 1817 675 1869 est,
696 1807 924 1877 ὁμολογουμένως
942 1817 977 1877 τῇ
996 1806 1078 1879 φύσει
1096 1813 1156 1880 ζῇν,
1182 1813 1213 1863 in
1231 1813 1288 1866 hoo

132 1881 191 1945 jam
208 1882 359 1944 virtutem,
380 1880 439 1930 sive
458 1879 636 1931 honestatem
655 1881 871 1931 constituerant.
909 1881 951 1932 De
970 1881 1104 1935 Aristone
1123 1891 1228 1948 autem,
1257 1892 1287 1936 et

132 1950 294 2020 Pyrrhone,
325 1958 410 2018 atque
439 1951 526 2001 etiam
544 1949 669 2011 Herillo,
695 1949 735 2000 its
754 1949 855 2002 Cicero
874 1951 906 2001 in
924 1952 956 2000 V.
976 1950 1010 2001 de
1029 1948 1122 2004 Finib.
1160 1954 1221 2005 lam
1240 1969 1288 2006 ex-

129 2025 228 2090 plosae
246 2024 399 2088 ejectusque
417 2019 568 2072 sententiae
586 2018 751 2088 Pyrrhonis,
771 2020 923 2081 Aristonis,
943 2021 1058 2083 Herilli,
1078 2024 1151 2088 quod
1168 2022 1200 2076 in
1217 2022 1289 2077 dunc

132 2093 234 2155 ortem,
255 2108 331 2160 quem
343 2091 621 2158 circumscripsimus,
640 2089 763 2142 incidere
775 2107 828 2143 non
845 2089 963 2158 possint,
983 2090 1156 2146 adhibendae
1174 2095 1287 2148 omnino
1325 2103 1328 2108 '

131 2180 186 2216 non
208 2165 329 2227 fuerunt,
359 2170 413 2215 etc·
451 2163 545 2231 Atque
569 2162 666 2238 ibice*
691 2160 793 2214 Cicero
817 2161 971 2235 significat,
995 2163 1175 2231 Pyrrhonem
1203 2182 1286 2217 omne
1379 2183 1383 2189 ¹

131 2234 286 2286 discrimen
305 2234 381 2284 vitae
399 2233 555 2297 sustulisse,
575 2249 639 2285 cum
658 2239 774 2300 praeter
791 2231 910 2283 honesta
929 2240 958 2284 et
973 2234 1074 2301 turpia
1097 2234 1174 2285 nihil
1192 2252 1286 2300 neque

131 2303 324 2373 expetendum
342 2320 435 2371 neque
454 2303 623 2377 fugiendum
641 2302 778 2365 traderet,
802 2302 960 2370 itidemque
980 2303 1136 2368 Herillum,
1165 2306 1216 2373 qui
1237 2322 1288 2358 ne-

131 2383 215 2448 garet
234 2374 387 2444 quicquam
407 2374 598 2435 essebonum,
618 2373 673 2423 nisi
693 2372 853 2424 scientiam.
890 2373 932 2424 De
951 2373 1084 2426 Aristone
1106 2375 1286 2441 Plutarchus,

130 2447 196 2514 περὶ
213 2442 320 2510 ἠθικῆς·
340 2447 467 2511 Ἀρίστων
486 2444 525 2496 δὲ
536 2439 550 2496 ὁ
562 2448 628 2503 Χῖος
647 2445 680 2510 τῇ
692 2442 744 2509 μὲν
757 2440 838 2511 οὐσίᾳ
849 2448 918 2509 μίαν
934 2447 978 2496 aul
990 2441 1071 2503 αὐτὸς
1082 2441 1179 2515 ἀρετὴν
1190 2443 1286 2510 ἐποίει,

130 2519 177 2569 καὶ
196 2515 294 2583 ὑγείαν
312 2513 444 2582 ὠνόμαζε.
466 2521 503 2581 τῷ
522 2513 552 2565 δὲ
570 2508 637 2583 πρός
655 2521 682 2565 τι
707 2532 779 2576 πως,
800 2508 952 2582 διαφόρους
976 2507 1022 2565 καὶ
1040 2517 1174 2581 πλείονας,
1199 2517 1236 2576 ὥς
1262 2521 1289 2572 εἴ

130 2606 171 2646 τις
197 2585 284 2638 ἐθέλοι
309 2588 358 2652 τὴν
382 2587 481 2654 ὅρασιν
504 2585 593 2650 ἡμῶν,
626 2588 728 2637 λευκῶν
743 2585 802 2651 ’μὲν
826 2586 1108 2653 ἀντιλαμβανομένην,
1137 2586 1287 2642 λευκοθέαν

131 2660 233 2720 καλεῖν,
257 2653 385 2727 μελάνων
409 2655 440 2707 δὲ
463 2657 626 2724 μελανθέαν.
663 2656 703 2707 Et
722 2655 857 2720 Galenus,
883 2660 946 2725 περὶ
969 2657 1024 2710 τῶν
1045 2655 1107 2708 καθ’
1125 2657 1286 2727 Ἱπποκράτη

131 2733 178 2781 καὶ
195 2722 333 2780 Πλάτωνα
351 2725 598 2800 doyndreundicit
615 2725 689 2778 hanc
706 2727 767 2777 vim
786 2727 941 2796 appellasse
951 2726 1117 2780 Aristonem
1135 2727 1287 2798 ἐπιστήμην

131 2801 248 2866 ἀγαθῶν
265 2800 317 2849 καὶ
343 2804 441 2850 κακῶν.
482 2796 671 2850 Camerarius.

204 2888 245 2939 De
264 2885 423 2954 Aristippo,
453 2884 578 2937 Socratis
605 2884 757 2954 discipulo,
781 2885 948 2956 Cyrenaico,
973 2884 1172 2955 philosophiae
1197 2887 1287 2958 Cyre-

131 2959 230 3010 naicae
249 2957 385 3021 Auctore,
411 2956 521 3025 saepius
539 2954 671 3024 loquitur
690 2954 800 3020 Cicero,
826 2960 896 3027 quos
923 2957 1000 3023 locos
1017 2955 1115 3007 laudat
1133 2955 1285 3010 Schiitzius

132 3031 250 3083 inflex.
271 3027 329 3079 Cic.
352 3026 374 3092 1.
395 3045 415 3077 s.
430 3045 456 3079 v.
469 3025 630 3078 Peculiares
649 3027 683 3076 dc
703 3039 735 3078 eo
754 3025 866 3095 aliquot
881 3026 975 3096 libelli
994 3034 1116 3092 exstant,
1136 3045 1208 3097 quos
1224 3029 1286 3080 lau·

132 3101 181 3152 dat
203 3099 423 3151 Tennemannus
450 3097 494 3149 in:
529 3095 728 3148 Grundriss
762 3095 787 3146 d.
817 3095 941 3166 Gesch.
966 3097 993 3149 (1.
1019 3096 1146 3150 Philos.
1174 3098 1196 3163 §.
1225 3104 1282 3156 116.

154 3174 213 3225 ,71
233 3187 275 3220 s.
485 3189 487 3193 ·
524 3186 527 3193 ·
590 3183 593 3189 ·
768 3174 791 3184 ”
826 3184 828 3189 ’
867 3177 872 3187 “

130 3189 151 3241 P
202 3187 387 3306 Deqlipicuro
406 3237 543 3307 primaria
567 3245 633 3293 sunt
659 3253 744 3306 opera
762 3238 790 3289 P.
811 3235 947 3289 Gassendi
965 3238 1049 3288 triaz‘
1068 3239 1196 3307 primum
1214 3240 1286 3293 Ani-

132 3309 244 3362 maduv,
265 3311 296 3359 in
313 3309 397 3383 Diog‘.
417 3311 511 3360 Ladrt.
531 3307 575 3370 X,
595 3307 628 3360 dc
647 3305 831 3379 Philqsophia
849 3307 979 3376 Epicuri.
1012 3308 1104 3382 bugd.
1123 3309 1183 3361 Bat.
1205 3314 1287 3367 1649.

132 3384 154 3433 f.
174 3398 231 3446 m.;
250 3381 386 3431 alterum:
406 3380 447 3431 De
466 3379 531 3430 Vita
551 3379 580 3430 el:
598 3378 725 3430 moribu's
743 3374 865 3448 Epicuri
883 3380 909 3431 4.
929 3378 1000 3452 Hag.
1021 3377 1101 3430 (lom.
1111 3378 1190 3435 1656.
1211 3379 1286 3450 Syn·

132 3459 229 3526 tagma
246 3449 444 3520 philosophiae
462 3450 593 3519 Epicuri.
612 3453 629 3504 4
648 3450 737 3500 Amst.
759 3451 835 3503 1684.
873 3449 971 3501 Plures
990 3447 1078 3500 libros
1096 3450 1193 3503 laudat
1210 3451 1286 3503 Ten·

132 3538 290 3575 nemannus
309 3521 329 3570 l.
350 3537 374 3570 c.
395 3519 416 3583 ξ.
438 3523 497 3574 llo.
523 3538 551 3590 p.
572 3517 608 3574 95
626 3537 666 3587 sq.
704 3520 833 3571 Lucretii
852 3518 974 3571 Carmen
1001 3521 1035 3571 de
1053 3519 1157 3572 Rerum
1183 3529 1285 3576 natura

133 3593 257 3664 Epicuri
274 3590 487 3659 philosophiam
505 3590 665 3653 continere,
684 3588 784 3642 notum
803 3593 853 3642 est.

154 3664 158 3673 '
203 3664 245 3714 De
264 3662 433 3730 Hieronymo
452 3660 561 3713 Rhodio
579 3661 637 3712 vid.
658 3662 692 3712 H.
703 3664 811 3730 Meyer.
831 3661 865 3712 ad
876 3658 936 3712 cic.
946 3659 1022 3712 Orat.
1042 3663 1087 3726 56,
1108 3665 1166 3717 190.
1184 3682 1211 3732 Ρ.
1224 3667 1284 3720 174.

205 3735 247 3785 De
265 3731 378 3784 Zenone
398 3733 512 3800 eiusque
528 3731 715 3801 philosophia
733 3739 800 3782 sunt
819 3730 874 3783 duo
888 3731 1068 3801 Justi1.ipsii
1083 3749 1184 3801 opera:
1203 3737 1285 3804 prius

132 3804 317 3859 Manuductio
342 3803 376 3854 ad
392 3801 525 3854 'Stoicam
547 3801 768 3871 philosophiam,
798 3801 942 3871 posterius
967 3800 1102 3870 Physiolo
1125 3804 1151 3853 ia
1175 3802 1287 3870 Stoico·

114 3894 213 3936 ¹autin:
233 3870 389 3940 utrumque
408 3873 502 3923 Antw.
525 3873 603 3926 1604.
623 3877 648 3928 4.
670 3873 747 3924 etin
767 3873 826 3924 eius
845 3871 986 3941 operibus.
1006 3870 1076 3940 Ado,
1123 3873 1285 3939 iedemanni

129 3947 275 4016 ·System
294 3944 319 3994 d.
342 3941 533 3995 Stoischen
551 3941 785 4011 Philosophie
805 3943 857 3994 111.
872 3941 905 3992 T.
927 3935 1004 4010 hips.
1024 3944 1100 3997 1776.
1121 3945 1146 3997 8.
1167 3951 1196 3994 et
1214 3962 1285 4015 quos
1345 3952 1349 3963 “

104 4070 107 4073 ,
134 4019 205 4070 alios
223 4015 319 4066 laudat
337 4010 556 4064 Tennemannus
574 4013 593 4062 l.
615 4029 639 4064 c.
660 4010 681 4074 ᾗ.
704 4017 762 4066 147.
788 4030 814 4081 Ρ.
837 4014 895 4064 102.
916 4029 957 4079 sq.

130 4108 134 4115 ’
207 4085 248 4137 De
271 4086 407 4137 Aristone
434 4082 505 4134 Chio
529 4089 619 4132 exstat
645 4082 822 4134 doctissimus
845 4083 871 4132 J.
892 4083 922 4135 B.
943 4082 1096 4150 Carpzovii
1122 4083 1208 4149 liber,
1233 4087 1284 4156 qui

136 4156 319 4209 inscribitur:
341 4154 505 4207 Paradoxon
525 4150 652 4203 Stoicum
670 4152 813 4204 Aristonis
832 4151 899 4203 Chii
918 4161 972 4206 etc.
992 4154 1069 4222 Lips.
1090 4155 1167 4208 1742.
1188 4159 1214 4210 8.

208 4224 250 4277 De
268 4226 294 4277 P
311 4224 411 4278 tritone
436 4223 503 4275 vide
529 4239 598 4290 quos
624 4223 720 4274 laudat
736 4223 955 4274 Tennemannus
979 4222 998 4272 l.
1014 4227 1044 4275 ὀ.
1071 4222 1092 4288 5.
1115 4229 1173 4280 119.
1192 4243 1220 4295 p.
1241 4230 1284 4282 74.

140 4298 261 4351 Sextum
279 4243 461 4367 pmpiricum
482 4295 541 4348 eius
560 4295 720 4346 doctrinam
739 4295 769 4343 in
788 4310 874 4363 opere
894 4310 942 4345 suo
960 4296 1201 4362 praestantissimo
1215 4299 1286 4368 Pyr-

139 4368 343 4421 rhonianarum
363 4367 587 4436 Hypotyposeon
606 4366 775 4434 exposuisse,
795 4381 878 4417 ncino
898 4373 948 4430 cst,
969 4365 1020 4432 qui
1038 4367 1152 4418 nesciat.

166 4471 246 4513 Cicero
263 4470 328 4512 Tnsc.
344 4471 411 4524 Disp.
427 4472 460 4514 ed.
476 4472 560 4514 Moser.
583 4471 607 4512 T.
622 4470 671 4512 Ill.
997 4473 1037 4533 24
1058 4465 1061 4469 ’
