<?xml version="1.0" encoding="UTF-8"?>
<!DOCTYPE html PUBLIC "-//W3C//DTD XHTML 1.0 Transitional//EN"
    "http://www.w3.org/TR/xhtml1/DTD/xhtml1-transitional.dtd">
<html xmlns="http://www.w3.org/1999/xhtml" xml:lang="en" lang="en">
 <head>
  <title>
</title>
<meta http-equiv="Content-Type" content="text/html;charset=utf-8" />
  <meta name='ocr-system' content='tesseract 3.04.00' />
  <meta name='ocr-capabilities' content='ocr_page ocr_carea ocr_par ocr_line ocrx_word'/>
</head>
<body>
  <div class='ocr_page' id='page_1' title='image "./mtulliiciceroni02davigoog/mtulliiciceroni02davigoog_0211.png"; bbox 0 0 2856 5084; ppageno 0'>
   <div class='ocr_carea' id='block_1_1' title="bbox 211 278 1153 360">
    <p class='ocr_par' dir='ltr' id='par_1_1' title="bbox 211 278 1153 360">
     <span class='ocr_line' id='line_1_1' title="bbox 211 278 1153 360; baseline -0.004 0"><span class='ocrx_word' id='word_1_1' title='bbox 211 293 273 360; x_wconf 71' lang='grc'><strong>231</strong></span> <span class='ocrx_word' id='word_1_2' title='bbox 403 289 633 357; x_wconf 80' lang='lat' dir='ltr'>CICERONIS</span> <span class='ocrx_word' id='word_1_3' title='bbox 654 278 901 358; x_wconf 69' lang='lat' dir='ltr'><strong>tuscum.</strong></span> <span class='ocrx_word' id='word_1_4' title='bbox 922 289 1153 356; x_wconf 79' lang='lat' dir='ltr'><strong>DISPUTAT.</strong></span> 
     </span>
    </p>
   </div>
   <div class='ocr_carea' id='block_1_2' title="bbox 109 454 1368 786">
    <p class='ocr_par' dir='ltr' id='par_1_2' title="bbox 109 454 1368 786">
     <span class='ocr_line' id='line_1_2' title="bbox 211 454 1365 538; baseline 0.002 -19"><span class='ocrx_word' id='word_1_5' title='bbox 211 458 289 519; x_wconf 86' lang='lat' dir='ltr'><strong>iure</strong></span> <span class='ocrx_word' id='word_1_6' title='bbox 308 454 343 518; x_wconf 92' lang='lat' dir='ltr'><strong>id</strong></span> <span class='ocrx_word' id='word_1_7' title='bbox 363 454 514 519; x_wconf 85' lang='lat' dir='ltr'><strong>accidere</strong></span> <span class='ocrx_word' id='word_1_8' title='bbox 536 475 603 518; x_wconf 89' lang='lat' dir='ltr'><strong>uon</strong></span> <span class='ocrx_word' id='word_1_9' title='bbox 623 458 744 538; x_wconf 68' lang='lat' dir='ltr'><strong>possita</strong></span> <span class='ocrx_word' id='word_1_10' title='bbox 777 477 853 519; x_wconf 85' lang='lat' dir='ltr'><strong>nam</strong></span> <span class='ocrx_word' id='word_1_11' title='bbox 872 457 949 518; x_wconf 86' lang='lat' dir='ltr'><strong>iure</strong></span> <span class='ocrx_word' id='word_1_12' title='bbox 968 457 1171 519; x_wconf 72' lang='lat' dir='ltr'><strong>exsulantem</strong></span> <span class='ocrx_word' id='word_1_13' title='bbox 1192 458 1365 521; x_wconf 83' lang='lat' dir='ltr'><strong>consolari</strong></span> 
     </span>
     <span class='ocr_line' id='line_1_3' title="bbox 109 538 1366 620; baseline 0.007 -25"><span class='ocrx_word' id='word_1_14' title='bbox 109 552 112 556; x_wconf 84' lang='lat'>·</span> <span class='ocrx_word' id='word_1_15' title='bbox 142 543 201 596; x_wconf 84' lang='lat'><strong>108.</strong></span> <span class='ocrx_word' id='word_1_16' title='bbox 216 559 284 601; x_wconf 89' lang='lat' dir='ltr'><strong>non</strong></span> <span class='ocrx_word' id='word_1_17' title='bbox 305 547 450 620; x_wconf 84' lang='lat' dir='ltr'><strong>oportet.</strong></span> <span class='ocrx_word' id='word_1_18' title='bbox 493 540 665 601; x_wconf 90' lang='lat' dir='ltr'><strong>Postremo</strong></span> <span class='ocrx_word' id='word_1_19' title='bbox 693 538 736 599; x_wconf 84' lang='lat' dir='ltr'><strong>ad</strong></span> <span class='ocrx_word' id='word_1_20' title='bbox 761 559 874 601; x_wconf 85' lang='lat' dir='ltr'><strong>omnes</strong></span> <span class='ocrx_word' id='word_1_21' title='bbox 897 559 992 601; x_wconf 86' lang='lat' dir='ltr'><strong>casus</strong></span> <span class='ocrx_word' id='word_1_22' title='bbox 1013 539 1172 600; x_wconf 84' lang='lat' dir='ltr'><strong>facillima</strong></span> <span class='ocrx_word' id='word_1_23' title='bbox 1200 541 1289 601; x_wconf 84' lang='lat' dir='ltr'><strong>ratio</strong></span> <span class='ocrx_word' id='word_1_24' title='bbox 1312 553 1366 604; x_wconf 89' lang='lat' dir='ltr'><strong>est</strong></span> 
     </span>
     <span class='ocr_line' id='line_1_4' title="bbox 215 619 1366 703; baseline -0.001 -17"><span class='ocrx_word' id='word_1_25' title='bbox 215 642 342 693; x_wconf 87' lang='lat' dir='ltr'><strong>eorum,</strong></span> <span class='ocrx_word' id='word_1_26' title='bbox 375 623 433 703; x_wconf 91' lang='lat' dir='ltr'><strong>qui</strong></span> <span class='ocrx_word' id='word_1_27' title='bbox 460 619 503 682; x_wconf 86' lang='lat' dir='ltr'><strong>ad</strong></span> <span class='ocrx_word' id='word_1_28' title='bbox 528 621 731 701; x_wconf 83' lang='lat' dir='ltr'><strong>voluptatem</strong></span> <span class='ocrx_word' id='word_1_29' title='bbox 760 641 799 684; x_wconf 86' lang='lat' dir='ltr'><strong>es</strong></span> <span class='ocrx_word' id='word_1_30' title='bbox 819 625 985 698; x_wconf 84' lang='lat' dir='ltr'><strong>referunt,</strong></span> <span class='ocrx_word' id='word_1_31' title='bbox 1012 640 1096 703; x_wconf 86' lang='lat' dir='ltr'><strong>quae</strong></span> <span class='ocrx_word' id='word_1_32' title='bbox 1117 630 1304 700; x_wconf 88' lang='lat' dir='ltr'><strong>sequuntur</strong></span> <span class='ocrx_word' id='word_1_33' title='bbox 1325 626 1366 685; x_wconf 87' lang='lat' dir='ltr'><strong>in</strong></span> 
     </span>
     <span class='ocr_line' id='line_1_5' title="bbox 213 702 1368 786; baseline 0 -19"><span class='ocrx_word' id='word_1_34' title='bbox 213 707 300 778; x_wconf 81' lang='lat' dir='ltr'><strong>vita3</strong></span> <span class='ocrx_word' id='word_1_35' title='bbox 332 711 374 766; x_wconf 86' lang='lat' dir='ltr'><strong>nt</strong></span> <span class='ocrx_word' id='word_1_36' title='bbox 395 721 588 786; x_wconf 89' lang='lat' dir='ltr'><strong>quocunque</strong></span> <span class='ocrx_word' id='word_1_37' title='bbox 616 703 698 766; x_wconf 85' lang='lat' dir='ltr'><strong>haec</strong></span> <span class='ocrx_word' id='word_1_38' title='bbox 720 704 793 766; x_wconf 90' lang='lat' dir='ltr'><strong>loco</strong></span> <span class='ocrx_word' id='word_1_39' title='bbox 821 702 1024 785; x_wconf 70' lang='lat' dir='ltr'>suppeditet,</span> <span class='ocrx_word' id='word_1_40' title='bbox 1055 704 1103 765; x_wconf 88' lang='lat' dir='ltr'><strong>ibi</strong></span> <span class='ocrx_word' id='word_1_41' title='bbox 1123 703 1218 765; x_wconf 86' lang='lat' dir='ltr'><strong>beate</strong></span> <span class='ocrx_word' id='word_1_42' title='bbox 1240 714 1368 786; x_wconf 79' lang='lat' dir='ltr'><strong>queant</strong></span> 
     </span>
    </p>
   </div>
   <div class='ocr_carea' id='block_1_3' title="bbox 117 870 1408 4268">
    <p class='ocr_par' dir='ltr' id='par_1_3' title="bbox 117 870 1408 4268">
     <span class='ocr_line' id='line_1_6' title="bbox 212 870 1367 942; baseline 0.005 -17"><span class='ocrx_word' id='word_1_43' title='bbox 212 888 280 926; x_wconf 89' lang='lat' dir='ltr'><strong>cum</strong></span> <span class='ocrx_word' id='word_1_44' title='bbox 297 872 434 942; x_wconf 88' lang='lat' dir='ltr'><strong>quinque,</strong></span> <span class='ocrx_word' id='word_1_45' title='bbox 453 878 487 923; x_wconf 90' lang='lat' dir='ltr'><strong>ut</strong></span> <span class='ocrx_word' id='word_1_46' title='bbox 503 871 629 936; x_wconf 84' lang='lat' dir='ltr'><strong>videtur,</strong></span> <span class='ocrx_word' id='word_1_47' title='bbox 648 874 719 926; x_wconf 78' lang='lat' dir='ltr'><strong>(ixx.</strong></span> <span class='ocrx_word' id='word_1_48' title='bbox 745 874 779 925; x_wconf 90' lang='lat' dir='ltr'><strong>ln</strong></span> <span class='ocrx_word' id='word_1_49' title='bbox 797 872 872 925; x_wconf 83' lang='lat' dir='ltr'><strong>Gud.</strong></span> <span class='ocrx_word' id='word_1_50' title='bbox 892 874 917 926; x_wconf 89' lang='grc'><strong>2.</strong></span> <span class='ocrx_word' id='word_1_51' title='bbox 938 880 994 924; x_wconf 84' lang='lat' dir='ltr'><strong>est:</strong></span> <span class='ocrx_word' id='word_1_52' title='bbox 1021 878 1053 923; x_wconf 79' lang='lat' dir='ltr'><strong>et</strong></span> <span class='ocrx_word' id='word_1_53' title='bbox 1070 870 1146 925; x_wconf 85' lang='lat' dir='ltr'><strong>euim</strong></span> <span class='ocrx_word' id='word_1_54' title='bbox 1163 875 1225 927; x_wconf 85' lang='lat' dir='ltr'><strong>siue</strong></span> <span class='ocrx_word' id='word_1_55' title='bbox 1243 872 1367 942; x_wconf 78' lang='lat' dir='ltr'><strong>ignomi-</strong></span> 
     </span>
     <span class='ocr_line' id='line_1_7' title="bbox 212 939 1366 1013; baseline 0.003 -17"><span class='ocrx_word' id='word_1_56' title='bbox 212 945 262 997; x_wconf 79' lang='lat' dir='ltr'><strong>nie</strong></span> <span class='ocrx_word' id='word_1_57' title='bbox 279 944 324 996; x_wconf 87' lang='lat' dir='ltr'><strong>ud</strong></span> <span class='ocrx_word' id='word_1_58' title='bbox 342 944 496 1010; x_wconf 68' lang='lat' dir='ltr'><strong>efficere</strong></span> <span class='ocrx_word' id='word_1_59' title='bbox 514 943 678 1010; x_wconf 71' lang='lat' dir='ltr'><strong><em>sapientem,</em></strong></span> <span class='ocrx_word' id='word_1_60' title='bbox 703 944 734 994; x_wconf 90' lang='lat' dir='ltr'><strong>in</strong></span> <span class='ocrx_word' id='word_1_61' title='bbox 752 939 841 996; x_wconf 83' lang='lat' dir='ltr'><strong>Rehd.</strong></span> <span class='ocrx_word' id='word_1_62' title='bbox 859 949 893 994; x_wconf 83' lang='lat' dir='ltr'><strong>ut</strong></span> <span class='ocrx_word' id='word_1_63' title='bbox 911 943 987 994; x_wconf 80' lang='lat' dir='ltr'><strong>euim</strong></span> <span class='ocrx_word' id='word_1_64' title='bbox 1004 942 1064 996; x_wconf 82' lang='lat' dir='ltr'><strong>siae</strong></span> <span class='ocrx_word' id='word_1_65' title='bbox 1088 943 1248 1010; x_wconf 81' lang='lat' dir='ltr'><strong>ignominia</strong></span> <span class='ocrx_word' id='word_1_66' title='bbox 1267 947 1366 1013; x_wconf 77' lang='lat' dir='ltr'><strong>adspi-</strong></span> 
     </span>
     <span class='ocr_line' id='line_1_8' title="bbox 211 1014 1366 1088; baseline 0.003 -21"><span class='ocrx_word' id='word_1_67' title='bbox 211 1023 276 1067; x_wconf 82' lang='lat' dir='ltr'><strong>cer&#39;e</strong></span> <span class='ocrx_word' id='word_1_68' title='bbox 293 1030 352 1082; x_wconf 86' lang='lat' dir='ltr'><strong>sup.</strong></span> <span class='ocrx_word' id='word_1_69' title='bbox 380 1014 471 1079; x_wconf 78' lang='lat' dir='ltr'><strong>Quam</strong></span> <span class='ocrx_word' id='word_1_70' title='bbox 488 1015 636 1088; x_wconf 77' lang='lat' dir='ltr'><strong>vulgatam</strong></span> <span class='ocrx_word' id='word_1_71' title='bbox 654 1014 754 1066; x_wconf 89' lang='lat' dir='ltr'><strong>dicunt</strong></span> <span class='ocrx_word' id='word_1_72' title='bbox 771 1017 877 1066; x_wconf 83' lang='lat' dir='ltr'><strong>ltlsnut.</strong></span> <span class='ocrx_word' id='word_1_73' title='bbox 898 1022 926 1064; x_wconf 87' lang='lat' dir='ltr'><strong>et</strong></span> <span class='ocrx_word' id='word_1_74' title='bbox 944 1015 1039 1066; x_wconf 81' lang='lat' dir='ltr'><strong>bamb.</strong></span> <span class='ocrx_word' id='word_1_75' title='bbox 1059 1014 1227 1080; x_wconf 85' lang='lat' dir='ltr'><strong>lectionem,</strong></span> <span class='ocrx_word' id='word_1_76' title='bbox 1247 1023 1277 1069; x_wconf 84' lang='lat' dir='ltr'><strong>ut</strong></span> <span class='ocrx_word' id='word_1_77' title='bbox 1289 1017 1366 1070; x_wconf 83' lang='lat' dir='ltr'><strong>enim</strong></span> 
     </span>
     <span class='ocr_line' id='line_1_9' title="bbox 213 1084 1363 1153; baseline 0.002 -14"><span class='ocrx_word' id='word_1_78' title='bbox 213 1101 275 1139; x_wconf 86' lang='lat' dir='ltr'><strong>non</strong></span> <span class='ocrx_word' id='word_1_79' title='bbox 301 1085 363 1138; x_wconf 81' lang='lat' dir='ltr'><strong>siue</strong></span> <span class='ocrx_word' id='word_1_80' title='bbox 385 1089 445 1151; x_wconf 83' lang='lat' dir='ltr'><strong>ign.</strong></span> <span class='ocrx_word' id='word_1_81' title='bbox 470 1086 517 1150; x_wconf 73' lang='lat' dir='ltr'><strong>aff.</strong></span> <span class='ocrx_word' id='word_1_82' title='bbox 540 1085 676 1153; x_wconf 79' lang='lat' dir='ltr'><strong>poterit</strong></span> <span class='ocrx_word' id='word_1_83' title='bbox 700 1101 760 1153; x_wconf 84' lang='lat' dir='ltr'><strong>sap.</strong></span> <span class='ocrx_word' id='word_1_84' title='bbox 784 1102 848 1136; x_wconf 85' lang='lat' dir='ltr'><strong>eam</strong></span> <span class='ocrx_word' id='word_1_85' title='bbox 871 1084 977 1148; x_wconf 82' lang='lat' dir='ltr'><strong>habent</strong></span> <span class='ocrx_word' id='word_1_86' title='bbox 1005 1102 1041 1138; x_wconf 84' lang='lat' dir='ltr'><strong>ex</strong></span> <span class='ocrx_word' id='word_1_87' title='bbox 1064 1086 1171 1137; x_wconf 85' lang='lat' dir='ltr'><strong>nostris</strong></span> <span class='ocrx_word' id='word_1_88' title='bbox 1195 1087 1269 1138; x_wconf 84' lang='lat' dir='ltr'><strong>Edd.</strong></span> <span class='ocrx_word' id='word_1_89' title='bbox 1289 1091 1363 1141; x_wconf 86' lang='lat' dir='ltr'><strong>Ven.</strong></span> 
     </span>
     <span class='ocr_line' id='line_1_10' title="bbox 213 1154 1364 1226; baseline 0.002 -18"><span class='ocrx_word' id='word_1_90' title='bbox 213 1165 305 1210; x_wconf 87' lang='lat' dir='ltr'><strong>nostr.</strong></span> <span class='ocrx_word' id='word_1_91' title='bbox 323 1156 386 1211; x_wconf 88' lang='lat' dir='ltr'><strong>Asc.</strong></span> <span class='ocrx_word' id='word_1_92' title='bbox 408 1159 432 1212; x_wconf 88' lang='lat'><strong>1.</strong></span> <span class='ocrx_word' id='word_1_93' title='bbox 452 1158 478 1210; x_wconf 86' lang='grc'><strong>2.</strong></span> <span class='ocrx_word' id='word_1_94' title='bbox 504 1155 585 1208; x_wconf 80' lang='lat' dir='ltr'><strong>lunt.</strong></span> <span class='ocrx_word' id='word_1_95' title='bbox 603 1157 701 1209; x_wconf 82' lang='lat' dir='ltr'><strong>llerw.</strong></span> <span class='ocrx_word' id='word_1_96' title='bbox 729 1161 754 1213; x_wconf 88' lang='lat' dir='ltr'><strong>l.</strong></span> <span class='ocrx_word' id='word_1_97' title='bbox 773 1158 799 1210; x_wconf 83' lang='grc'><strong>2.</strong></span> <span class='ocrx_word' id='word_1_98' title='bbox 825 1155 894 1211; x_wconf 79' lang='lat' dir='ltr'><strong>Rob.</strong></span> <span class='ocrx_word' id='word_1_99' title='bbox 917 1163 950 1207; x_wconf 85' lang='lat' dir='ltr'><strong>et</strong></span> <span class='ocrx_word' id='word_1_100' title='bbox 973 1155 1036 1207; x_wconf 81' lang='lat' dir='ltr'><strong>Gar.</strong></span> <span class='ocrx_word' id='word_1_101' title='bbox 1062 1154 1161 1226; x_wconf 84' lang='lat' dir='ltr'><strong>Steph.</strong></span> <span class='ocrx_word' id='word_1_102' title='bbox 1187 1157 1251 1210; x_wconf 86' lang='lat' dir='ltr'><strong>Ald.</strong></span> <span class='ocrx_word' id='word_1_103' title='bbox 1279 1159 1364 1212; x_wconf 84' lang='lat' dir='ltr'><strong>Brut.</strong></span> 
     </span>
     <span class='ocr_line' id='line_1_11' title="bbox 178 1226 1362 1301; baseline 0.002 -21"><span class='ocrx_word' id='word_1_104' title='bbox 178 1253 182 1258; x_wconf 95' lang='lat'>·</span> <span class='ocrx_word' id='word_1_105' title='bbox 210 1228 294 1280; x_wconf 79' lang='lat' dir='ltr'><strong>Boul.</strong></span> <span class='ocrx_word' id='word_1_106' title='bbox 312 1227 392 1298; x_wconf 83' lang='lat' dir='ltr'><strong>sylb.</strong></span> <span class='ocrx_word' id='word_1_107' title='bbox 412 1227 499 1280; x_wconf 79' lang='lat' dir='ltr'><strong>heod.</strong></span> <span class='ocrx_word' id='word_1_108' title='bbox 520 1226 731 1289; x_wconf 84' lang='lat' dir='ltr'><strong>(haeclllanutii</strong></span> <span class='ocrx_word' id='word_1_109' title='bbox 750 1227 946 1279; x_wconf 78' lang='lat' dir='ltr'><strong>coniecturam</strong></span> <span class='ocrx_word' id='word_1_110' title='bbox 965 1226 996 1276; x_wconf 91' lang='lat' dir='ltr'><strong>in</strong></span> <span class='ocrx_word' id='word_1_111' title='bbox 1013 1243 1104 1301; x_wconf 47' lang='lat' dir='ltr'><strong>inam.</strong></span> <span class='ocrx_word' id='word_1_112' title='bbox 1121 1227 1216 1292; x_wconf 89' lang='lat' dir='ltr'><strong>habet)</strong></span> <span class='ocrx_word' id='word_1_113' title='bbox 1236 1229 1362 1282; x_wconf 88' lang='lat' dir='ltr'><strong>HWolf.</strong></span> 
     </span>
     <span class='ocr_line' id='line_1_12' title="bbox 211 1297 1325 1367; baseline -0.001 -15"><span class='ocrx_word' id='word_1_114' title='bbox 211 1299 399 1367; x_wconf 83' lang='lat' dir='ltr'><strong>Reliquarum</strong></span> <span class='ocrx_word' id='word_1_115' title='bbox 415 1297 488 1352; x_wconf 77' lang='lat' dir='ltr'><strong>Edd.</strong></span> <span class='ocrx_word' id='word_1_116' title='bbox 508 1297 596 1350; x_wconf 85' lang='lat' dir='ltr'><strong>lectio</strong></span> <span class='ocrx_word' id='word_1_117' title='bbox 616 1314 652 1350; x_wconf 82' lang='lat' dir='ltr'><strong>ex</strong></span> <span class='ocrx_word' id='word_1_118' title='bbox 669 1305 765 1349; x_wconf 86' lang='lat' dir='ltr'><strong>annot.</strong></span> <span class='ocrx_word' id='word_1_119' title='bbox 784 1297 1015 1349; x_wconf 76' lang='lat' dir='ltr'><strong>antecedentibus</strong></span> <span class='ocrx_word' id='word_1_120' title='bbox 1033 1314 1067 1348; x_wconf 88' lang='lat' dir='ltr'><strong>co</strong></span> <span class='ocrx_word' id='word_1_121' title='bbox 1090 1299 1226 1351; x_wconf 84' lang='lat' dir='ltr'><strong>noscitur.</strong></span> <span class='ocrx_word' id='word_1_122' title='bbox 1263 1301 1325 1356; x_wconf 75' lang='lat' dir='ltr'><strong>Me.</strong></span> 
     </span>
     <span class='ocr_line' id='line_1_13' title="bbox 284 1364 1364 1439; baseline 0.002 -18"><span class='ocrx_word' id='word_1_123' title='bbox 284 1369 317 1421; x_wconf 88' lang='lat' dir='ltr'><strong>de</strong></span> <span class='ocrx_word' id='word_1_124' title='bbox 339 1367 462 1436; x_wconf 77' lang='lat' dir='ltr'><strong>sapiente</strong></span> <span class='ocrx_word' id='word_1_125' title='bbox 488 1370 563 1421; x_wconf 74' lang='lat' dir='ltr'><strong>euim</strong></span> <span class='ocrx_word' id='word_1_126' title='bbox 589 1364 655 1420; x_wconf 77' lang='lat' dir='ltr'><strong>iuer</strong></span> <span class='ocrx_word' id='word_1_127' title='bbox 678 1366 769 1420; x_wconf 77' lang='lat' dir='ltr'><strong>omnis</strong></span> <span class='ocrx_word' id='word_1_128' title='bbox 793 1367 889 1420; x_wconf 79' lang='lat' dir='ltr'><strong>oratio</strong></span> <span class='ocrx_word' id='word_1_129' title='bbox 912 1368 965 1435; x_wconf 87' lang='lat' dir='ltr'><strong>est]</strong></span> <span class='ocrx_word' id='word_1_130' title='bbox 1003 1369 1046 1420; x_wconf 83' lang='lat' dir='ltr'><strong>lta</strong></span> <span class='ocrx_word' id='word_1_131' title='bbox 1115 1370 1173 1434; x_wconf 80' lang='lat' dir='ltr'><strong>dd,</strong></span> <span class='ocrx_word' id='word_1_132' title='bbox 1202 1370 1259 1420; x_wconf 89' lang='lat' dir='ltr'><strong>nisi</strong></span> <span class='ocrx_word' id='word_1_133' title='bbox 1282 1370 1364 1439; x_wconf 88' lang='lat' dir='ltr'><strong>quod</strong></span> 
     </span>
     <span class='ocr_line' id='line_1_14' title="bbox 212 1437 1361 1503; baseline -0.001 -9"><span class='ocrx_word' id='word_1_134' title='bbox 212 1442 294 1494; x_wconf 72' lang='lat' dir='ltr'><strong>Moru</strong></span> <span class='ocrx_word' id='word_1_135' title='bbox 308 1443 333 1492; x_wconf 82' lang='lat' dir='ltr'><strong>l.</strong></span> <span class='ocrx_word' id='word_1_136' title='bbox 354 1446 383 1491; x_wconf 89' lang='lat' dir='ltr'><strong>et</strong></span> <span class='ocrx_word' id='word_1_137' title='bbox 403 1439 453 1491; x_wconf 84' lang='lat' dir='ltr'><strong>Ox.</strong></span> <span class='ocrx_word' id='word_1_138' title='bbox 473 1438 506 1489; x_wconf 92' lang='lat' dir='ltr'><strong>D.</strong></span> <span class='ocrx_word' id='word_1_139' title='bbox 532 1438 638 1491; x_wconf 81' lang='lat' dir='ltr'><strong>habent</strong></span> <span class='ocrx_word' id='word_1_140' title='bbox 661 1437 747 1503; x_wconf 81' lang='lat' dir='ltr'><strong>ratio,</strong></span> <span class='ocrx_word' id='word_1_141' title='bbox 774 1438 863 1491; x_wconf 89' lang='lat' dir='ltr'><strong>Rehd.</strong></span> <span class='ocrx_word' id='word_1_142' title='bbox 884 1439 996 1490; x_wconf 89' lang='lat' dir='ltr'><strong>omittit</strong></span> <span class='ocrx_word' id='word_1_143' title='bbox 1022 1445 1071 1491; x_wconf 90' lang='lat' dir='ltr'><strong>est.</strong></span> <span class='ocrx_word' id='word_1_144' title='bbox 1108 1439 1163 1493; x_wconf 83' lang='lat' dir='ltr'><strong>Sed</strong></span> <span class='ocrx_word' id='word_1_145' title='bbox 1189 1440 1261 1492; x_wconf 82' lang='lat' dir='ltr'><strong>Edd.</strong></span> <span class='ocrx_word' id='word_1_146' title='bbox 1286 1449 1361 1493; x_wconf 74' lang='lat' dir='ltr'><strong>vett.</strong></span> 
     </span>
     <span class='ocr_line' id='line_1_15' title="bbox 211 1507 1362 1579; baseline 0.001 -16"><span class='ocrx_word' id='word_1_147' title='bbox 211 1510 301 1563; x_wconf 83' lang='lat' dir='ltr'><strong>aliter</strong></span> <span class='ocrx_word' id='word_1_148' title='bbox 317 1509 460 1579; x_wconf 89' lang='lat' dir='ltr'><strong>scriptum</strong></span> <span class='ocrx_word' id='word_1_149' title='bbox 478 1508 622 1565; x_wconf 81' lang='lat' dir='ltr'><strong>exhibent.</strong></span> <span class='ocrx_word' id='word_1_150' title='bbox 659 1508 694 1560; x_wconf 91' lang='lat' dir='ltr'><strong>In</strong></span> <span class='ocrx_word' id='word_1_151' title='bbox 711 1512 740 1561; x_wconf 83' lang='grc' dir='ltr'><strong>Ρ.</strong></span> <span class='ocrx_word' id='word_1_152' title='bbox 760 1507 794 1561; x_wconf 83' lang='grc' dir='ltr'><strong>Α.</strong></span> <span class='ocrx_word' id='word_1_153' title='bbox 811 1511 845 1562; x_wconf 88' lang='grc' dir='ltr'><strong>Β.</strong></span> <span class='ocrx_word' id='word_1_154' title='bbox 867 1509 894 1562; x_wconf 85' lang='lat' dir='ltr'><strong>S.</strong></span> <span class='ocrx_word' id='word_1_155' title='bbox 912 1509 947 1560; x_wconf 80' lang='grc' dir='ltr'><strong>Ε.</strong></span> <span class='ocrx_word' id='word_1_156' title='bbox 975 1508 1005 1561; x_wconf 83' lang='lat'><strong>0.</strong></span> <span class='ocrx_word' id='word_1_157' title='bbox 1025 1510 1058 1563; x_wconf 82' lang='lat' dir='ltr'><strong>V.</strong></span> <span class='ocrx_word' id='word_1_158' title='bbox 1081 1511 1152 1562; x_wconf 86' lang='lat' dir='ltr'><strong>Ven.</strong></span> <span class='ocrx_word' id='word_1_159' title='bbox 1179 1520 1269 1562; x_wconf 80' lang='lat' dir='ltr'><strong>nostr.</strong></span> <span class='ocrx_word' id='word_1_160' title='bbox 1295 1512 1362 1564; x_wconf 83' lang='lat' dir='ltr'><strong>Asc.</strong></span> 
     </span>
     <span class='ocr_line' id='line_1_16' title="bbox 213 1579 1364 1649; baseline 0 -13"><span class='ocrx_word' id='word_1_161' title='bbox 213 1584 238 1636; x_wconf 91' lang='lat'><strong>1.</strong></span> <span class='ocrx_word' id='word_1_162' title='bbox 259 1583 284 1635; x_wconf 93' lang='grc'><strong>2.</strong></span> <span class='ocrx_word' id='word_1_163' title='bbox 303 1580 383 1632; x_wconf 77' lang='lat' dir='ltr'><strong>dunt.</strong></span> <span class='ocrx_word' id='word_1_164' title='bbox 404 1581 502 1642; x_wconf 80' lang='lat' dir='ltr'><strong>llerw.</strong></span> <span class='ocrx_word' id='word_1_165' title='bbox 522 1585 547 1634; x_wconf 92' lang='lat'><strong>1.</strong></span> <span class='ocrx_word' id='word_1_166' title='bbox 566 1583 594 1635; x_wconf 92' lang='grc'><strong>2.</strong></span> <span class='ocrx_word' id='word_1_167' title='bbox 613 1580 681 1636; x_wconf 81' lang='lat' dir='ltr'><strong>Rob.</strong></span> <span class='ocrx_word' id='word_1_168' title='bbox 703 1579 801 1649; x_wconf 79' lang='lat' dir='ltr'><strong>steph.</strong></span> <span class='ocrx_word' id='word_1_169' title='bbox 822 1579 945 1634; x_wconf 85' lang='lat' dir='ltr'><strong>llWolf.</strong></span> <span class='ocrx_word' id='word_1_170' title='bbox 963 1589 1022 1634; x_wconf 82' lang='lat' dir='ltr'><strong>est:</strong></span> <span class='ocrx_word' id='word_1_171' title='bbox 1042 1581 1076 1632; x_wconf 89' lang='lat' dir='ltr'><strong>de</strong></span> <span class='ocrx_word' id='word_1_172' title='bbox 1094 1582 1218 1649; x_wconf 74' lang='lat' dir='ltr'><strong>sapiente</strong></span> <span class='ocrx_word' id='word_1_173' title='bbox 1234 1588 1278 1634; x_wconf 86' lang='lat' dir='ltr'><strong>est</strong></span> <span class='ocrx_word' id='word_1_174' title='bbox 1296 1579 1364 1636; x_wconf 81' lang='lat' dir='ltr'><strong>iaec</strong></span> 
     </span>
     <span class='ocr_line' id='line_1_17' title="bbox 132 1649 1364 1720; baseline 0.001 -16"><span class='ocrx_word' id='word_1_175' title='bbox 132 1687 135 1692; x_wconf 28' lang='grc' dir='ltr'><strong><em>ι</em></strong></span> <span class='ocrx_word' id='word_1_176' title='bbox 211 1650 298 1706; x_wconf 82' lang='lat' dir='ltr'><strong>omnis</strong></span> <span class='ocrx_word' id='word_1_177' title='bbox 314 1650 418 1716; x_wconf 81' lang='lat' dir='ltr'><strong>oratio,</strong></span> <span class='ocrx_word' id='word_1_178' title='bbox 438 1651 469 1702; x_wconf 90' lang='lat' dir='ltr'><strong>in</strong></span> <span class='ocrx_word' id='word_1_179' title='bbox 485 1653 525 1703; x_wconf 79' lang='lat' dir='ltr'><strong>ru.</strong></span> <span class='ocrx_word' id='word_1_180' title='bbox 546 1653 577 1703; x_wconf 77' lang='lat' dir='ltr'><strong>h.</strong></span> <span class='ocrx_word' id='word_1_181' title='bbox 598 1659 627 1704; x_wconf 91' lang='lat' dir='ltr'><strong>et</strong></span> <span class='ocrx_word' id='word_1_182' title='bbox 645 1651 711 1703; x_wconf 86' lang='lat' dir='ltr'><strong>rell.</strong></span> <span class='ocrx_word' id='word_1_183' title='bbox 731 1659 797 1703; x_wconf 87' lang='lat' dir='ltr'><strong>ante</strong></span> <span class='ocrx_word' id='word_1_184' title='bbox 815 1650 906 1704; x_wconf 84' lang='lat' dir='ltr'><strong>Gebb.</strong></span> <span class='ocrx_word' id='word_1_185' title='bbox 935 1651 969 1702; x_wconf 89' lang='lat' dir='ltr'><strong>de</strong></span> <span class='ocrx_word' id='word_1_186' title='bbox 992 1651 1118 1720; x_wconf 73' lang='lat' dir='ltr'><strong>sapiente</strong></span> <span class='ocrx_word' id='word_1_187' title='bbox 1140 1654 1212 1706; x_wconf 75' lang='lat' dir='ltr'><strong>erim</strong></span> <span class='ocrx_word' id='word_1_188' title='bbox 1237 1657 1279 1705; x_wconf 88' lang='lat' dir='ltr'><strong>est</strong></span> <span class='ocrx_word' id='word_1_189' title='bbox 1296 1649 1364 1705; x_wconf 75' lang='lat' dir='ltr'><strong>baec</strong></span> 
     </span>
     <span class='ocr_line' id='line_1_18' title="bbox 210 1719 1364 1801; baseline 0 -25"><span class='ocrx_word' id='word_1_190' title='bbox 210 1723 301 1776; x_wconf 81' lang='lat' dir='ltr'><strong>omnis</strong></span> <span class='ocrx_word' id='word_1_191' title='bbox 317 1720 420 1775; x_wconf 82' lang='lat' dir='ltr'><strong>oratio.</strong></span> <span class='ocrx_word' id='word_1_192' title='bbox 456 1722 556 1796; x_wconf 81' lang='lat' dir='ltr'><strong>Pergit</strong></span> <span class='ocrx_word' id='word_1_193' title='bbox 573 1740 646 1773; x_wconf 90' lang='lat' dir='ltr'><strong>nnus</strong></span> <span class='ocrx_word' id='word_1_194' title='bbox 665 1724 715 1783; x_wconf 83' lang='lat' dir='ltr'><strong>Ox.</strong></span> <span class='ocrx_word' id='word_1_195' title='bbox 735 1724 782 1775; x_wconf 81' lang='lat' dir='ltr'><strong>cui</strong></span> <span class='ocrx_word' id='word_1_196' title='bbox 798 1723 834 1776; x_wconf 80' lang='lat' dir='ltr'><strong>iu</strong></span> <span class='ocrx_word' id='word_1_197' title='bbox 852 1727 882 1774; x_wconf 90' lang='lat' dir='ltr'><strong>te</strong></span> <span class='ocrx_word' id='word_1_198' title='bbox 898 1719 942 1772; x_wconf 81' lang='lat' dir='ltr'><strong>e&#39;d.</strong></span> <span class='ocrx_word' id='word_1_199' title='bbox 963 1721 1039 1773; x_wconf 72' lang='lat' dir='ltr'><strong>tum</strong></span> <span class='ocrx_word' id='word_1_200' title='bbox 1056 1721 1126 1801; x_wconf 75' lang='lat' dir='ltr'><strong>Reg.</strong></span> <span class='ocrx_word' id='word_1_201' title='bbox 1147 1731 1176 1775; x_wconf 91' lang='lat' dir='ltr'><strong>et</strong></span> <span class='ocrx_word' id='word_1_202' title='bbox 1194 1722 1267 1776; x_wconf 84' lang='lat' dir='ltr'><strong>Gud.</strong></span> <span class='ocrx_word' id='word_1_203' title='bbox 1288 1724 1364 1776; x_wconf 85' lang='lat' dir='ltr'><strong>ucci-</strong></span> 
     </span>
     <span class='ocr_line' id='line_1_19' title="bbox 208 1792 1360 1862; baseline 0 -16"><span class='ocrx_word' id='word_1_204' title='bbox 208 1808 300 1860; x_wconf 88' lang='lat' dir='ltr'><strong>pere.</strong></span> <span class='ocrx_word' id='word_1_205' title='bbox 319 1793 403 1845; x_wconf 83' lang='lat' dir='ltr'><strong>Vind.</strong></span> <span class='ocrx_word' id='word_1_206' title='bbox 424 1797 448 1846; x_wconf 90' lang='lat'><strong>1.</strong></span> <span class='ocrx_word' id='word_1_207' title='bbox 468 1809 522 1844; x_wconf 78' lang='lat' dir='ltr'><strong>nou</strong></span> <span class='ocrx_word' id='word_1_208' title='bbox 538 1799 665 1859; x_wconf 83' lang='lat' dir='ltr'><strong>petest:</strong></span> <span class='ocrx_word' id='word_1_209' title='bbox 686 1792 762 1861; x_wconf 90' lang='lat' dir='ltr'><strong>quod</strong></span> <span class='ocrx_word' id='word_1_210' title='bbox 781 1802 824 1844; x_wconf 87' lang='lat' dir='ltr'><strong>est</strong></span> <span class='ocrx_word' id='word_1_211' title='bbox 841 1793 1037 1845; x_wconf 77' lang='lat' dir='ltr'><strong>correctoris·</strong></span> <span class='ocrx_word' id='word_1_212' title='bbox 1056 1794 1092 1845; x_wconf 88' lang='lat' dir='ltr'><strong>ln</strong></span> <span class='ocrx_word' id='word_1_213' title='bbox 1110 1795 1189 1862; x_wconf 75' lang='lat' dir='ltr'><strong>seqq.</strong></span> <span class='ocrx_word' id='word_1_214' title='bbox 1215 1809 1289 1844; x_wconf 83' lang='lat' dir='ltr'><strong>nnus</strong></span> <span class='ocrx_word' id='word_1_215' title='bbox 1308 1795 1360 1846; x_wconf 76' lang='lat' dir='ltr'><strong>Ox.</strong></span> 
     </span>
     <span class='ocr_line' id='line_1_20' title="bbox 210 1861 1362 1930; baseline 0 -13"><span class='ocrx_word' id='word_1_216' title='bbox 210 1863 272 1917; x_wconf 81' lang='lat' dir='ltr'><strong>iure</strong></span> <span class='ocrx_word' id='word_1_217' title='bbox 288 1864 462 1917; x_wconf 83' lang='lat' dir='ltr'><strong>solantem</strong></span> <span class='ocrx_word' id='word_1_218' title='bbox 481 1864 626 1917; x_wconf 79' lang='lat' dir='ltr'><strong>consolari.</strong></span> <span class='ocrx_word' id='word_1_219' title='bbox 646 1865 711 1916; x_wconf 86' lang='lat' dir='ltr'><strong>Mox</strong></span> <span class='ocrx_word' id='word_1_220' title='bbox 726 1862 819 1916; x_wconf 84' lang='lat' dir='ltr'><strong>Rehd.</strong></span> <span class='ocrx_word' id='word_1_221' title='bbox 844 1861 930 1915; x_wconf 90' lang='lat' dir='ltr'><strong>Vind.</strong></span> <span class='ocrx_word' id='word_1_222' title='bbox 952 1867 977 1916; x_wconf 89' lang='lat'><strong>1.</strong></span> <span class='ocrx_word' id='word_1_223' title='bbox 997 1871 1027 1915; x_wconf 91' lang='lat' dir='ltr'><strong>et</strong></span> <span class='ocrx_word' id='word_1_224' title='bbox 1050 1880 1123 1915; x_wconf 89' lang='lat' dir='ltr'><strong>unus</strong></span> <span class='ocrx_word' id='word_1_225' title='bbox 1143 1865 1192 1917; x_wconf 83' lang='lat' dir='ltr'><strong>Ox.</strong></span> <span class='ocrx_word' id='word_1_226' title='bbox 1221 1863 1362 1930; x_wconf 66' lang='lat' dir='ltr'><strong>facillima</strong></span> 
     </span>
     <span class='ocr_line' id='line_1_21' title="bbox 117 1933 1362 2019; baseline -0.001 -30"><span class='ocrx_word' id='word_1_227' title='bbox 117 1956 121 1962; x_wconf 93' lang='lat'>·</span> <span class='ocrx_word' id='word_1_228' title='bbox 165 1996 168 2003; x_wconf 26' lang='lat'><strong>⁴</strong></span> <span class='ocrx_word' id='word_1_229' title='bbox 210 1934 326 1989; x_wconf 81' lang='lat' dir='ltr'><strong>oratio</strong></span> <span class='ocrx_word' id='word_1_230' title='bbox 344 1940 386 1987; x_wconf 86' lang='lat' dir='ltr'><strong>est</strong></span> <span class='ocrx_word' id='word_1_231' title='bbox 403 1933 463 1998; x_wconf 87' lang='lat' dir='ltr'><strong>(sed</strong></span> <span class='ocrx_word' id='word_1_232' title='bbox 479 1935 563 1985; x_wconf 84' lang='lat' dir='ltr'><strong>Vind.</strong></span> <span class='ocrx_word' id='word_1_233' title='bbox 583 1940 611 1986; x_wconf 90' lang='lat' dir='ltr'><strong>et</strong></span> <span class='ocrx_word' id='word_1_234' title='bbox 630 1951 682 2003; x_wconf 88' lang='lat' dir='ltr'><strong>pro</strong></span> <span class='ocrx_word' id='word_1_235' title='bbox 702 1935 769 1998; x_wconf 57' lang='grc' dir='ltr'><strong>εει).</strong></span> <span class='ocrx_word' id='word_1_236' title='bbox 789 1935 821 1985; x_wconf 89' lang='lat' dir='ltr'><strong>in</strong></span> <span class='ocrx_word' id='word_1_237' title='bbox 840 1949 896 2001; x_wconf 88' lang='lat' dir='ltr'><strong>quo</strong></span> <span class='ocrx_word' id='word_1_238' title='bbox 915 1933 1061 2019; x_wconf 73' lang='lat' dir='ltr'><strong>cognoscis</strong></span> <span class='ocrx_word' id='word_1_239' title='bbox 1079 1951 1197 1987; x_wconf 81' lang='lat' dir='ltr'><strong>manum</strong></span> <span class='ocrx_word' id='word_1_240' title='bbox 1215 1943 1362 1988; x_wconf 85' lang='lat' dir='ltr'><strong>correcto·</strong></span> 
     </span>
     <span class='ocr_line' id='line_1_22' title="bbox 152 2003 1361 2073; baseline 0 -15"><span class='ocrx_word' id='word_1_241' title='bbox 152 2032 155 2036; x_wconf 93' lang='lat'>·</span> <span class='ocrx_word' id='word_1_242' title='bbox 209 2005 260 2058; x_wconf 86' lang='lat' dir='ltr'><strong>ris.</strong></span> <span class='ocrx_word' id='word_1_243' title='bbox 279 2005 374 2060; x_wconf 80' lang='lat' dir='ltr'><strong>Wolf.</strong></span> <span class='ocrx_word' id='word_1_244' title='bbox 393 2005 425 2056; x_wconf 90' lang='lat' dir='ltr'><strong>in</strong></span> <span class='ocrx_word' id='word_1_245' title='bbox 441 2003 547 2056; x_wconf 84' lang='lat' dir='ltr'><strong>scholis</strong></span> <span class='ocrx_word' id='word_1_246' title='bbox 571 2004 649 2058; x_wconf 79' lang='lat' dir='ltr'><strong>ratio</strong></span> <span class='ocrx_word' id='word_1_247' title='bbox 675 2005 803 2073; x_wconf 85' lang='lat' dir='ltr'><strong>explicat</strong></span> <span class='ocrx_word' id='word_1_248' title='bbox 825 2007 1134 2061; x_wconf 65' lang='lat' dir='ltr'><strong>conuictumue.</strong></span> <span class='ocrx_word' id='word_1_249' title='bbox 1161 2004 1247 2057; x_wconf 86' lang='lat' dir='ltr'><strong>habet</strong></span> <span class='ocrx_word' id='word_1_250' title='bbox 1264 2021 1361 2058; x_wconf 79' lang='lat' dir='ltr'><strong>eorum</strong></span> 
     </span>
     <span class='ocr_line' id='line_1_23' title="bbox 210 2075 1359 2145; baseline 0 -17"><span class='ocrx_word' id='word_1_251' title='bbox 210 2082 262 2129; x_wconf 88' lang='lat' dir='ltr'><strong>est.</strong></span> <span class='ocrx_word' id='word_1_252' title='bbox 280 2075 356 2128; x_wconf 81' lang='lat' dir='ltr'><strong>Gud.</strong></span> <span class='ocrx_word' id='word_1_253' title='bbox 375 2076 487 2128; x_wconf 88' lang='lat' dir='ltr'><strong>omittit</strong></span> <span class='ocrx_word' id='word_1_254' title='bbox 505 2092 609 2128; x_wconf 83' lang='lat' dir='ltr'><strong>eorum.</strong></span> <span class='ocrx_word' id='word_1_255' title='bbox 628 2076 705 2128; x_wconf 86' lang='lat' dir='ltr'><strong>Tum</strong></span> <span class='ocrx_word' id='word_1_256' title='bbox 714 2075 810 2127; x_wconf 88' lang='lat' dir='ltr'><strong>Duisb.</strong></span> <span class='ocrx_word' id='word_1_257' title='bbox 831 2091 903 2128; x_wconf 80' lang='lat' dir='ltr'><strong>eam</strong></span> <span class='ocrx_word' id='word_1_258' title='bbox 921 2078 1053 2143; x_wconf 71' lang='lat' dir='ltr'><strong>referunt,</strong></span> <span class='ocrx_word' id='word_1_259' title='bbox 1073 2093 1158 2145; x_wconf 87' lang='lat' dir='ltr'><strong>supra</strong></span> <span class='ocrx_word' id='word_1_260' title='bbox 1173 2075 1278 2129; x_wconf 73' lang='lat' dir='ltr'><strong>lineo.</strong></span> <span class='ocrx_word' id='word_1_261' title='bbox 1297 2077 1359 2130; x_wconf 84' lang='lat' dir='ltr'><strong>Mr.</strong></span> 
     </span>
     <span class='ocr_line' id='line_1_24' title="bbox 277 2144 1362 2215; baseline -0.001 -16"><span class='ocrx_word' id='word_1_262' title='bbox 277 2162 350 2215; x_wconf 78' lang='lat' dir='ltr'><strong>quus</strong></span> <span class='ocrx_word' id='word_1_263' title='bbox 377 2151 528 2215; x_wconf 68' lang='lat' dir='ltr'><strong>nquuatur</strong></span> <span class='ocrx_word' id='word_1_264' title='bbox 554 2145 584 2197; x_wconf 78' lang='lat' dir='ltr'><strong>iu</strong></span> <span class='ocrx_word' id='word_1_265' title='bbox 609 2146 678 2212; x_wconf 83' lang='lat' dir='ltr'><strong>uita]</strong></span> <span class='ocrx_word' id='word_1_266' title='bbox 715 2147 817 2208; x_wconf 80' lang='lat' dir='ltr'><strong>„Quae</strong></span> <span class='ocrx_word' id='word_1_267' title='bbox 835 2155 878 2198; x_wconf 91' lang='lat' dir='ltr'><strong>est</strong></span> <span class='ocrx_word' id='word_1_268' title='bbox 900 2144 1118 2198; x_wconf 79' lang='lat' dir='ltr'><strong>Accusativus.“</strong></span> <span class='ocrx_word' id='word_1_269' title='bbox 1135 2145 1244 2200; x_wconf 81' lang='lat' dir='ltr'><strong>Nissen.</strong></span> <span class='ocrx_word' id='word_1_270' title='bbox 1283 2147 1362 2213; x_wconf 82' lang='lat' dir='ltr'><strong>„Se-</strong></span> 
     </span>
     <span class='ocr_line' id='line_1_25' title="bbox 211 2213 1358 2292; baseline 0.002 -23"><span class='ocrx_word' id='word_1_271' title='bbox 211 2222 329 2285; x_wconf 79' lang='lat' dir='ltr'><strong>quuntur</strong></span> <span class='ocrx_word' id='word_1_272' title='bbox 354 2225 396 2269; x_wconf 90' lang='lat' dir='ltr'><strong>est</strong></span> <span class='ocrx_word' id='word_1_273' title='bbox 423 2217 442 2267; x_wconf 92' lang='lat' dir='ltr'><strong>i.</strong></span> <span class='ocrx_word' id='word_1_274' title='bbox 461 2235 491 2286; x_wconf 90' lang='lat' dir='ltr'><strong>q.</strong></span> <span class='ocrx_word' id='word_1_275' title='bbox 517 2216 682 2268; x_wconf 81' lang='lat' dir='ltr'><strong>accidunt.“</strong></span> <span class='ocrx_word' id='word_1_276' title='bbox 707 2215 801 2270; x_wconf 75' lang='lat' dir='ltr'><strong>deu.</strong></span> <span class='ocrx_word' id='word_1_277' title='bbox 837 2217 877 2268; x_wconf 83' lang='lat' dir='ltr'><strong>Et</strong></span> <span class='ocrx_word' id='word_1_278' title='bbox 899 2213 957 2268; x_wconf 81' lang='lat' dir='ltr'><strong>boc</strong></span> <span class='ocrx_word' id='word_1_279' title='bbox 979 2216 1105 2287; x_wconf 56' lang='lat' dir='ltr'><strong>&gt;quidem</strong></span> <span class='ocrx_word' id='word_1_280' title='bbox 1131 2218 1223 2292; x_wconf 78' lang='lat' dir='ltr'><strong>magis</strong></span> <span class='ocrx_word' id='word_1_281' title='bbox 1247 2217 1358 2287; x_wconf 80' lang='lat' dir='ltr'><strong>placet:</strong></span> 
     </span>
     <span class='ocr_line' id='line_1_26' title="bbox 210 2287 1361 2363; baseline 0.003 -24"><span class='ocrx_word' id='word_1_282' title='bbox 210 2302 384 2358; x_wconf 85' lang='lat' dir='ltr'><strong>quamquam</strong></span> <span class='ocrx_word' id='word_1_283' title='bbox 402 2303 483 2339; x_wconf 87' lang='lat' dir='ltr'><strong>rarus</strong></span> <span class='ocrx_word' id='word_1_284' title='bbox 500 2287 653 2340; x_wconf 77' lang='lat' dir='ltr'><strong>admodum</strong></span> <span class='ocrx_word' id='word_1_285' title='bbox 672 2293 715 2339; x_wconf 88' lang='lat' dir='ltr'><strong>est</strong></span> <span class='ocrx_word' id='word_1_286' title='bbox 731 2287 782 2340; x_wconf 90' lang='lat' dir='ltr'><strong>hic</strong></span> <span class='ocrx_word' id='word_1_287' title='bbox 799 2304 876 2353; x_wconf 86' lang='lat' dir='ltr'><strong>usus,</strong></span> <span class='ocrx_word' id='word_1_288' title='bbox 898 2304 993 2358; x_wconf 85' lang='lat' dir='ltr'><strong>neque</strong></span> <span class='ocrx_word' id='word_1_289' title='bbox 1020 2302 1074 2363; x_wconf 78' lang='lat' dir='ltr'><strong>ego</strong></span> <span class='ocrx_word' id='word_1_290' title='bbox 1095 2288 1174 2357; x_wconf 85' lang='lat' dir='ltr'><strong>apud</strong></span> <span class='ocrx_word' id='word_1_291' title='bbox 1191 2288 1361 2342; x_wconf 79' lang='lat' dir='ltr'><strong>Ciceronem</strong></span> 
     </span>
     <span class='ocr_line' id='line_1_27' title="bbox 209 2357 1362 2433; baseline 0.002 -23"><span class='ocrx_word' id='word_1_292' title='bbox 209 2357 308 2411; x_wconf 84' lang='lat' dir='ltr'><strong>locum</strong></span> <span class='ocrx_word' id='word_1_293' title='bbox 325 2359 409 2428; x_wconf 88' lang='lat' dir='ltr'><strong>plane</strong></span> <span class='ocrx_word' id='word_1_294' title='bbox 435 2358 561 2410; x_wconf 82' lang='lat' dir='ltr'><strong>similem</strong></span> <span class='ocrx_word' id='word_1_295' title='bbox 588 2357 713 2426; x_wconf 87' lang='lat' dir='ltr'><strong>reperiri</strong></span> <span class='ocrx_word' id='word_1_296' title='bbox 745 2358 889 2412; x_wconf 84' lang='lat' dir='ltr'><strong>existimo.</strong></span> <span class='ocrx_word' id='word_1_297' title='bbox 930 2358 1092 2411; x_wconf 75' lang='lat' dir='ltr'><strong>Eveniendi</strong></span> <span class='ocrx_word' id='word_1_298' title='bbox 1116 2359 1362 2433; x_wconf 61' lang='lat' dir='ltr'><strong>contingentique</strong></span> 
     </span>
     <span class='ocr_line' id='line_1_28' title="bbox 210 2427 1408 2502; baseline 0.002 -22"><span class='ocrx_word' id='word_1_299' title='bbox 210 2428 422 2502; x_wconf 80' lang='lat' dir='ltr'><strong>significatione</strong></span> <span class='ocrx_word' id='word_1_300' title='bbox 440 2436 485 2479; x_wconf 85' lang='lat' dir='ltr'><strong>est</strong></span> <span class='ocrx_word' id='word_1_301' title='bbox 504 2428 579 2496; x_wconf 89' lang='lat' dir='ltr'><strong>apud</strong></span> <span class='ocrx_word' id='word_1_302' title='bbox 594 2427 745 2480; x_wconf 80' lang='lat' dir='ltr'><strong>Gaesarem</strong></span> <span class='ocrx_word' id='word_1_303' title='bbox 763 2429 799 2498; x_wconf 82' lang='lat' dir='ltr'><strong>de</strong></span> <span class='ocrx_word' id='word_1_304' title='bbox 816 2429 847 2484; x_wconf 79' lang='grc' dir='ltr'><strong>Β.</strong></span> <span class='ocrx_word' id='word_1_305' title='bbox 868 2429 904 2482; x_wconf 88' lang='lat' dir='ltr'><strong>G.</strong></span> <span class='ocrx_word' id='word_1_306' title='bbox 921 2428 961 2480; x_wconf 82' lang='lat' dir='ltr'><strong>n.</strong></span> <span class='ocrx_word' id='word_1_307' title='bbox 981 2430 1024 2483; x_wconf 85' lang='grc'><strong>22.</strong></span> <span class='ocrx_word' id='word_1_308' title='bbox 1045 2437 1119 2486; x_wconf 84' lang='lat' dir='ltr'><strong>extr.</strong></span> <span class='ocrx_word' id='word_1_309' title='bbox 1157 2431 1216 2483; x_wconf 84' lang='lat' dir='ltr'><strong>Mr.</strong></span> <span class='ocrx_word' id='word_1_310' title='bbox 1404 2484 1408 2488; x_wconf 76' lang='grc'><strong>,</strong></span> 
     </span>
     <span class='ocr_line' id='line_1_29' title="bbox 280 2497 1361 2570; baseline 0.002 -20"><span class='ocrx_word' id='word_1_311' title='bbox 280 2503 321 2563; x_wconf 87' lang='lat' dir='ltr'><strong>ut,</strong></span> <span class='ocrx_word' id='word_1_312' title='bbox 342 2513 496 2566; x_wconf 79' lang='lat' dir='ltr'><strong>quocunque</strong></span> <span class='ocrx_word' id='word_1_313' title='bbox 513 2497 580 2550; x_wconf 80' lang='lat' dir='ltr'><strong>baec</strong></span> <span class='ocrx_word' id='word_1_314' title='bbox 598 2500 657 2551; x_wconf 85' lang='lat' dir='ltr'><strong>Ioco</strong></span> <span class='ocrx_word' id='word_1_315' title='bbox 676 2499 871 2566; x_wconf 70' lang='lat' dir='ltr'><strong>suppeditent]</strong></span> <span class='ocrx_word' id='word_1_316' title='bbox 890 2499 1001 2552; x_wconf 88' lang='lat' dir='ltr'><strong>Idcum</strong></span> <span class='ocrx_word' id='word_1_317' title='bbox 1012 2508 1055 2551; x_wconf 85' lang='lat' dir='ltr'><strong>est</strong></span> <span class='ocrx_word' id='word_1_318' title='bbox 1073 2499 1107 2551; x_wconf 90' lang='lat' dir='ltr'><strong>ad</strong></span> <span class='ocrx_word' id='word_1_319' title='bbox 1125 2516 1239 2551; x_wconf 86' lang='lat' dir='ltr'><strong>sensum</strong></span> <span class='ocrx_word' id='word_1_320' title='bbox 1251 2509 1361 2570; x_wconf 86' lang='lat' dir='ltr'><strong>aptum,</strong></span> 
     </span>
     <span class='ocr_line' id='line_1_30' title="bbox 210 2569 1361 2638; baseline 0.003 -18"><span class='ocrx_word' id='word_1_321' title='bbox 210 2576 274 2620; x_wconf 87' lang='lat' dir='ltr'><strong>tum</strong></span> <span class='ocrx_word' id='word_1_322' title='bbox 291 2569 386 2620; x_wconf 82' lang='lat' dir='ltr'><strong>forma</strong></span> <span class='ocrx_word' id='word_1_323' title='bbox 403 2585 461 2619; x_wconf 86' lang='lat' dir='ltr'><strong>non</strong></span> <span class='ocrx_word' id='word_1_324' title='bbox 479 2569 614 2630; x_wconf 87' lang='lat' dir='ltr'><strong>alienum.</strong></span> <span class='ocrx_word' id='word_1_325' title='bbox 645 2570 750 2621; x_wconf 83' lang='lat' dir='ltr'><strong>Veneti</strong></span> <span class='ocrx_word' id='word_1_326' title='bbox 768 2578 828 2621; x_wconf 85' lang='lat' dir='ltr'><strong>tam</strong></span> <span class='ocrx_word' id='word_1_327' title='bbox 851 2569 1043 2638; x_wconf 70' lang='lat' dir='ltr'><strong>suppeditetur</strong></span> <span class='ocrx_word' id='word_1_328' title='bbox 1060 2569 1198 2621; x_wconf 85' lang='lat' dir='ltr'><strong>habent.“</strong></span> <span class='ocrx_word' id='word_1_329' title='bbox 1219 2571 1361 2624; x_wconf 73' lang='lat' dir='ltr'><strong>Gamerae.</strong></span> 
     </span>
     <span class='ocr_line' id='line_1_31' title="bbox 209 2636 1361 2708; baseline 0.002 -19"><span class='ocrx_word' id='word_1_330' title='bbox 209 2636 279 2690; x_wconf 81' lang='lat' dir='ltr'><strong>Dar.</strong></span> <span class='ocrx_word' id='word_1_331' title='bbox 298 2655 365 2690; x_wconf 86' lang='lat' dir='ltr'><strong>cum</strong></span> <span class='ocrx_word' id='word_1_332' title='bbox 383 2638 414 2688; x_wconf 87' lang='lat' dir='ltr'><strong>in</strong></span> <span class='ocrx_word' id='word_1_333' title='bbox 432 2637 483 2690; x_wconf 82' lang='lat' dir='ltr'><strong>Ed.</strong></span> <span class='ocrx_word' id='word_1_334' title='bbox 505 2641 530 2693; x_wconf 92' lang='grc'><strong>2.</strong></span> <span class='ocrx_word' id='word_1_335' title='bbox 550 2638 661 2691; x_wconf 82' lang='lat' dir='ltr'><strong>dederit</strong></span> <span class='ocrx_word' id='word_1_336' title='bbox 679 2640 844 2708; x_wconf 83' lang='lat' dir='ltr'><strong>suppeditet,</strong></span> <span class='ocrx_word' id='word_1_337' title='bbox 864 2641 896 2691; x_wconf 92' lang='lat' dir='ltr'><strong>in</strong></span> <span class='ocrx_word' id='word_1_338' title='bbox 913 2639 966 2690; x_wconf 71' lang='lat' dir='ltr'><strong>Ed.</strong></span> <span class='ocrx_word' id='word_1_339' title='bbox 987 2641 1012 2692; x_wconf 83' lang='lat'><strong>3.</strong></span> <span class='ocrx_word' id='word_1_340' title='bbox 1032 2639 1240 2690; x_wconf 86' lang='lat' dir='ltr'><strong>adlectionem</strong></span> <span class='ocrx_word' id='word_1_341' title='bbox 1258 2641 1361 2705; x_wconf 86' lang='lat' dir='ltr'><strong>rediit,</strong></span> 
     </span>
     <span class='ocr_line' id='line_1_32' title="bbox 155 2707 1359 2780; baseline 0.001 -21"><span class='ocrx_word' id='word_1_342' title='bbox 155 2767 156 2771; x_wconf 10' lang='grc' dir='ltr'><strong>Ἰ</strong></span> <span class='ocrx_word' id='word_1_343' title='bbox 181 2723 184 2728; x_wconf 87' lang='grc'>’</span> <span class='ocrx_word' id='word_1_344' title='bbox 210 2725 282 2778; x_wconf 86' lang='lat' dir='ltr'><strong>quae</strong></span> <span class='ocrx_word' id='word_1_345' title='bbox 302 2717 343 2760; x_wconf 81' lang='lat' dir='ltr'><strong>est</strong></span> <span class='ocrx_word' id='word_1_346' title='bbox 361 2708 392 2758; x_wconf 89' lang='lat' dir='ltr'><strong>in</strong></span> <span class='ocrx_word' id='word_1_347' title='bbox 409 2708 482 2764; x_wconf 83' lang='lat' dir='ltr'><strong>Edd.</strong></span> <span class='ocrx_word' id='word_1_348' title='bbox 500 2710 534 2760; x_wconf 86' lang='lat' dir='ltr'><strong>V.</strong></span> <span class='ocrx_word' id='word_1_349' title='bbox 553 2709 622 2762; x_wconf 85' lang='lat' dir='ltr'><strong>Rob.</strong></span> <span class='ocrx_word' id='word_1_350' title='bbox 643 2708 741 2780; x_wconf 86' lang='lat' dir='ltr'><strong>Steph.</strong></span> <span class='ocrx_word' id='word_1_351' title='bbox 768 2710 859 2763; x_wconf 81' lang='lat' dir='ltr'><strong>Gebh.</strong></span> <span class='ocrx_word' id='word_1_352' title='bbox 877 2709 962 2760; x_wconf 86' lang='lat' dir='ltr'><strong>Verb.</strong></span> <span class='ocrx_word' id='word_1_353' title='bbox 982 2709 1072 2760; x_wconf 83' lang='lat' dir='ltr'><strong>Gron.</strong></span> <span class='ocrx_word' id='word_1_354' title='bbox 1098 2707 1247 2759; x_wconf 84' lang='lat' dir='ltr'><strong>Nimirum</strong></span> <span class='ocrx_word' id='word_1_355' title='bbox 1267 2709 1359 2765; x_wconf 90' lang='lat' dir='ltr'><strong>Gebh.</strong></span> 
     </span>
     <span class='ocr_line' id='line_1_33' title="bbox 209 2778 1359 2848; baseline 0 -17"><span class='ocrx_word' id='word_1_356' title='bbox 209 2792 239 2833; x_wconf 81' lang='lat' dir='ltr'><strong>ss</strong></span> <span class='ocrx_word' id='word_1_357' title='bbox 261 2779 446 2847; x_wconf 72' lang='lat' dir='ltr'><strong>suppeditetur</strong></span> <span class='ocrx_word' id='word_1_358' title='bbox 470 2778 511 2830; x_wconf 87' lang='lat' dir='ltr'><strong>ait</strong></span> <span class='ocrx_word' id='word_1_359' title='bbox 534 2780 675 2848; x_wconf 81' lang='lat' dir='ltr'><strong>recepisse</strong></span> <span class='ocrx_word' id='word_1_360' title='bbox 702 2799 737 2834; x_wconf 83' lang='lat' dir='ltr'><strong>ex</strong></span> <span class='ocrx_word' id='word_1_361' title='bbox 754 2781 830 2833; x_wconf 85' lang='lat' dir='ltr'><strong>Vict.</strong></span> <span class='ocrx_word' id='word_1_362' title='bbox 849 2779 902 2831; x_wconf 81' lang='lat' dir='ltr'><strong>Ed.</strong></span> <span class='ocrx_word' id='word_1_363' title='bbox 921 2778 1007 2828; x_wconf 81' lang='lat' dir='ltr'><strong>Palat.</strong></span> <span class='ocrx_word' id='word_1_364' title='bbox 1037 2785 1129 2846; x_wconf 84' lang='lat' dir='ltr'><strong>quart.</strong></span> <span class='ocrx_word' id='word_1_365' title='bbox 1154 2779 1245 2829; x_wconf 85' lang='lat' dir='ltr'><strong>Vatic.</strong></span> <span class='ocrx_word' id='word_1_366' title='bbox 1272 2779 1359 2836; x_wconf 79' lang='lat' dir='ltr'><strong>Febr.</strong></span> 
     </span>
     <span class='ocr_line' id='line_1_34' title="bbox 209 2847 1361 2925; baseline -0.002 -22"><span class='ocrx_word' id='word_1_367' title='bbox 209 2851 382 2925; x_wconf 73' lang='lat' dir='ltr'><strong>cumuulgo</strong></span> <span class='ocrx_word' id='word_1_368' title='bbox 399 2851 439 2902; x_wconf 86' lang='lat' dir='ltr'><strong>sit</strong></span> <span class='ocrx_word' id='word_1_369' title='bbox 458 2849 638 2917; x_wconf 82' lang='lat' dir='ltr'><strong>suppeditent.</strong></span> <span class='ocrx_word' id='word_1_370' title='bbox 671 2850 763 2904; x_wconf 86' lang='lat' dir='ltr'><strong>Bouh.</strong></span> <span class='ocrx_word' id='word_1_371' title='bbox 782 2858 877 2903; x_wconf 87' lang='lat' dir='ltr'><strong>autem</strong></span> <span class='ocrx_word' id='word_1_372' title='bbox 899 2847 1016 2899; x_wconf 82' lang='lat' dir='ltr'><strong>volebat</strong></span> <span class='ocrx_word' id='word_1_373' title='bbox 1042 2847 1204 2917; x_wconf 78' lang='lat' dir='ltr'><strong>suppeditet,</strong></span> <span class='ocrx_word' id='word_1_374' title='bbox 1236 2866 1302 2900; x_wconf 91' lang='lat' dir='ltr'><strong>cum</strong></span> <span class='ocrx_word' id='word_1_375' title='bbox 1321 2850 1361 2901; x_wconf 88' lang='lat' dir='ltr'><strong>sit</strong></span> 
     </span>
     <span class='ocr_line' id='line_1_35' title="bbox 208 2918 1357 2996; baseline -0.002 -22"><span class='ocrx_word' id='word_1_376' title='bbox 208 2920 385 2989; x_wconf 80' lang='lat' dir='ltr'><strong>suppeditent</strong></span> <span class='ocrx_word' id='word_1_377' title='bbox 403 2921 435 2971; x_wconf 88' lang='lat' dir='ltr'><strong>in</strong></span> <span class='ocrx_word' id='word_1_378' title='bbox 446 2920 514 2974; x_wconf 71' lang='lat' dir='ltr'><strong>(iod.</strong></span> <span class='ocrx_word' id='word_1_379' title='bbox 528 2921 596 2996; x_wconf 79' lang='lat' dir='ltr'><strong>Reg.</strong></span> <span class='ocrx_word' id='word_1_380' title='bbox 617 2921 722 2989; x_wconf 83' lang='lat' dir='ltr'><strong>duebus</strong></span> <span class='ocrx_word' id='word_1_381' title='bbox 740 2921 837 2975; x_wconf 80' lang='lat' dir='ltr'><strong>Leidd.</strong></span> <span class='ocrx_word' id='word_1_382' title='bbox 855 2918 909 2971; x_wconf 78' lang='lat' dir='ltr'><strong>Ed.</strong></span> <span class='ocrx_word' id='word_1_383' title='bbox 928 2934 978 2970; x_wconf 87' lang='lat' dir='ltr'><strong>sua</strong></span> <span class='ocrx_word' id='word_1_384' title='bbox 994 2927 1053 2971; x_wconf 82' lang='lat' dir='ltr'><strong>vet.</strong></span> <span class='ocrx_word' id='word_1_385' title='bbox 1074 2927 1104 2971; x_wconf 89' lang='lat' dir='ltr'><strong>et</strong></span> <span class='ocrx_word' id='word_1_386' title='bbox 1120 2919 1267 2988; x_wconf 89' lang='lat' dir='ltr'><strong>plerisque</strong></span> <span class='ocrx_word' id='word_1_387' title='bbox 1282 2920 1357 2972; x_wconf 82' lang='lat' dir='ltr'><strong>aliis.</strong></span> 
     </span>
     <span class='ocr_line' id='line_1_36' title="bbox 208 2989 1357 3062; baseline -0.002 -17"><span class='ocrx_word' id='word_1_388' title='bbox 208 2991 418 3060; x_wconf 82' lang='lat' dir='ltr'><strong>„Suppeditare</strong></span> <span class='ocrx_word' id='word_1_389' title='bbox 437 2992 477 3044; x_wconf 85' lang='lat' dir='ltr'><strong>ait</strong></span> <span class='ocrx_word' id='word_1_390' title='bbox 496 3009 553 3044; x_wconf 89' lang='lat' dir='ltr'><strong>esse</strong></span> <span class='ocrx_word' id='word_1_391' title='bbox 572 2992 647 3062; x_wconf 85' lang='lat' dir='ltr'><strong>apud</strong></span> <span class='ocrx_word' id='word_1_392' title='bbox 664 2991 787 3062; x_wconf 86' lang='lat' dir='ltr'><strong>optimos</strong></span> <span class='ocrx_word' id='word_1_393' title='bbox 804 2989 960 3059; x_wconf 87' lang='lat' dir='ltr'><strong>scriptores</strong></span> <span class='ocrx_word' id='word_1_394' title='bbox 986 2989 1095 3058; x_wconf 86' lang='lat' dir='ltr'><strong>saepius</strong></span> <span class='ocrx_word' id='word_1_395' title='bbox 1114 2990 1133 3039; x_wconf 89' lang='lat' dir='ltr'><strong>i.</strong></span> <span class='ocrx_word' id='word_1_396' title='bbox 1155 3007 1182 3058; x_wconf 88' lang='lat' dir='ltr'><strong>q.</strong></span> <span class='ocrx_word' id='word_1_397' title='bbox 1203 2996 1357 3056; x_wconf 82' lang='lat' dir='ltr'><strong>suppetere.</strong></span> 
     </span>
     <span class='ocr_line' id='line_1_37' title="bbox 207 3058 1357 3136; baseline 0.003 -24"><span class='ocrx_word' id='word_1_398' title='bbox 207 3062 297 3115; x_wconf 78' lang='lat' dir='ltr'><strong>Possis</strong></span> <span class='ocrx_word' id='word_1_399' title='bbox 316 3063 403 3114; x_wconf 84' lang='lat' dir='ltr'><strong>etiam</strong></span> <span class='ocrx_word' id='word_1_400' title='bbox 419 3062 532 3136; x_wconf 79' lang='lat' dir='ltr'><strong>legere:</strong></span> <span class='ocrx_word' id='word_1_401' title='bbox 551 3077 710 3132; x_wconf 63' lang='lat' dir='ltr'><strong>quesumus</strong></span> <span class='ocrx_word' id='word_1_402' title='bbox 727 3060 793 3116; x_wconf 74' lang='lat' dir='ltr'><strong>iaec</strong></span> <span class='ocrx_word' id='word_1_403' title='bbox 812 3065 872 3115; x_wconf 85' lang='lat' dir='ltr'><strong>loeo</strong></span> <span class='ocrx_word' id='word_1_404' title='bbox 889 3058 1070 3129; x_wconf 82' lang='lat' dir='ltr'><strong>suppeditent.</strong></span> <span class='ocrx_word' id='word_1_405' title='bbox 1091 3059 1151 3112; x_wconf 84' lang='lat' dir='ltr'><strong>Cic.</strong></span> <span class='ocrx_word' id='word_1_406' title='bbox 1171 3058 1230 3113; x_wconf 82' lang='lat' dir='ltr'><strong>Cat.</strong></span> <span class='ocrx_word' id='word_1_407' title='bbox 1251 3061 1288 3111; x_wconf 88' lang='grc' dir='ltr'><strong>ΙΙ.</strong></span> <span class='ocrx_word' id='word_1_408' title='bbox 1309 3065 1357 3116; x_wconf 89' lang='lat' dir='ltr'><strong>ll:</strong></span> 
     </span>
     <span class='ocr_line' id='line_1_38' title="bbox 209 3131 826 3202; baseline 0 -17"><span class='ocrx_word' id='word_1_409' title='bbox 209 3132 306 3200; x_wconf 82' lang='lat' dir='ltr'><strong>quibus</strong></span> <span class='ocrx_word' id='word_1_410' title='bbox 326 3132 408 3184; x_wconf 81' lang='lat' dir='ltr'><strong>rebus</strong></span> <span class='ocrx_word' id='word_1_411' title='bbox 426 3145 477 3185; x_wconf 83' lang='lat' dir='ltr'><strong>uos</strong></span> <span class='ocrx_word' id='word_1_412' title='bbox 495 3131 731 3202; x_wconf 79' lang='lat' dir='ltr'><strong>suppeditaiuus.“</strong></span> <span class='ocrx_word' id='word_1_413' title='bbox 766 3133 826 3186; x_wconf 87' lang='lat' dir='ltr'><strong>Mr.</strong></span> 
     </span>
     <span class='ocr_line' id='line_1_39' title="bbox 280 3197 1360 3277; baseline 0 -23"><span class='ocrx_word' id='word_1_414' title='bbox 280 3218 434 3273; x_wconf 77' lang='lat' dir='ltr'><strong>quaeresque</strong></span> <span class='ocrx_word' id='word_1_415' title='bbox 452 3201 518 3257; x_wconf 78' lang='lat' dir='ltr'><strong>brec</strong></span> <span class='ocrx_word' id='word_1_416' title='bbox 536 3205 595 3257; x_wconf 87' lang='lat' dir='ltr'><strong>loco</strong></span> <span class='ocrx_word' id='word_1_417' title='bbox 613 3201 883 3273; x_wconf 83' lang='lat' dir='ltr'><strong>suppeditetur]</strong></span> <span class='ocrx_word' id='word_1_418' title='bbox 919 3202 1041 3277; x_wconf 83' lang='lat' dir='ltr'><strong>„Vulgo</strong></span> <span class='ocrx_word' id='word_1_419' title='bbox 1061 3208 1103 3254; x_wconf 90' lang='lat' dir='ltr'><strong>est</strong></span> <span class='ocrx_word' id='word_1_420' title='bbox 1129 3197 1179 3252; x_wconf 74' lang='lat' dir='ltr'><strong>ior</strong></span> <span class='ocrx_word' id='word_1_421' title='bbox 1201 3197 1258 3264; x_wconf 83' lang='lat' dir='ltr'><strong>[Its</strong></span> <span class='ocrx_word' id='word_1_422' title='bbox 1275 3202 1360 3254; x_wconf 79' lang='lat' dir='ltr'><strong>nulla</strong></span> 
     </span>
     <span class='ocr_line' id='line_1_40' title="bbox 208 3271 1361 3345; baseline 0 -20"><span class='ocrx_word' id='word_1_423' title='bbox 208 3274 293 3345; x_wconf 80' lang='lat' dir='ltr'><strong>plane</strong></span> <span class='ocrx_word' id='word_1_424' title='bbox 309 3272 396 3328; x_wconf 85' lang='lat' dir='ltr'><strong>habet</strong></span> <span class='ocrx_word' id='word_1_425' title='bbox 412 3274 467 3326; x_wconf 82' lang='lat' dir='ltr'><strong>Ed.</strong></span> <span class='ocrx_word' id='word_1_426' title='bbox 496 3276 553 3327; x_wconf 86' lang='lat' dir='ltr'><strong>nisi</strong></span> <span class='ocrx_word' id='word_1_427' title='bbox 576 3276 653 3328; x_wconf 84' lang='lat' dir='ltr'><strong>forte</strong></span> <span class='ocrx_word' id='word_1_428' title='bbox 676 3288 831 3344; x_wconf 86' lang='lat' dir='ltr'><strong>operarum</strong></span> <span class='ocrx_word' id='word_1_429' title='bbox 856 3288 955 3324; x_wconf 85' lang='lat' dir='ltr'><strong>errore</strong></span> <span class='ocrx_word' id='word_1_430' title='bbox 979 3273 1009 3323; x_wconf 87' lang='lat' dir='ltr'><strong>in</strong></span> <span class='ocrx_word' id='word_1_431' title='bbox 1026 3271 1079 3326; x_wconf 82' lang='lat' dir='ltr'><strong>Ed.</strong></span> <span class='ocrx_word' id='word_1_432' title='bbox 1105 3271 1190 3323; x_wconf 82' lang='lat' dir='ltr'><strong>Gmt.</strong></span> <span class='ocrx_word' id='word_1_433' title='bbox 1216 3271 1361 3325; x_wconf 88' lang='lat' dir='ltr'><strong>Hambur-</strong></span> 
     </span>
     <span class='ocr_line' id='line_1_41' title="bbox 208 3340 1360 3421; baseline -0.003 -24"><span class='ocrx_word' id='word_1_434' title='bbox 208 3344 299 3421; x_wconf 82' lang='lat' dir='ltr'><strong>gensi‚</strong></span> <span class='ocrx_word' id='word_1_435' title='bbox 325 3361 398 3414; x_wconf 85' lang='lat' dir='ltr'><strong>quae</strong></span> <span class='ocrx_word' id='word_1_436' title='bbox 416 3363 493 3399; x_wconf 88' lang='lat' dir='ltr'><strong>nunc</strong></span> <span class='ocrx_word' id='word_1_437' title='bbox 510 3346 545 3398; x_wconf 79' lang='lat' dir='ltr'><strong>ad</strong></span> <span class='ocrx_word' id='word_1_438' title='bbox 563 3362 680 3397; x_wconf 81' lang='lat' dir='ltr'><strong>manum</strong></span> <span class='ocrx_word' id='word_1_439' title='bbox 701 3360 759 3396; x_wconf 86' lang='lat' dir='ltr'><strong>non</strong></span> <span class='ocrx_word' id='word_1_440' title='bbox 777 3352 830 3408; x_wconf 89' lang='lat' dir='ltr'><strong>est,</strong></span> <span class='ocrx_word' id='word_1_441' title='bbox 849 3343 890 3394; x_wconf 87' lang='lat' dir='ltr'><strong>ita</strong></span> <span class='ocrx_word' id='word_1_442' title='bbox 907 3342 1058 3394; x_wconf 82' lang='lat' dir='ltr'><strong>scribitur:</strong></span> <span class='ocrx_word' id='word_1_443' title='bbox 1086 3340 1119 3392; x_wconf 89' lang='lat' dir='ltr'><strong>in</strong></span> <span class='ocrx_word' id='word_1_444' title='bbox 1143 3355 1201 3390; x_wconf 89' lang='lat' dir='ltr'><strong>uno</strong></span> <span class='ocrx_word' id='word_1_445' title='bbox 1220 3340 1270 3393; x_wconf 84' lang='lat' dir='ltr'><strong>Ox.</strong></span> <span class='ocrx_word' id='word_1_446' title='bbox 1290 3359 1360 3411; x_wconf 88' lang='lat' dir='ltr'><strong>per-</strong></span> 
     </span>
     <span class='ocr_line' id='line_1_42' title="bbox 173 3410 1359 3495; baseline -0.002 -27"><span class='ocrx_word' id='word_1_447' title='bbox 173 3484 175 3487; x_wconf 15' lang='lat'>.</span> <span class='ocrx_word' id='word_1_448' title='bbox 229 3433 307 3482; x_wconf 81' lang='lat' dir='ltr'><strong>eram</strong></span> <span class='ocrx_word' id='word_1_449' title='bbox 324 3423 369 3470; x_wconf 90' lang='lat' dir='ltr'><strong>est</strong></span> <span class='ocrx_word' id='word_1_450' title='bbox 392 3431 583 3486; x_wconf 79' lang='lat' dir='ltr'><strong>quaecuuque</strong></span> <span class='ocrx_word' id='word_1_451' title='bbox 601 3412 691 3480; x_wconf 77' lang='lat' dir='ltr'><strong>lch.</strong></span> <span class='ocrx_word' id='word_1_452' title='bbox 728 3416 825 3468; x_wconf 86' lang='lat' dir='ltr'><strong>Potest</strong></span> <span class='ocrx_word' id='word_1_453' title='bbox 854 3412 999 3495; x_wconf 73' lang='lat' dir='ltr'><strong>intelligi:</strong></span> <span class='ocrx_word' id='word_1_454' title='bbox 1031 3410 1092 3462; x_wconf 85' lang='lat' dir='ltr'><strong>frui</strong></span> <span class='ocrx_word' id='word_1_455' title='bbox 1117 3411 1279 3480; x_wconf 81' lang='lat' dir='ltr'><strong>voluptate:</strong></span> <span class='ocrx_word' id='word_1_456' title='bbox 1308 3414 1359 3466; x_wconf 86' lang='lat' dir='ltr'><strong>sed</strong></span> 
     </span>
     <span class='ocr_line' id='line_1_43' title="bbox 207 3435 1356 3559; baseline -0.006 -18"><span class='ocrx_word' id='word_1_457' title='bbox 207 3435 278 3541; x_wconf 56' lang='lat' dir='ltr'><strong>boo.</strong></span> <span class='ocrx_word' id='word_1_458' title='bbox 304 3495 374 3540; x_wconf 83' lang='lat' dir='ltr'><strong>vett.</strong></span> <span class='ocrx_word' id='word_1_459' title='bbox 403 3486 541 3559; x_wconf 82' lang='lat' dir='ltr'><strong>quaedam</strong></span> <span class='ocrx_word' id='word_1_460' title='bbox 562 3486 669 3539; x_wconf 77' lang='lat' dir='ltr'><strong>liabent</strong></span> <span class='ocrx_word' id='word_1_461' title='bbox 692 3482 760 3537; x_wconf 76' lang='lat' dir='ltr'><strong>duee</strong></span> <span class='ocrx_word' id='word_1_462' title='bbox 783 3484 836 3551; x_wconf 72' lang='lat' dir='ltr'><strong>sita</strong></span> <span class='ocrx_word' id='word_1_463' title='bbox 858 3483 975 3553; x_wconf 83' lang='lat' dir='ltr'><strong>scripsit</strong></span> <span class='ocrx_word' id='word_1_464' title='bbox 992 3482 1064 3533; x_wconf 81' lang='lat' dir='ltr'><strong>Em.</strong></span> <span class='ocrx_word' id='word_1_465' title='bbox 1087 3487 1123 3531; x_wconf 87' lang='lat' dir='ltr'><strong>ut</strong></span> <span class='ocrx_word' id='word_1_466' title='bbox 1144 3481 1236 3535; x_wconf 89' lang='lat' dir='ltr'><strong>labori</strong></span> <span class='ocrx_word' id='word_1_467' title='bbox 1263 3482 1356 3552; x_wconf 89' lang='lat' dir='ltr'><strong>inspi-</strong></span> 
     </span>
     <span class='ocr_line' id='line_1_44' title="bbox 208 3551 1354 3629; baseline -0.005 -18"><span class='ocrx_word' id='word_1_468' title='bbox 208 3558 385 3624; x_wconf 85' lang='lat' dir='ltr'><strong>ciendarum,</strong></span> <span class='ocrx_word' id='word_1_469' title='bbox 411 3576 480 3628; x_wconf 88' lang='lat' dir='ltr'><strong>quas</strong></span> <span class='ocrx_word' id='word_1_470' title='bbox 503 3557 643 3629; x_wconf 87' lang='lat' dir='ltr'><strong>plurimas</strong></span> <span class='ocrx_word' id='word_1_471' title='bbox 669 3554 798 3619; x_wconf 76' lang='lat' dir='ltr'><strong>habebut,</strong></span> <span class='ocrx_word' id='word_1_472' title='bbox 821 3553 983 3606; x_wconf 86' lang='lat' dir='ltr'><strong>editionum</strong></span> <span class='ocrx_word' id='word_1_473' title='bbox 1005 3552 1213 3622; x_wconf 85' lang='lat' dir='ltr'><strong>supersederet.</strong></span> <span class='ocrx_word' id='word_1_474' title='bbox 1249 3551 1304 3604; x_wconf 85' lang='lat' dir='ltr'><strong>Eas</strong></span> <span class='ocrx_word' id='word_1_475' title='bbox 1328 3556 1354 3605; x_wconf 90' lang='lat' dir='ltr'><strong>si</strong></span> 
     </span>
     <span class='ocr_line' id='line_1_45' title="bbox 206 3621 1352 3759; baseline -0.003 -79"><span class='ocrx_word' id='word_1_476' title='bbox 206 3628 387 3752; x_wconf 50' lang='lat' dir='ltr'><strong>{nspquippeq</strong></span> <span class='ocrx_word' id='word_1_477' title='bbox 404 3630 531 3714; x_wconf 35' lang='lat' dir='ltr'><strong>&#39;vidisset</strong></span> <span class='ocrx_word' id='word_1_478' title='bbox 555 3623 705 3750; x_wconf 54' lang='lat' dir='ltr'><strong>sapppqec</strong></span> <span class='ocrx_word' id='word_1_479' title='bbox 723 3621 1028 3759; x_wconf 47' lang='lat' dir='ltr'><strong>msedpptopmpiprp</strong></span> <span class='ocrx_word' id='word_1_480' title='bbox 1045 3623 1264 3745; x_wconf 39' lang='lat' dir='ltr'><strong>”tteffqfffidffff</strong></span> <span class='ocrx_word' id='word_1_481' title='bbox 1282 3625 1352 3746; x_wconf 55' lang='lat' dir='ltr'><strong>pler.</strong></span> 
     </span>
     <span class='ocr_line' id='line_1_46' title="bbox 290 3710 1354 3752; baseline -0.001 -5"><span class='ocrx_word' id='word_1_482' title='bbox 290 3739 297 3752; x_wconf 84' lang='grc'><strong>.</strong></span> <span class='ocrx_word' id='word_1_483' title='bbox 620 3714 660 3747; x_wconf 83' lang='grc' dir='ltr'>Η</span> <span class='ocrx_word' id='word_1_484' title='bbox 696 3710 730 3746; x_wconf 66' lang='lat' dir='ltr'><strong>Sti</strong></span> <span class='ocrx_word' id='word_1_485' title='bbox 768 3711 782 3746; x_wconf 77' lang='lat' dir='ltr'><em>C</em></span> <span class='ocrx_word' id='word_1_486' title='bbox 883 3712 914 3744; x_wconf 81' lang='lat' dir='ltr'><strong>m</strong></span> <span class='ocrx_word' id='word_1_487' title='bbox 1054 3712 1075 3743; x_wconf 89' lang='lat' dir='ltr'><strong>u</strong></span> <span class='ocrx_word' id='word_1_488' title='bbox 1135 3713 1185 3744; x_wconf 73' lang='lat'><strong>111.</strong></span> <span class='ocrx_word' id='word_1_489' title='bbox 1248 3711 1354 3746; x_wconf 49' lang='lat' dir='ltr'><strong>etlam</strong></span> 
     </span>
     <span class='ocr_line' id='line_1_47' title="bbox 206 3708 1353 3838; baseline -0.005 -14"><span class='ocrx_word' id='word_1_490' title='bbox 206 3710 279 3829; x_wconf 51' lang='lat' dir='ltr'><strong>Romu</strong></span> <span class='ocrx_word' id='word_1_491' title='bbox 302 3717 450 3827; x_wconf 60' lang='lat' dir='ltr'><strong>neupppsmusl</strong></span> <span class='ocrx_word' id='word_1_492' title='bbox 470 3708 589 3838; x_wconf 44' lang='lat' dir='ltr'><strong>{biduom</strong></span> <span class='ocrx_word' id='word_1_493' title='bbox 613 3712 768 3835; x_wconf 46' lang='lat' dir='ltr'><strong>inpuid}</strong></span> <span class='ocrx_word' id='word_1_494' title='bbox 787 3781 845 3816; x_wconf 88' lang='lat' dir='ltr'><strong>non</strong></span> <span class='ocrx_word' id='word_1_495' title='bbox 869 3765 953 3818; x_wconf 84' lang='lat' dir='ltr'><strong>male.</strong></span> <span class='ocrx_word' id='word_1_496' title='bbox 991 3766 1065 3816; x_wconf 84' lang='lat' dir='ltr'><strong>Nam</strong></span> <span class='ocrx_word' id='word_1_497' title='bbox 1084 3764 1142 3817; x_wconf 85' lang='lat' dir='ltr'><strong>Cic.</strong></span> <span class='ocrx_word' id='word_1_498' title='bbox 1167 3764 1294 3818; x_wconf 87' lang='lat' dir='ltr'><strong>libenter</strong></span> <span class='ocrx_word' id='word_1_499' title='bbox 1310 3765 1353 3818; x_wconf 89' lang='lat' dir='ltr'><strong>sic</strong></span> 
     </span>
     <span class='ocr_line' id='line_1_48' title="bbox 207 3834 1353 3909; baseline -0.008 -13"><span class='ocrx_word' id='word_1_500' title='bbox 207 3843 287 3909; x_wconf 85' lang='lat' dir='ltr'><strong>dicit,</strong></span> <span class='ocrx_word' id='word_1_501' title='bbox 315 3842 395 3896; x_wconf 89' lang='lat' dir='ltr'><strong>etin</strong></span> <span class='ocrx_word' id='word_1_502' title='bbox 411 3839 489 3894; x_wconf 77' lang='lat' dir='ltr'><strong>MSS.</strong></span> <span class='ocrx_word' id='word_1_503' title='bbox 511 3846 662 3907; x_wconf 83' lang='lat' dir='ltr'><strong>repertum</strong></span> <span class='ocrx_word' id='word_1_504' title='bbox 684 3844 741 3890; x_wconf 80' lang='lat' dir='ltr'><strong>est:</strong></span> <span class='ocrx_word' id='word_1_505' title='bbox 775 3835 861 3888; x_wconf 82' lang='lat' dir='ltr'><strong>etiam</strong></span> <span class='ocrx_word' id='word_1_506' title='bbox 879 3836 951 3890; x_wconf 78' lang='lat' dir='ltr'><strong>Eld.</strong></span> <span class='ocrx_word' id='word_1_507' title='bbox 975 3843 1046 3887; x_wconf 84' lang='lat' dir='ltr'><strong>vett.</strong></span> <span class='ocrx_word' id='word_1_508' title='bbox 1067 3836 1205 3904; x_wconf 74' lang='lat' dir='ltr'><strong>quaedam</strong></span> <span class='ocrx_word' id='word_1_509' title='bbox 1235 3834 1353 3900; x_wconf 76' lang='lat' dir='ltr'><strong>[liabent</strong></span> 
     </span>
     <span class='ocr_line' id='line_1_49' title="bbox 206 3905 1354 3983; baseline -0.003 -22"><span class='ocrx_word' id='word_1_510' title='bbox 206 3928 306 3968; x_wconf 65' lang='lat' dir='ltr'><strong>omnen</strong></span> <span class='ocrx_word' id='word_1_511' title='bbox 325 3918 444 3983; x_wconf 68' lang='lat' dir='ltr'><strong>excepta</strong></span> <span class='ocrx_word' id='word_1_512' title='bbox 460 3912 495 3963; x_wconf 83' lang='lat' dir='ltr'><strong>V.</strong></span> <span class='ocrx_word' id='word_1_513' title='bbox 513 3916 553 3972; x_wconf 87' lang='lat' dir='ltr'><strong>et,</strong></span> <span class='ocrx_word' id='word_1_514' title='bbox 573 3923 645 3976; x_wconf 82' lang='lat' dir='ltr'><strong>quse</strong></span> <span class='ocrx_word' id='word_1_515' title='bbox 664 3906 696 3957; x_wconf 80' lang='lat' dir='ltr'><strong>ab</strong></span> <span class='ocrx_word' id='word_1_516' title='bbox 715 3923 748 3958; x_wconf 78' lang='lat' dir='ltr'><strong>es</strong></span> <span class='ocrx_word' id='word_1_517' title='bbox 764 3906 880 3975; x_wconf 85' lang='lat' dir='ltr'><strong>pendet,</strong></span> <span class='ocrx_word' id='word_1_518' title='bbox 898 3906 967 3960; x_wconf 81' lang='lat' dir='ltr'><strong>Itob.</strong></span> <span class='ocrx_word' id='word_1_519' title='bbox 987 3905 1099 3976; x_wconf 69' lang='lat' dir='ltr'><strong>steph]</strong></span> <span class='ocrx_word' id='word_1_520' title='bbox 1124 3907 1230 3959; x_wconf 83' lang='lat' dir='ltr'><strong>habent</strong></span> <span class='ocrx_word' id='word_1_521' title='bbox 1255 3921 1354 3975; x_wconf 79' lang='lat' dir='ltr'><strong>suppo·</strong></span> 
     </span>
     <span class='ocr_line' id='line_1_50' title="bbox 206 3976 1337 4060; baseline -0.007 -25"><span class='ocrx_word' id='word_1_522' title='bbox 206 3983 305 4040; x_wconf 76' lang='lat' dir='ltr'><strong>ditent.</strong></span> <span class='ocrx_word' id='word_1_523' title='bbox 323 3985 422 4052; x_wconf 72' lang='lat' dir='ltr'><strong>tuqus</strong></span> <span class='ocrx_word' id='word_1_524' title='bbox 439 3976 596 4050; x_wconf 83' lang='lat' dir='ltr'><strong>praetuli.“</strong></span> <span class='ocrx_word' id='word_1_525' title='bbox 632 3977 698 4029; x_wconf 77' lang='lat' dir='ltr'><strong>Em</strong></span> <span class='ocrx_word' id='word_1_526' title='bbox 754 4045 760 4057; x_wconf 92' lang='lat'><strong>.</strong></span> <span class='ocrx_word' id='word_1_527' title='bbox 1277 4047 1284 4059; x_wconf 93' lang='lat'><strong>.</strong></span> <span class='ocrx_word' id='word_1_528' title='bbox 1330 4047 1337 4060; x_wconf 44' lang='lat'><strong>·</strong></span> 
     </span>
     <span class='ocr_line' id='line_1_51' title="bbox 204 4045 1354 4187; baseline -0.01 -8"><span class='ocrx_word' id='word_1_529' title='bbox 204 4045 844 4180; x_wconf 69' lang='lat' dir='ltr'><strong>...strutusttuutttt</strong></span> <span class='ocrx_word' id='word_1_530' title='bbox 865 4047 961 4187; x_wconf 62' lang='lat' dir='ltr'><strong>lid?</strong></span> <span class='ocrx_word' id='word_1_531' title='bbox 976 4053 1138 4172; x_wconf 68' lang='lat' dir='ltr'><strong>stul.</strong></span> <span class='ocrx_word' id='word_1_532' title='bbox 1153 4047 1354 4181; x_wconf 65' lang='lat' dir='ltr'><strong>tetrus</strong></span> 
     </span>
     <span class='ocr_line' id='line_1_52' title="bbox 205 4186 1355 4268; baseline -0.002 -24"><span class='ocrx_word' id='word_1_533' title='bbox 205 4210 265 4249; x_wconf 82' lang='lat' dir='ltr'><strong>nun</strong></span> <span class='ocrx_word' id='word_1_534' title='bbox 282 4198 471 4268; x_wconf 73' lang='lat' dir='ltr'><strong>agnoscerent</strong></span> <span class='ocrx_word' id='word_1_535' title='bbox 487 4191 611 4255; x_wconf 84' lang='lat' dir='ltr'><strong>librarii,</strong></span> <span class='ocrx_word' id='word_1_536' title='bbox 629 4188 763 4258; x_wconf 84' lang='lat' dir='ltr'><strong>antiquus</strong></span> <span class='ocrx_word' id='word_1_537' title='bbox 782 4197 824 4240; x_wconf 84' lang='lat' dir='ltr'><strong>est</strong></span> <span class='ocrx_word' id='word_1_538' title='bbox 843 4205 927 4242; x_wconf 89' lang='lat' dir='ltr'><strong>error</strong></span> <span class='ocrx_word' id='word_1_539' title='bbox 944 4199 1038 4256; x_wconf 84' lang='lat' dir='ltr'><strong>natus,</strong></span> <span class='ocrx_word' id='word_1_540' title='bbox 1056 4207 1110 4260; x_wconf 87' lang='lat' dir='ltr'><strong>per</strong></span> <span class='ocrx_word' id='word_1_541' title='bbox 1127 4186 1250 4256; x_wconf 82' lang='lat' dir='ltr'><strong>optimos</strong></span> <span class='ocrx_word' id='word_1_542' title='bbox 1268 4186 1355 4242; x_wconf 83' lang='lat' dir='ltr'><strong>Gedi-</strong></span> 
     </span>
    </p>
   </div>
   <div class='ocr_carea' id='block_1_4' title="bbox 203 4259 1354 4408">
    <p class='ocr_par' dir='ltr' id='par_1_4' title="bbox 203 4259 1354 4408">
     <span class='ocr_line' id='line_1_53' title="bbox 204 4259 1354 4386; baseline -0.008 -66"><span class='ocrx_word' id='word_1_543' title='bbox 204 4278 251 4320; x_wconf 78' lang='lat' dir='ltr'><strong>ots</strong></span> <span class='ocrx_word' id='word_1_544' title='bbox 267 4269 449 4386; x_wconf 62' lang='lat' dir='ltr'><strong>perpurgatus,</strong></span> <span class='ocrx_word' id='word_1_545' title='bbox 468 4270 502 4314; x_wconf 90' lang='lat' dir='ltr'><strong>ut</strong></span> <span class='ocrx_word' id='word_1_546' title='bbox 520 4261 719 4316; x_wconf 83' lang='lat' dir='ltr'><strong>existimarent</strong></span> <span class='ocrx_word' id='word_1_547' title='bbox 734 4259 824 4312; x_wconf 88' lang='lat' dir='ltr'><strong>scribi</strong></span> <span class='ocrx_word' id='word_1_548' title='bbox 842 4260 944 4314; x_wconf 89' lang='lat' dir='ltr'><strong>debere</strong></span> <span class='ocrx_word' id='word_1_549' title='bbox 961 4261 1155 4330; x_wconf 80' lang='lat' dir='ltr'><strong>suppeditetur</strong></span> <span class='ocrx_word' id='word_1_550' title='bbox 1163 4275 1203 4310; x_wconf 78' lang='lat' dir='ltr'><strong>sc.</strong></span> <span class='ocrx_word' id='word_1_551' title='bbox 1219 4259 1354 4328; x_wconf 79' lang='lat' dir='ltr'><strong>voluptas</strong></span> 
     </span>
     <span class='ocr_line' id='line_1_54' title="bbox 203 4326 1352 4408; baseline -0.01 -18"><span class='ocrx_word' id='word_1_552' title='bbox 203 4334 316 4390; x_wconf 64' lang='lat' dir='ltr'><strong>hmini</strong></span> <span class='ocrx_word' id='word_1_553' title='bbox 334 4350 376 4384; x_wconf 81' lang='lat' dir='ltr'><strong>us.</strong></span> <span class='ocrx_word' id='word_1_554' title='bbox 397 4329 520 4387; x_wconf 78' lang='lat' dir='ltr'><strong>Gerrexi</strong></span> <span class='ocrx_word' id='word_1_555' title='bbox 542 4333 636 4408; x_wconf 78' lang='lat' dir='ltr'><strong>igitur</strong></span> <span class='ocrx_word' id='word_1_556' title='bbox 654 4348 720 4396; x_wconf 77' lang='lat' dir='ltr'><strong>cum</strong></span> <span class='ocrx_word' id='word_1_557' title='bbox 735 4329 808 4383; x_wconf 64' lang='lat' dir='ltr'><strong>ttae.</strong></span> <span class='ocrx_word' id='word_1_558' title='bbox 834 4331 899 4395; x_wconf 77' lang='lat' dir='ltr'><strong>(ud.</strong></span> <span class='ocrx_word' id='word_1_559' title='bbox 918 4330 960 4396; x_wconf 79' lang='grc'><strong>2.)</strong></span> <span class='ocrx_word' id='word_1_560' title='bbox 976 4331 1066 4385; x_wconf 87' lang='lat' dir='ltr'><strong>Bouh.</strong></span> <span class='ocrx_word' id='word_1_561' title='bbox 1086 4329 1181 4385; x_wconf 83' lang='lat' dir='ltr'><strong>Wolf.</strong></span> <span class='ocrx_word' id='word_1_562' title='bbox 1200 4326 1285 4382; x_wconf 71' lang='lat' dir='ltr'><strong>Solis.</strong></span> <span class='ocrx_word' id='word_1_563' title='bbox 1303 4329 1352 4383; x_wconf 87' lang='lat' dir='ltr'><strong>Or.</strong></span> 
     </span>
    </p>
   </div>
   <div class='ocr_carea' id='block_1_5' title="bbox 204 4400 1353 4480">
    <p class='ocr_par' dir='ltr' id='par_1_5' title="bbox 204 4400 1353 4480">
     <span class='ocr_line' id='line_1_55' title="bbox 204 4400 1353 4480; baseline -0.007 -20"><span class='ocrx_word' id='word_1_564' title='bbox 204 4406 268 4460; x_wconf 77' lang='lat' dir='ltr'><strong>Nec</strong></span> <span class='ocrx_word' id='word_1_565' title='bbox 288 4419 361 4459; x_wconf 80' lang='lat' dir='ltr'><strong>vero</strong></span> <span class='ocrx_word' id='word_1_566' title='bbox 385 4420 439 4480; x_wconf 77' lang='lat' dir='ltr'><strong>ego</strong></span> <span class='ocrx_word' id='word_1_567' title='bbox 461 4420 510 4458; x_wconf 85' lang='lat' dir='ltr'><strong>eos</strong></span> <span class='ocrx_word' id='word_1_568' title='bbox 530 4402 722 4474; x_wconf 83' lang='lat' dir='ltr'><strong>reprebendo,</strong></span> <span class='ocrx_word' id='word_1_569' title='bbox 747 4402 799 4475; x_wconf 84' lang='lat' dir='ltr'><strong>qui</strong></span> <span class='ocrx_word' id='word_1_570' title='bbox 821 4401 965 4456; x_wconf 84' lang='lat' dir='ltr'><strong>dederunt</strong></span> <span class='ocrx_word' id='word_1_571' title='bbox 986 4401 1173 4472; x_wconf 79' lang='lat' dir='ltr'><strong>suppeditent,</strong></span> <span class='ocrx_word' id='word_1_572' title='bbox 1195 4409 1230 4454; x_wconf 83' lang='lat' dir='ltr'><strong>ut</strong></span> <span class='ocrx_word' id='word_1_573' title='bbox 1254 4408 1300 4454; x_wconf 78' lang='lat' dir='ltr'><strong>set</strong></span> <span class='ocrx_word' id='word_1_574' title='bbox 1322 4400 1353 4452; x_wconf 91' lang='lat' dir='ltr'><strong>in</strong></span> 
     </span>
    </p>
   </div>
   <div class='ocr_carea' id='block_1_6' title="bbox 0 0 1432 5084">
    <p class='ocr_par' dir='ltr' id='par_1_6' title="bbox 0 0 1432 5084">
     <span class='ocr_line' id='line_1_56' title="bbox 0 0 1432 5084; baseline 0 2"><span class='ocrx_word' id='word_1_575' title='bbox 0 0 1432 5084; x_wconf 95' lang='lat' dir='ltr'><strong> </strong></span> 
     </span>
    </p>
   </div>
  </div>
 </body>
</html>
