2856 5084
137 849 159 911 2
183 860 185 865 .

133 933 159 986 5.

42 225 45 231 ’
122 319 124 323 .
183 266 207 334 e
380 263 881 372 cronnontsrusoonnn.
898 267 1136 338 msrornr.

183 424 335 579 possunt,
359 424 475 515 subter
497 432 665 510 sehabet,
694 453 801 516 eaque
822 432 1008 516 despiciens
1029 456 1125 499 casus
1153 440 1337 502 contemnit

207 537 357 594 umanos,
384 517 546 598 culpaque
574 518 666 578 omni
701 534 829 595 carens,
862 527 999 601 praeter
1032 538 1068 582 se
1106 523 1213 602 ipsam
1251 524 1335 583 nihil

183 608 297 662 censet
318 598 359 660 ad
380 600 619 680 sepertinere.
662 597 733 660 Nos
755 608 865 661 autem
888 603 999 663 onmia
1016 600 1159 664 adversa
1180 623 1257 665 cum
1279 625 1336 668 ve-

183 682 312 745 nientia
332 688 426 742 metu
446 690 619 766 augentes
641 688 713 741 tum
735 700 892 744 maerore
909 686 1107 764 praesentia,
1129 704 1246 748 rerum
1277 707 1335 749 aa·

181 773 306 841 turam,
327 783 424 846 quam
446 782 599 852 errorem
621 770 786 834 nostrum,
809 762 968 826 damnare
988 766 1165 828 malumus.
1215 843 1217 848 ,
1348 808 1350 813 <

263 845 329 909 Sed
351 853 385 907 et
404 845 504 906 buius
526 845 643 926 culpae
665 852 699 906 et
719 853 910 907 ceterorum
926 848 1087 910 vitiorum
1108 857 1337 929 peccatorum-

181 949 246 1074 qpe
267 936 464 990 nostrorum
484 928 592 987 omnis
619 946 640 990 a
667 925 879 1010 philosophia
909 928 1051 1009 petenda
1080 935 1248 994 correctio
1275 945 1335 996 est.

210 1010 284 1074 uias
306 1012 342 1072 in
370 1011 480 1072 sinum
509 1029 610 1090 quum
637 1029 657 1070 a
683 1011 801 1091 primis
831 1011 1038 1092 temporibus
1069 1015 1190 1074 aetatis
1219 1024 1336 1080 nostra

119 1093 121 1097 ’
179 1095 335 1158 voluntas
377 1089 591 1173 studiumque
613 1110 674 1155 nos
695 1091 920 1174 compulisset,
941 1093 993 1155 his
1015 1095 1220 1182 gravissimis
1250 1101 1336 1159 casi-

252 1294 335 1347 eaque
357 1275 512 1347 despiciens
532 1281 617 1330 castis
644 1275 794 1330 contemnit
819 1274 982 1346 tamenne]
1020 1279 1055 1334 Sa
1094 1281 1190 1334 issirne
1213 1281 1264 1332 iun
1287 1300 1336 1336 ere

180 1348 351 1402 Ciceronem
376 1346 549 1417 despiciendi
572 1355 602 1400 et
624 1348 813 1401 contemnendi
834 1350 923 1402 verba
944 1360 1044 1408 monet
1087 1351 1241 1405 oederlein.
1262 1301 1334 1406 fiat.

122 1440 125 1450 ¹
182 1419 311 1489 Synon.
330 1437 359 1469 u.
379 1419 495 1488 Etym.
515 1418 552 1471 ΙΙ.
571 1436 600 1489 p.
620 1420 681 1473 182.
706 1419 859 1488 laudatque
877 1422 1039 1491 complures
1057 1423 1142 1487 locos,
1171 1440 1225 1474 nec
1244 1427 1336 1477 nostri
1416 1459 1418 1466 ·

180 1491 296 1544 oblitus.
335 1488 571 1558 Similiterhdixit
588 1506 674 1558 supra
691 1489 715 1543 Ι.
735 1491 779 1544 40.
799 1493 846 1544 93:
866 1495 952 1544 totam
965 1524 998 1536 -·
1017 1495 1075 1547 vim
1092 1494 1159 1548 dene
1176 1493 1286 1549 uiuendi
1301 1527 1334 1537 -

180 1561 211 1615 in
238 1559 362 1685 omniiqqq
391 1577 487 1615 retum
514 1558 699 1614 bumanorum
731 1563 933 1630 contemptione
966 1579 1000 1616 ac
1026 1565 1211 1633 despicientia
1231 1592 1264 1604 ·-
1285 1584 1337 1636 po-

181 1647 287 1690 namus.
359 1648 384 1683 r.
568 1672 570 1675 .
1224 1673 1225 1677 ,

250 1718 332 1756 caena
358 1702 500 1756 contemnit
528 1699 682 1768 dunanda]
718 1702 915 1768 „Claudianus
945 1705 976 1756 in
1001 1704 1076 1758 hanc
1101 1707 1273 1759 sententiam
1300 1707 1335 1762 de

180 1773 291 1828 'virtute
309 1775 430 1842 loquens
447 1775 502 1826 ait:
523 1772 623 1837 [XVll.
644 1777 661 1827 6
679 1791 720 1843 sq.
741 1774 782 1827 De
801 1775 882 1828 Cous.
903 1776 948 1828 ΕΙ.
968 1777 1060 1828 mallii
1077 1773 1246 1845 Theodori]

345 1844 469 1898 Diuitiie
487 1842 615 1897 animosa
633 1842 693 1897 suis
710 1844 876 1914 immotaque
893 1845 1001 1900 cunctis
1283 1882 1287 1894 ,

347 1915 466 1969 Caritas
483 1931 518 1968 ee
535 1915 595 1969 aito
612 1915 746 1968 mortalia
764 1916 880 1984 despicit
898 1917 993 1970 aree.“
1011 1919 1145 1970 Beroald.
1158 1946 1191 1958 -
1227 1919 1337 1973 Carene

180 1987 261 2054 calpa
278 1986 476 2061 negligentius
494 1985 605 2039 dictum
624 1994 667 2039 est
691 2003 745 2058 pro
764 1990 848 2057 culpa
866 2002 979 2042 uacuus.
1014 1989 1060 2040 Ad
1083 2006 1162 2060 seqq.
1180 1991 1336 2044 Beroaldus

181 2058 250 2113 Silii
274 2058 371 2111 laudat
391 2075 520 2111 versum:
814 2110 816 2119 ,

345 2129 413 2198 ipsu
432 2130 544 2197 quidem
555 2125 650 2182 'cirtae
667 2125 773 2182 sibimet
789 2127 975 2196 pulcherrima
993 2146 1114 2184 merere.-
1132 2139 1161 2186 et
1171 2131 1334 2187 Claudiani:

345 2200 412 2267 ipsa
431 2199 542 2268 quidem
560 2199 654 2252 uirtus
670 2199 793 2266 pretium
810 2200 879 2268 eiiii„
900 2202 1013 2271 solaque
1032 2202 1089 2255 lete

326 2300 328 2302 ·
346 2271 487 2324 Fortunae
505 2284 606 2324 secura
624 2269 693 2322 nitet
711 2307 860 2323 ......
910 2274 912 2276 ’

346 2341 398 2395 Nil
415 2342 476 2410 opis
494 2347 629 2394 externae
647 2342 769 2408 cupiens,
788 2339 832 2394 nil
847 2339 952 2410 indiga
969 2341 1073 2395 landis.
1094 2341 1127 2408 [1.
1148 2360 1172 2395 c.
1194 2345 1300 2411 1-a.]

182 2413 216 2467 In
235 2413 308 2470 Gud.,
328 2413 424 2465 Duisb.
443 2413 555 2486 legitur
581 2417 701 2465 censet
724 2409 821 2465 nibil
843 2413 883 2465 ad
906 2413 1107 2480 sepertinere.
1144 2414 1243 2490 Pergit
1266 2417 1332 2469 Cod.

127 2481 128 2486 '
181 2485 269 2538 Marb.
289 2483 347 2537 Nos
363 2484 396 2535 tri
415 2483 445 2547 (i.
465 2483 611 2547 atamen)
629 2481 734 2536 onznia.
771 2485 837 2535 Post
855 2483 974 2536 adversa
993 2484 1060 2537 Cod.
1080 2487 1154 2538 Mon.
1177 2491 1201 2540 i.
1226 2486 1337 2538 omittit

182 2561 245 2620 tum,
265 2555 347 2607 cuius
364 2556 428 2607 loco
446 2552 515 2606 Dav.
536 2555 621 2618 solus,
644 2561 679 2604 ut
695 2553 822 2619 videtur,
846 2553 932 2607 babet
949 2569 1018 2608 cum.
1056 2557 1154 2630 Pergit
1172 2557 1240 2609 Cod.
1260 2557 1334 2610 Gud.

183 2620 339 2690 eminentia,
365 2643 439 2677 unus
458 2626 508 2680 Ox.
528 2623 713 2690 imminentia,
733 2623 814 2676 cuius
833 2625 941 2698 glossae
960 2624 1035 2676 Gud.
1057 2624 1142 2677 habet
1160 2627 1193 2678 de
1215 2630 1338 2681 ravatio-

183 2693 258 2750 nem.
296 2697 387 2749 Habet
411 2696 487 2749 idem
508 2713 581 2747 unus
604 2695 683 2748 Leid.
711 2695 787 2764 quod
808 2693 898 2748 Bouh.
923 2695 1032 2750 frustra
1054 2646 1243 2748 commendat.
1281 2701 1335 2751 Pro

183 2774 317 2834 augentes
336 2766 400 2821 Cod.
421 2767 503 2819 Febr.
524 2767 671 2818 referente
691 2765 842 2822 Gebhardo
863 2764 949 2817 habet
967 2771 1105 2834 augentes.
1126 2765 1193 2819 Cod.
1213 2769 1288 2822 Mon.
1311 2775 1335 2824 l.

182 2837 269 2893 habet
286 2854 359 2892 com
377 2852 506 2894 errore
521 2836 698 2904 praesentia.-
720 2837 801 2889 cuius
820 2835 926 2889 erroris
945 2852 1027 2888 causa
1044 2836 1194 2891 manifesta
1212 2848 1263 2891 est.
1301 2841 1336 2892 ln

176 2899 273 2969 ¹Iiehd.
294 2916 336 2964 est
354 2924 436 2978 quam
461 2915 616 2961 nostrum
640 2923 808 2961 errorem.
846 2908 901 2959 Pro
919 2907 1058 2961 neaiamue
1076 2916 1118 2960 est
1135 2909 1286 2962 maluimus
1305 2912 1337 2965 in
1402 2918 1409 2924 “

184 2981 313 3050 quinque
331 2980 401 3033 Pall.
421 2980 504 3032 Vind.
527 2984 551 3036 i.
571 2979 644 3032 Gud.
660 2982 686 3033 2.
707 2979 771 3047 (qui
789 2978 820 3028 in
837 2977 1003 3046 praeteritis
1020 2979 1107 3032 habet
1125 2981 1245 3034 aduersa
1264 2988 1336 3034 reeetu

182 3051 322 3104 uenientia
341 3057 473 3118 augentes
492 3067 554 3103 aum
571 3048 704 3115 memore)
723 3049 814 3101 tribus
833 3047 902 3101 Oxx.
922 3048 999 3101 lodo·
1013 3054 1041 3102 P.
1063 3059 1092 3103 et
1109 3051 1179 3102 Ven.
1200 3053 1259 3103 Alt.
1280 3052 1337 3106 nisi

182 3119 260 3176 forte
277 3129 410 3191 utraque,
430 3121 506 3190 quod
524 3138 583 3174 non
600 3120 689 3173 semel
706 3120 826 3194 monui„
841 3127 884 3172 est
901 3138 958 3171 una
977 3121 1142 3191 eademque.
1177 3123 1237 3179 Mr.

255 3209 279 3244 c.
298 3195 324 3247 2.
361 3191 419 3245 Sed
437 3189 564 3245 et-baiae
581 3192 677 3260 calpae
695 3197 723 3245 et
742 3197 894 3243 ceterorum
912 3189 1063 3261 uitiorum]
1098 3193 1180 3245 Prius
1208 3199 1234 3246 et
1259 3193 1338 3247 deest

183 3262 216 3314 in
234 3262 320 3318 Codd.
339 3261 428 3316 Rehd.
454 3271 483 3315 et
508 3262 615 3315 duobus
634 3263 704 3315 Oxx.
742 3260 815 3313 Eius
835 3262 900 3316 loco
919 3261 994 3315 Gud.
1017 3262 1105 3315 habet
1128 3270 1166 3316 ut.
1202 3263 1337 3316 Alterum

151 3362 152 3365 ¹
183 3339 209 3386 et
236 3334 377 3387 omittunt
399 3328 529 3391 tinet:
556 3334 653 3385 Duisb.
686 3341 715 3386 et
741 3349 815 3384 unus
841 3332 891 3386 On.
935 3332 990 3385 Sed
1013 3333 1069 3385 duo
1092 3333 1206 3402 priores
1224 3333 1337 3388 [habent

183 3411 397 3473 ceterorumque.
432 3404 537 3456 Indea
561 3411 786 3472 peccatorumque
811 3420 901 3471 usque
925 3403 959 3455 ad
984 3403 1177 3471 expultrixque
1200 3404 1338 3457 uitiorum

183 3474 286 3528 desunt
310 3475 405 3529 ornnia
424 3475 456 3527 in
474 3474 541 3532 Cod.
562 3475 635 3527 Gud.
656 3478 682 3534 2.
703 3475 786 3543 oculo
811 3474 920 3526 scribae
938 3491 955 3524 a
970 3474 1069 3542 priore
1087 3475 1218 3526 uitiorum
1236 3475 1270 3528 ad
1287 3493 1338 3544 po-

184 3548 288 3598 sterius
306 3546 464 3601 uberrente.
490 3545 556 3599 cod.
578 3544 652 3601 Gud.
672 3543 901 3609 omnebonum,
926 3561 999 3597 unus
1018 3544 1067 3596 Ox.
1086 3560 1138 3616 pro
1158 3560 1176 3595 a
1193 3543 1278 3596 habet
1296 3546 1336 3599 in.

115 3658 118 3663 .
184 3615 377 3669 Scribiturin
396 3616 469 3669 Gud.
489 3600 625 3669 correctio
644 3622 685 3668 est
701 3615 827 3684 petenda.
858 3616 934 3666 Mon.
955 3617 979 3668 l.
1006 3612 1036 3665 ct
1058 3632 1131 3664 unus
1156 3614 1205 3667 Ox.
1232 3615 1339 3670 habent
1416 3645 1421 3664 ι

183 3683 331 3753 correptio.
352 3687 436 3739 Verb.
456 3687 488 3736 in
506 3704 599 3762 marg.
620 3703 656 3739 ex
672 3683 727 3738 MS.
749 3685 845 3738 nescio
864 3701 921 3753 quo
943 3682 1063 3737 curatio.
1101 3685 1162 3738 Mr.

256 3757 344 3812 Gaiae
371 3756 401 3810 in
423 3754 515 3810 einum
542 3772 623 3825 quam
647 3770 665 3808 a
686 3755 790 3825 primis
816 3753 1002 3820 temporibus]
1029 3753 1095 3810 Cod.
1116 3753 1160 3810 Au
1183 3795 1189 3807 .
1214 3773 1286 3810 cum
1307 3756 1338 3811 in

184 3828 283 3882 einum.
304 3828 388 3879 Vind.
404 3831 428 3882 l.
448 3826 479 3884 in
497 3822 586 3880 sinte.
615 3825 660 3878 Ad
671 3844 699 3877 v.
720 3843 737 3878 a
753 3824 858 3893 primis
876 3827 1045 3892 temporibus
1062 3773 1230 3880 Beroaldus:
1250 3845 1337 3891 „cum

204 3902 319 3969 rineeps
337 3897 506 3951 Academiae
533 3896 621 3949 Philo.
638 3897 756 3950 Romam
779 3897 911 3960 venisset,
944 3904 1038 3948 totum
1062 3913 1091 3948 se
1117 3898 1143 3949 ei
1162 3898 1281 3951 tradidit
1299 3900 1336 3954 nt,

183 3919 310 4037 lollius,
340 3967 501 4022 adolescens
528 3966 630 4032 adbuc,
666 3965 830 4018 admirabili
861 3965 982 4034 quodam
1012 3967 1213 4037 Philosophiae
1242 3968 1336 4020 studio

184 4037 349 4097 concitatus.
387 4039 459 4090 Erat
482 4037 569 4091 etiam
593 4054 660 4089 cum
678 4034 773 4089 Stoico
791 4035 927 4102 Diodoro,
956 4055 973 4089 a
999 4055 1057 4110 quo
1082 4037 1285 4090 'studiosissime
1306 4038 1337 4090 in

183 4111 342 4163 Dialectica
361 4107 578 4162 exercebatur.“
613 4108 648 4163 In
667 4107 734 4160 eod.
755 4105 828 4160 Gud.
848 4109 989 4177 scriptum
1008 4118 1051 4162 est
1073 4108 1211 4176 oprimis
1232 4110 1336 4162 aetatis

184 4181 330 4244 nostrae
344 4180 512 4247 temporibus
525 4182 651 4233 uolontas
669 4177 876 4248 impulisset
888 4195 948 4244 nos,
961 4181 1064 4233 omisso
1074 4181 1255 4251 studiumque.
1274 4181 1335 4233 Mn,

201 4299 206 4314 „
252 4249 430 4326 *studiumque
447 4265 497 4302 noo
514 4249 716 4322 compulisset]
753 4249 823 4315 „Sic
844 4249 952 4304 habent
975 4251 1046 4302 libri
1062 4268 1149 4302 rnanu
1167 4250 1279 4320 scripti,
1308 4258 1338 4302 et

184 4321 225 4373 sic
243 4317 406 4446 legendum,
425 4335 494 4384 non,
511 4329 545 4371 ut
563 4329 607 4372 est
633 4322 665 4372 in
681 4321 816 4395 vulgatis,
845 4321 1036 4374 contulisset-‘⁴
1058 4320 1155 4377 Lamb.
1193 4320 1245 4387 [In
1262 4320 1334 4379 Edd.
1396 4336 1402 4341 ·

185 4391 301 4447 bamb·
329 4398 359 4468 et
382 4387 468 4445 Goth.
496 4397 539 4445 est
555 4390 762 4448 contulissent
785 4400 815 4446 et
833 4391 865 4444 iu
881 4408 972 4466 marg.
996 4390 1223 4461 compulissent,
1257 4392 1338 4463 quasi

649 4543 668 4572 ,Ι
