2856 5084
446 247 668 344 excussus
688 283 715 346 t.
739 281 781 344 aa
802 283 826 347 1.
851 285 900 350 ια.
921 285 973 351 n.
1223 290 1284 354 aas

138 439 193 510 μὲν
211 436 320 501 νεοσσός
337 440 402 507 ἐστι,
421 440 476 496 κατ’
497 440 667 512 ἐντελέχειαν
684 445 715 498 δὲ
734 443 784 500 οὐκ
802 448 883 502 ἔστιν.
908 451 945 501 cf.
966 463 1037 518 quos
1056 448 1152 502 laudat
1169 451 1282 504 Fabric.

139 512 221 566 adh.
240 513 260 563 l.
281 510 303 576 ἕ.
323 514 419 579 315⁴).
455 513 508 566 Est
526 520 625 568 autem
647 517 768 569 verbum
793 514 848 570 ἀπὸ
873 521 924 570 τοῦ
948 517 1050 577 ἐντελὲς
1067 521 1149 587 ἔχειν.
1178 521 1285 587 ἐντελὴς

139 590 181 636 est
203 584 348 653 perennis,
373 585 561 654 perpetuus.“
586 613 620 624 -
659 585 811 649 Sabatinus,
837 589 962 657 repetita
987 590 1106 641 Ernesti
1131 594 1283 659 sententia,

138 669 196 706 non
215 653 300 722 plane
324 655 385 707 eius
409 657 495 724 operi
519 670 584 709 rem⁴
605 658 768 727 expeditam
793 676 851 711 esse
870 660 1027 712 contendit.
1065 659 1215 713 Ciceronis
1242 665 1284 715 ait

138 723 361 793 explicationem
385 725 452 778 inde
469 732 563 778 ortam
589 744 658 793 esse,
685 729 762 797 quod
787 728 945 782 lectionem
969 726 1141 797 ἐνδελέχειαν
1168 741 1283 786 secutus

138 793 186 858 sit,
205 808 271 845 cum
290 792 434 861 ἐνδελεχὴς
459 796 605 869 significet
623 798 642 852 i.
662 815 688 866 q.
708 808 876 867 perpetuus,
903 801 1049 868 perennis,
1076 800 1283 869 perdurabilis,

137 880 192 916 neo
209 880 279 917 vero
297 862 413 932 έντελήςε
432 866 488 918 boc
507 866 585 920 enim
602 867 768 941 significare
786 871 961 938 perfectum,
984 869 1154 922 absolutum.
1170 896 1203 912 -ν-
1225 869 1284 924 lta-

137 951 205 1002 que,
223 936 332 1009 pergit,
352 933 501 1004 ἐντελέχεια
520 944 563 990 est
580 939 625 989 vis
643 937 705 1000 illa,
731 955 787 1007 qua
809 945 905 1007 potest
928 939 1039 1007 aliquid
1061 956 1077 990 a
1098 941 1229 1006 potentia
1247 941 1283 993 ad

137 1011 234 1056 actum
255 1004 367 1071 deduci,
386 1006 441 1059 etsi
459 1021 517 1058 non
537 1024 651 1076 semper
669 1007 700 1058 id
717 1010 788 1081 agit,
805 1017 838 1060 ut
856 1007 968 1091 aliquid
979 1008 1014 1058 ad
1028 1017 1126 1062 actum
1140 1018 1282 1072 transeat3

138 1081 176 1137 et,
196 1083 336 1143 quatenus
354 1083 451 1145 potest
468 1076 578 1144 aliquid
596 1077 631 1129 ad
648 1085 745 1129 actum
767 1097 783 1131 α
801 1085 932 1148 potentia
960 1078 1109 1142 deducere,
1138 1079 1282 1146 diciturel

135 1142 227 1214 πρώτη
252 1143 396 1214 ἐντελέχεια
415 1177 446 1187 -
468 1177 500 1187 -
524 1148 624 1215 ltaque
646 1146 817 1200 Aristoteles
831 1149 966 1200 ‘animam
983 1150 1046 1202 fere
1065 1149 1100 1200 ad
1117 1164 1223 1218 corpus
1241 1149 1282 1202 ila

136 1223 333 1281 comparatum
359 1233 417 1269 esse
442 1218 551 1282 statuit,
578 1224 613 1268 ut
636 1215 835 1270 citharoedum
858 1218 894 1270 ad
918 1219 1015 1287 lyram
1034 1238 1056 1271 s.
1077 1218 1228 1271 citharam.
1249 1250 1281 1260 -

136 1284 216 1337 Haec
234 1285 290 1338 iam
311 1286 382 1338 olim
400 1287 533 1356 pluribus
554 1287 673 1356 exposui
691 1288 722 1338 in
740 1287 814 1340 Diss.
840 1305 928 1356 super
945 1289 1107 1341 Aristotelis
1134 1289 1170 1341 de
1187 1288 1283 1342 anima

137 1356 294 1422 sententia;
313 1364 342 1409 et
359 1359 390 1409 in
411 1358 505 1427 capite
523 1357 610 1409 iiber
628 1357 686 1409 die
702 1357 954 1430 Psychologie
972 1358 1032 1410 des
1051 1357 1281 1410 Aristoteles

136 1424 266 1477 versioni
285 1443 364 1480 meae
384 1427 454 1479 libri
472 1427 657 1480 Bonnotiani:
689 1429 775 1480 lissei
798 1429 955 1496 attalytique
977 1442 1028 1478 aur
1053 1428 1092 1479 les
1110 1428 1229 1493 facultes
1248 1428 1282 1480 de

136 1495 217 1547 lame
239 1495 359 1549 adiecto.
398 1497 579 1550 Conferenda
602 1504 647 1550 est
669 1499 756 1551 etiam
774 1496 973 1552 Tennemanni
994 1497 1124 1550 Historia
1150 1495 1282 1566 pbiloso-

134 1564 222 1634 phiae
240 1564 274 1618 T.
292 1567 346 1638 Ill.
365 1584 394 1636 p.
414 1571 474 1623 181.
496 1567 580 1637 sqq.“
598 1597 631 1609 -

206 1652 304 1730 Longa
332 1663 375 1708 est
403 1663 432 1708 et
456 1655 538 1708 docta
556 1654 671 1709 Naecbii
696 1654 852 1724 disputatio
878 1655 913 1707 de
939 1654 1057 1708 vocibus
1076 1653 1228 1720 ἓνδελέχεια
1251 1663 1281 1708 et

135 1719 287 1792 ἐντελέχεια
313 1726 348 1777 ad
371 1725 583 1793 proverbialem
609 1725 742 1779 Choerili
766 1741 881 1778 versum
909 1725 952 1790 (in
976 1725 1052 1778 libro
1081 1726 1116 1779 de
1143 1724 1280 1779 Choerilc

135 1790 240 1846 Samio.
259 1795 337 1864 Lips.
358 1797 435 1850 1817.
455 1799 479 1851 8,
499 1812 527 1864 p.
550 1798 600 1850 173
619 1796 710 1865 sqq.):
730 1794 830 1865 πέτρην
848 1797 976 1848 κοιλαίνει
994 1797 1069 1864 ῥανὶς
1085 1795 1186 1856 ὕδατος
1206 1793 1281 1849 ένδε-

133 1865 235 1932 λεχεέχ,
254 1881 289 1916 ex
308 1883 373 1933 qua,
392 1883 464 1934 quae
483 1865 517 1915 ad
535 1873 667 1918 nostrum
685 1867 780 1920 locum
798 1867 920 1930 faciunt,
937 1862 1009 1917 haec
1034 1865 1210 1934 excerpenda
1228 1866 1281 1918 du·

134 1933 246 1988 ximust
266 1935 398 2008 „Agitur
415 1936 445 1986 in
465 1935 529 1988 loco
549 1935 611 1988 Cic.
630 1935 731 1988 Tuscc.
751 1936 774 1988 1.
795 1936 835 1989 10.
857 1936 891 1987 de
910 1951 952 1998 eo,
972 1942 1072 1987 utrum
1091 1935 1194 1988 Cicero
1212 1934 1280 1988 Ari·

134 2005 269 2057 stotelem
297 2004 487 2069 intellexerit,
513 2024 550 2058 an
572 2023 630 2058 non
653 2005 844 2061 intellexerit.
889 2005 991 2073 ltaque
1019 2021 1067 2058 res
1100 2005 1198 2079 gravis
1225 2013 1278 2058 est.

134 2073 199 2148 Ego
217 2077 321 2141 fateor,
341 2076 365 2125 si
384 2076 578 2128 demonstrari
595 2085 698 2145 posset,
723 2075 870 2144 scripsisse
890 2072 1070 2136 Ciceronem,
1095 2075 1171 2144 quod
1193 2071 1280 2126 Davi-

135 2143 194 2197 sius
214 2142 305 2197 edidit
324 2163 359 2198 ex
376 2147 485 2198 Veneta
510 2146 632 2215 quadam
656 2146 792 2207 editione,
816 2144 998 2213 ἐνδελεχεέαν,
1022 2144 1085 2214 ipse
1109 2144 1279 2209 iudicarem,

135 2214 318 2277 Ciceronem,
338 2233 403 2268 cum
422 2215 478 2269 ista
497 2216 647 2282 scriberet,
674 2215 844 2268 Aristotelis
863 2223 991 2269 mentem
1009 2230 1068 2266 non
1086 2214 1279 2284 perspexisse,

135 2293 165 2337 et
182 2284 348 2339 Aristotelis
367 2284 536 2353 ἐντελέχειαν
554 2303 621 2344 cum
634 2288 759 2357 ‚antiqua
776 2287 830 2338 illa
848 2283 1000 2354 ένδελεχεέᾳ
1012 2283 1144 2337 Choerili
1157 2291 1187 2335 et
1204 2283 1280 2335 alio-

133 2371 202 2408 rum
221 2356 393 2408 confudisse.
431 2359 547 2420 Verum,
566 2374 661 2425 uuum
680 2373 827 2424 nunquam
851 2358 986 2407 futurum
1005 2355 1051 2418 sit,
1076 2362 1110 2406 ut
1136 2353 1212 2406 illud
1231 2353 1280 2406 tle·

134 2432 324 2487 monstretur,
350 2427 493 2479 malumus
518 2427 687 2479 Ciceronem
718 2426 851 2486 doctum,
879 2441 965 2495 quam
993 2424 1144 2477 indoctum
1172 2426 1277 2477 facere.

134 2495 236 2565 Itaque
259 2497 355 2548 animo
378 2505 488 2548 motum
515 2497 652 2571 denegari
675 2496 709 2549 ab
736 2496 899 2560 Aristotele,
926 2495 1016 2564 probe
1034 2495 1140 2548 sciebat
1159 2494 1279 2559 Cicero3

135 2566 245 2619 sciebat
262 2566 340 2619 idem
359 2567 471 2636 aliquid
489 2568 628 2620 interesse
647 2568 727 2618 inter
745 2564 926 2636 ἐνδελέχειαν,
945 2572 1029 2618 vetus
1048 2564 1230 2626 vocabulum,
1249 2572 1279 2617 et

132 2635 301 2690 Aristotelis
319 2635 498 2706 ἐντελέχειανε
529 2638 577 2690 εεδ
595 2637 670 2689 hanc
688 2652 747 2689 non
768 2638 837 2689 satis
855 2643 989 2688 accurate
1006 2635 1217 2705 interpretatus
1237 2642 1279 2688 est

131 2707 283 2771 motionem,
310 2724 399 2777 quum
426 2707 541 2757 deberet
565 2714 660 2756 actem.
700 2707 779 2772 Quod
804 2715 901 2760 autem
926 2705 1032 2759 adiecit
1051 2706 1230 2758 continentem
1250 2712 1280 2757 et

131 2790 278 2842 perennem,
299 2793 370 2846 quae
389 2777 469 2828 notio
488 2790 547 2826 non
566 2777 659 2827 estin
677 2795 705 2830 r.
724 2775 882 2844 ἐντελέχεια,
902 2775 1040 2829 adiecisse
1059 2776 1176 2830 videtur
1194 2791 1225 2827 ea
1243 2774 1279 2826 de

133 2862 226 2909 causa,
253 2846 389 2913 quoniam
415 2847 478 2915 ipse
503 2861 538 2896 ex
563 2846 681 2914 antiquo
706 2846 845 2898 vocabulo
873 2843 1031 2909 ένδελέχεια
1047 2843 1123 2896 hanc
1140 2844 1279 2913 perenni·

132 2915 203 2968 tatis
220 2916 369 2968 notionem
388 2915 423 2971 ad
442 2915 586 2968 recentius
605 2916 775 2967 vocabulum
794 2915 941 2983 ἐντελέχεια
960 2915 1107 2967 commode
1122 2914 1278 2966 transferri

131 3000 217 3056 posse
241 2984 427 3038 existimavit.
465 2985 561 3037 Etiam
586 2985 727 3038 Ernestus
755 2985 785 3036 in
804 2985 885 3038 hunc
912 3001 1027 3038 sensum
1047 2984 1216 3053 disputavit,
1244 2989 1279 3033 ut

133 3054 305 3109 Ciceronem
324 3055 356 3107 ab
376 3055 541 3124 imperitiae
561 3056 685 3107 crimine
702 3054 851 3108 liberaret.
888 3055 928 3112 Et
946 3054 1019 3106 bene
1037 3053 1089 3106 ille
1108 3053 1197 3126 gessit
1216 3069 1279 3106 rem

133 3125 290 3178 Ciceronis.
328 3125 515 3193 Quamquam,
534 3124 602 3175 dum
623 3125 792 3177 Ciceronem
811 3142 876 3177 cum
895 3123 1052 3177 Aristotele
1071 3124 1187 3192 penitus
1206 3138 1278 3175 con-

131 3193 233 3247 ciliare
254 3194 359 3260 studet,
378 3195 466 3246 nimis
484 3195 569 3268 longe
587 3196 784 3266 progreditur.
819 3197 893 3248 Nam
911 3195 988 3262 quod
1003 3192 1076 3245 dicit
1095 3192 1198 3259 ἐντελής
1217 3208 1279 3245 esse

128 3279 278 3330 perennem,
304 3273 466 3332 perpetuum,
495 3281 553 3316 non
570 3282 673 3317 verum
694 3272 745 3318 est.
783 3265 872 3317 Notio
889 3261 1071 3330 perennitatis
1094 3264 1126 3314 in
1150 3280 1178 3315 v.
1207 3259 1279 3314 έντε·

131 3333 222 3402 λέχεια
240 3351 297 3387 non
317 3336 401 3400 inest,
421 3335 468 3387 sed
486 3353 503 3387 a
521 3335 659 3388 Cicerone
678 3335 803 3400 demum,
823 3345 857 3387 ut
875 3335 945 3398 dixi,
965 3332 1084 3386 adiecta.
1121 3333 1184 3384 Hoc
1207 3347 1277 3384 vero

132 3411 216 3457 acute
233 3407 347 3457 monuit
364 3405 514 3466 Ernestus,
543 3405 714 3458 Ciceronem
732 3421 790 3456 non
809 3406 905 3458 dicere
930 3405 1098 3465 motionem,
1124 3401 1172 3454 sed
1195 3401 1278 3469 quasi

133 3475 274 3544 quandam
293 3477 461 3530 motionem.
499 3475 533 3526 ld
551 3476 627 3544 quod
645 3475 771 3526 multum
794 3475 873 3529 valet
890 3473 926 3526 ad
953 3471 1144 3526 excusandum
1163 3469 1278 3522 Cicero·

132 3561 209 3598 nem.
247 3544 301 3609 Qui
319 3553 415 3599 tamen
434 3546 458 3598 si
477 3554 608 3599 accurate
625 3545 708 3614 loqui
725 3545 873 3609 voluisset,
891 3543 1033 3596 vocabulo
1055 3540 1193 3594 motionis
1216 3557 1278 3593 me·

131 3614 191 3666 lius
216 3613 408 3669 abstinuisset.
453 3614 601 3668 Davisium
620 3630 680 3668 non
706 3615 896 3679 intellexisse,
922 3612 995 3682 quid
1019 3619 1093 3666 esset
1118 3607 1276 3680 ἐντελέχεια,

132 3683 319 3750 manifestum
346 3684 420 3736 est.“
445 3712 477 3722 -
514 3684 623 3738 Addam
650 3686 737 3739 etiam
760 3687 796 3738 ad
820 3690 882 3738 reni
903 3683 1034 3737 Creuzert'
1060 3683 1277 3735 annotationem

131 3755 167 3806 ad
185 3753 293 3806 Plotini
311 3752 386 3806 Enn.
405 3753 457 3806 lV.
478 3758 503 3809 2.
531 3763 603 3809 extr.
630 3772 658 3825 p.
677 3758 739 3810 364.
766 3756 908 3807 nimirum
934 3754 969 3807 ad
986 3753 1221 3805 Additamentum
1242 3769 1278 3803 ex

131 3822 269 3888 Eusebio,
297 3825 349 3876 ubi
375 3823 505 3876 Plotinus
528 3826 664 3879 adversus
687 3825 877 3879 Aristotelem
905 3826 1041 3892 disputat,
1076 3822 1127 3891 qui
1152 3823 1277 3890 animam

130 3893 337 3947 Entelechiam
361 3910 421 3946 esse
449 3894 586 3948 defendit.
624 3897 695 3961 „Jo.
715 3895 901 3966 Philoponus,
932 3893 977 3945 uti
1001 3894 1124 3944 Kustero
1150 3891 1277 3954 videtur,

142 4028 223 4035 —·

166 4083 195 4150 >l⁸)
215 4086 391 4156 Quamquam
414 4088 446 4138 in
463 4085 493 4171 h,
512 4086 532 4141 l.
560 4087 592 4138 ab
610 4087 735 4206 Ernepto
762 4087 806 4170 bl?
828 4092 981 4208 Ρῧοααῒαὸα
1008 4089 1081 4204 esxt,1¹
1085 4081 1219 4204 1lidaltitgr
1221 4088 1278 4203 hta

219 4174 295 4280 tlt.
311 4164 1018 4297 ttfflstssttttf‘Attenditeattali.
1039 4223 1061 4288 ι
1080 4169 1153 4279 sio?
1164 4241 1194 4293 ῃ.
1206 4169 1278 4279 οαἷῖ

220 4296 263 4348 ed.
289 4298 371 4350 Febr.
398 4299 554 4350 Annotatio
579 4305 673 4351 autem
691 4298 818 4351 Fabricii
845 4311 903 4348 non
926 4294 1005 4348 hunc
1032 4293 1143 4347 locum⁸
1157 4301 1276 4365 spectat,

220 4367 269 4420 ses
286 4367 308 4419 1.
328 4386 387 4437 cap.
408 4372 450 4424 so.
471 4368 493 4432 §-
513 4370 573 4425 315.
593 4386 621 4438 p.
642 4370 703 4425 aaa.

956 4471 1024 4534 23*
