2856 5084
486 289 498 329 ,2
533 241 658 320 nutu
679 255 726 334 v,
746 256 797 320 as.
1168 257 1229 324 us

81 424 159 496 stet,
180 417 427 500 virtutibusque
449 418 601 480 omnibus
624 421 695 480 sine
716 419 784 481 ullo
806 419 910 479 animi
930 427 1063 481 terrere
1085 418 1127 480 ad
1152 440 1228 481 crn-

83 502 206 562 ciatum
227 503 398 581 profectis,
421 501 554 562 resistet
576 510 670 562 extra
691 503 780 561 fores
804 499 857 577 (ut
870 499 1042 577 antedixi)
1064 502 1228 585 limenque

81 583 238 644 carceris.
291 582 378 645 Ouid
408 584 496 643 enim
526 600 563 642 ea
596 581 735 657 foedius,
763 581 843 662 quid
858 581 1061 659 deformius,
1083 585 1154 645 sola
1175 591 1227 646 re·

80 663 169 739 licta,
199 665 360 724 comitatu
389 664 615 743 pulcherrimo
643 661 837 748 segregata?
880 662 974 726 Quod
1009 673 1119 725 tamen
1152 667 1229 727 fieri

80 744 171 804 nullo
193 753 290 824 pacto
312 753 428 826 potest.
462 744 534 805 Nec
555 747 644 805 enim
665 749 810 808 virtutes
827 745 898 805 sine
917 745 1011 807 beata
1024 747 1095 806 vita
1113 747 1230 807 cohae.

80 845 160 886 rere
180 835 329 904 possunt,
351 846 412 887 nec
432 825 490 886 illa
511 827 583 888 sine
604 827 797 888 virtutibus.
837 826 955 906 Itaque
972 847 1044 889 eam
1066 829 1229 912 tergiver-
1247 833 1289 887 81.

80 910 227 968 sarinon
240 910 358 984 sinent,
381 926 557 987 secumque
580 911 725 988 rapient,
747 906 789 967 ad
811 927 1038 987 quemcunque
1060 911 1152 988 ipsae
1171 909 1229 970 do·

79 987 188 1049 lo'rem
209 992 458 1069 cruciatumque
480 987 654 1050 ducentur.
693 989 859 1070 Sapientis
878 997 927 1051 est
940 991 1027 1050 enim
1042 993 1228 1071 proprium,

81 1070 173 1142 nihil,
196 1070 285 1149 qu'od
306 1073 479 1152 poenitere
501 1066 617 1150 pessit,
640 1073 761 1146 facere,
790 1071 875 1130 nihil
898 1073 1058 1132 invitum:
1088 1072 1230 1154 splendia

81 1255 117 1306 In
135 1271 214 1323 seqq.
234 1253 412 1309 FAWolfius
430 1255 540 1324 primus
558 1253 589 1307 in
607 1272 651 1323 pr.
671 1255 724 1306 Ed.
744 1254 823 1307 dedit
842 1272 859 1307 o
877 1252 1018 1320 comitutu,
1037 1255 1069 1306 in
1081 1255 1153 1307 Edd.
1174 1273 1227 1308 sec.

81 1333 112 1376 et
130 1333 197 1377 tert.
219 1324 257 1390 [a]
277 1327 423 1377 comitatus
442 1326 553 1394 recepit
570 1325 681 1393 primae
699 1324 752 1377 Ed.
766 1324 921 1377 lectionem
932 1325 1010 1389 Bill,
1029 1326 1141 1395 recepit
1149 1326 1229 1391 item,

28 1417 33 1426 ==
84 1395 134 1446 sed
151 1412 217 1446 cum
236 1394 378 1460 asterisco,
398 1395 536 1447 Nobbius:
565 1411 618 1447 nec
635 1411 705 1446 vero
723 1395 834 1463 primus
853 1395 911 1445 fuit
928 1394 979 1449 W.
1001 1396 1052 1463 qui
1072 1395 1113 1447 ita
1130 1397 1230 1469 legen·

82 1465 152 1517 dum
170 1465 337 1528 coniiceret,
357 1465 405 1518 sed
424 1474 466 1516 est
484 1465 540 1516 iam
558 1465 590 1515 in
607 1481 670 1515 mar
691 1501 697 1515 .
718 1464 834 1516 Lambb.
860 1473 889 1516 et
908 1463 994 1516 Goth.
1013 1467 1082 1518 fort.
1107 1480 1126 1516 a
1144 1465 1230 1518 comi-

83 1533 175 1586 tatu.“
211 1535 291 1586 Fieri
311 1535 427 1601 quidem
445 1543 548 1603 potest,
573 1542 607 1585 ut
624 1549 643 1584 a
661 1481 826 1603 aiisorptum
848 1535 886 1584 sit
907 1533 1011 1585 ultimi
1033 1535 1230 1604 praecedentis

81 1604 160 1657 vocis
187 1605 286 1657 litera:
320 1605 370 1656 sed
393 1605 459 1657 fieri
484 1606 571 1662 etiam
596 1612 701 1673 potest,
728 1612 762 1654 ut
780 1603 933 1656 evitaverit
951 1604 1052 1656 Cicero
1070 1605 1183 1657 hiatum
1201 1612 1230 1656 et

81 1677 261 1742 κακοφωνίαν
283 1674 429 1739 consulto,
455 1674 532 1743 quod
554 1675 578 1724 si
605 1674 689 1742 plane
714 1675 906 1726 necessarium
932 1672 1056 1726 duxisset
1081 1675 1183 1727 addere
1202 1689 1229 1738 α,

81 1753 196 1814 poterat
223 1744 347 1797 scribere
375 1750 401 1795 et
425 1759 452 1796 α.
489 1745 571 1796 Libri
598 1752 677 1795 certe
700 1742 735 1795 ad
760 1761 851 1795 unum
869 1759 965 1800 omnes
991 1744 1106 1795 nullum
1123 1743 1231 1796 habent

81 1814 302 1884 praepositionis
328 1814 493 1886 vestigium.
530 1815 569 1865 Et
596 1815 692 1882 potuit
719 1814 805 1865 etiam
829 1814 870 1865 ita
896 1813 1021 1866 scribere
1048 1814 1147 1866 Cicero
1168 1830 1230 1884 per

83 1884 203 1946 σύνεσιν,
222 1892 255 1935 ut
274 1884 305 1934 in
322 1892 419 1936 mente
437 1883 557 1936 haberet
575 1884 634 1935 sive
653 1884 754 1936 orbata
779 1885 838 1935 sive
856 1883 966 1946 relicte,
991 1884 1066 1936 illud
1088 1892 1182 1936 autem
1202 1882 1230 1935 ei
1250 1928 1252 1933 .

82 1954 177 2005 minus
196 1953 350 2005 convenire
368 1952 527 2016 videretur,
546 1953 672 2005 alterum
688 1961 810 2023 propter
828 1953 996 2006 antecedens
1014 1954 1116 2006 relicta
1134 1954 1231 2006 minus

82 2026 220 2093 placeret.
257 2022 382 2093 Scripsit
400 2024 411 2073 i
432 2024 494 2074 itur
511 2030 661 2089 segregata
679 2023 818 2087 comitutu,
844 2031 877 2074 ut
904 2023 962 2074 diei
979 2032 1072 2092 potest
1099 2022 1230 2076 comitatu
1318 2032 1321 2050 ·

84 2095 228 2147 destitute.
265 2094 313 2146 Sic
334 2102 376 2146 est
394 2041 432 2147 ai
446 2093 497 2158 Qu.
512 2094 612 2145 Frate.
638 2094 660 2144 1.
681 2097 707 2147 3.
729 2097 758 2148 8:
784 2109 906 2162 quorum¹
925 2104 977 2158 ego
1003 2092 1177 2147 consiliis
1199 2120 1230 2132 -

84 2165 281 2217 destitutus
299 2162 417 2216 inbono
435 2163 624 2216 calamitatem
642 2162 741 2217 incidi.
779 2164 846 2216 Cod.
876 2163 950 2215 Gud.
977 2164 1089 2217 relicto
1104 2161 1232 2231 pulcher·

84 2235 157 2287 rimo
175 2235 317 2286 comitatu.
345 2235 408 2286 Duo
425 2242 568 2305 postrema
584 2233 670 2285 verba
688 2235 860 2301 transposita
878 2241 942 2284 sunt
962 2233 1094 2284 etiam'in
1105 2232 1189 2286 Vind.
1204 2235 1230 2286 2.

59 2296 119 2358 ‘ln
138 2305 210 2357 Gud.
230 2307 256 2357 2.
276 2305 333 2355 alio
352 2305 435 2357 modo
454 2309 610 2369 segregata¹
628 2300 841 2369 pulcherrimos
860 2303 1028 2354 Proximum
1052 2300 1132 2355 Quod
1154 2300 1232 2356 abest

83 2375 118 2426 ab
136 2375 208 2428 Edd.
228 2374 260 2428 B.
281 2373 308 2425 S.
328 2374 363 2424 E.
382 2374 464 2428 Junt.
484 2376 548 2424 Asc.
567 2376 592 2427 2.
630 2372 705 2436 Quae
724 2373 848 2442 omissio,
868 2391 883 2424 a
902 2371 987 2424 Codd.
1008 2370 1086 2424 MSS.
1105 2387 1163 2424 non
1181 2373 1232 2424 fir·

84 2453 171 2508 irrata,
196 2460 291 2504 ansam
310 2443 388 2495 dedit
407 2442 569 2496 Camerario
586 2441 758 2494 excusandae
777 2443 936 2512 particulae
960 2448 1062 2506 tamen,
1081 2441 1232 2498 ανακολού-

25 2541 51 2549 -=
84 2518 142 2575 θως
159 2513 277 2581 positae,
303 2520 332 2564 et
351 2512 439 2564 simul
457 2511 695 2565 commendandae
721 2513 928 2568 emendationis
952 2511 1069 2565 tametsi.
1107 2512 1149 2564 Ab
1173 2530 1231 2566 uno

85 2584 142 2638 Ox,·
162 2584 241 2635 abest
265 2583 378 2655 integra
401 2583 481 2641 linea¹
504 2589 594 2649 potest
613 2614 644 2623 -
664 2584 729 2647 illa,
766 2601 840 2634 unus
857 2599 914 2634 non
939 2582 1025 2634 habet
1048 2585 1121 2648 υἱέας
1158 2584 1232 2636 alius

85 2653 197 2706 omittit
215 2653 302 2704 verba
320 2651 468 2706 cohaerere
487 2679 520 2688 -
538 2651 703 2715 virtutibas3
723 2653 777 2705 duo
794 2653 900 2705 habent
919 2667 952 2704 ne
970 2669 1023 2722 pro
1042 2669 1098 2706 nec.
1134 2653 1196 2707 Mr.
1230 2691 1232 2696 ι

157 2724 255 2792 ltaque
282 2739 342 2776 eam
365 2720 558 2790 tergiversari
582 2738 633 2774 non
660 2722 776 2788 meent]
821 2723 893 2775 Tres
921 2723 990 2774 Oxx.
1018 2725 1092 2776 Mon.
1111 2725 1137 2777 2.
1174 2725 1232 2777 Ita

85 2809 161 2857 eam,
182 2792 236 2845 duo
256 2794 326 2847 Oxx.
346 2791 390 2844 ita
407 2809 450 2857 ee,
468 2811 541 2843 unus
559 2809 627 2842 cum
645 2793 732 2843 Rehd.
753 2793 864 2844 omittit
883 2808 952 2857 eam,
971 2793 1057 2845 Marb.
1074 2793 1159 2845 habet
1177 2794 1233 2847 ita·

104 2881 138 2916 ue
157 2865 267 2916 etiam.
305 2862 357 2914 Ed.
377 2865 405 2914 P.
424 2861 575 2914 virtutibus
598 2875 738 2929 eamque
762 2865 964 2928 tergiversari,
993 2864 1067 2914 Mon.
1089 2868 1113 2917 1.
1134 2872 1163 2914 et
1181 2865 1232 2920 Ox.

114 2936 246 2996 ‚sinent‚
272 2932 345 2985 Gud.
365 2935 390 2986 2.
411 2932 544 2984 sinerent.
572 2931 655 2982 Vind.
677 2935 701 2984 1.
722 2934 797 2998 ipse
815 2932 949 2996 dolerent,
975 2932 1048 2984 Gud.
1076 2933 1167 3000 ipsum
1185 2935 1235 2986 do-

88 3005 190 3067 lorem;
210 3012 273 3053 tum
290 3001 374 3052 Vind.
395 3007 418 3056 1.
440 3003 612 3064 duceretur,
631 3001 727 3052 Duisb.
747 3001 903 3067 rapientur,
923 3000 971 3053 sed
989 3018 1073 3071 supra
1086 3003 1141 3054 lin.
1161 3004 1234 3068 due,

87 3074 154 3126 cod.
185 3072 258 3126 Gud.
279 3075 306 3131 1,
332 3090 348 3122 a
372 3089 416 3140 pr.
437 3089 475 3122 m.
505 3072 647 3135 docentur,
666 3088 761 3140 supra
784 3071 836 3121 lin.
865 3088 888 3123 o.
927 3071 1027 3144 Pergit
1044 3072 1140 3124 Duisb.
1169 3087 1235 3129 cum

84 3143 170 3196 Vind.
193 3147 216 3196 1.
237 3141 374 3209 sapientis
399 3141 489 3193 enim
515 3148 573 3195 est.
600 3143 674 3192 Mon.
698 3146 721 3194 l.
742 3141 895 3206 Sapiens
914 3149 954 3194 est
971 3143 1054 3206 enim,
1080 3143 1167 3194 Marb.
1187 3159 1235 3195 sa-

85 3214 191 3282 pientis
209 3211 293 3274 enim,
320 3211 422 3264 omisso
440 3217 491 3275 est,
517 3219 550 3262 ut
568 3211 621 3264 Ed.
639 3211 670 3261 B.
709 3212 743 3262 In
765 3211 836 3266 Edd.
856 3211 883 3262 S.
904 3213 938 3263 Ε.
964 3211 1075 3285 legitur
1099 3211 1235 3279 sepientis

86 3286 162 3337 enim
176 3281 323 3351 propriam
341 3281 479 3351 est.jCod.
499 3280 572 3336 Gud.
591 3296 644 3349 pro
663 3278 839 3339 cibithabet
856 3280 908 3337 nil.
945 3282 1005 3334 Mr.

149 3353 259 3406 cusas
273 3352 418 3420 poenitere
433 3350 542 3418 pessit]
573 3350 642 3414 „lta
661 3350 725 3402 dedi
744 3367 781 3402 ex
799 3351 965 3403 coniectura
982 3351 1122 3407 Lambini.
1142 3351 1235 3406 MStus

85 3424 162 3475 liber
180 3439 246 3474 cum
264 3423 390 3505 vulgatis
409 3421 587 3474 consentiens
605 3420 690 3472 habet
707 3417 781 3472 nibil
797 3422 887 3488 quod
902 3419 1045 3487 poenitere
1061 3423 1161 3489 possit.
1187 3423 1236 3483 Sic

85 3494 136 3548 lib.
156 3495 182 3548 2.
209 3493 445 3546 Rhetoricorum:
480 3491 598 3556 Deinde,
627 3496 722 3542 utrum
743 3490 776 3542 id
798 3489 910 3554 focinus
927 3490 975 3556 sit,
1000 3492 1074 3559 qued
1091 3492 1236 3560 poenitere

86 3561 176 3629 fuerit
199 3562 336 3616 necesse.“
371 3563 434 3626 Fre.
454 3562 539 3624 Febr.
1022 3577 1025 3584 ’
1074 3582 1075 3588 ’
1144 3573 1147 3579 ·
1170 3613 1174 3620 ,

159 3632 238 3697 Quod
261 3634 406 3699 poenitere
428 3630 541 3699 possit]
579 3630 604 3682 A
629 3633 717 3716 vulgo
743 3632 1004 3685 Grammaticorum
1032 3634 1168 3704 deeeptus
1195 3646 1237 3690 est

87 3701 253 3763 Lambinus,
272 3719 339 3753 eum
356 3702 571 3754 rescribendum
589 3703 718 3765 coniicit,
742 3703 821 3755 cuias
837 3702 976 3770 poenitere
1000 3705 1099 3773 possit.
1137 3706 1236 3760 Altero

89 3773 168 3826 enim
187 3771 270 3822 inodo
287 3771 447 3838 loquuntur
464 3773 542 3823 boni·
555 3773 717 3841 scriptores.
755 3773 870 3825 Plautus
893 3773 994 3827 Sticho
1019 3775 1082 3828 Act.
1103 3776 1125 3826 Ι.
1146 3775 1191 3828 Sc.
1212 3777 1236 3841 1,

88 3845 132 3898 50.
151 3891 153 3897 ,
171 3841 209 3892 Et
227 3857 270 3892 me
288 3841 398 3908 quidem
424 3839 491 3894 baec
517 3843 644 3894 conditio
669 3858 741 3895 nunc
759 3859 812 3895 non
829 3845 968 3912 poenitet.
990 3846 1112 3901 ¹Noster
1136 3845 1171 3897 de
1190 3845 1238 3900 In.-

87 3921 166 3966 vent.
187 3911 241 3962 vlib.
262 3911 299 3963 Il.
327 3927 387 3979 cap.
409 3915 449 3966 13.
490 3911 587 3964 Utrum
614 3913 646 3966 s'd
670 3911 852 3977 focinus-sit,
880 3914 1122 3980 quod-poenitere
1147 3913 1237 3978 fuerit

88 3999 204 4036 necesse.
242 3981 314 4033 Vide
337 3997 388 4032 nos
418 3982 452 4032 ad
470 3982 590 4033 Minucii
609 3982 715 4033 Felicis
735 3999 796 4050 cap.
816 3982 943 4040 XXVIII.
964 3999 1028 4055 pag.
1048 3985 1108 4036 141.
1134 3983 1183 4033 ubi
1201 3985 1239 4034 si-

90 4055 169 4105 milis
189 4052 318 4105 occurrit
337 4050 474 4119 loquendi
494 4052 576 4103 ratio.
614 4051 647 4102 D.
755 4091 757 4096 .

94 4172 96 4174 ,
163 4125 235 4193 quod
249 4123 394 4190 poenitere
409 4120 520 4188 possit]
557 4123 615 4185 „V.
636 4121 714 4174 Clav.
735 4120 766 4171 in
788 4120 940 4187 poenitere.
967 4138 1026 4174 non
1053 4129 1134 4186 erat,-
1149 4140 1238 4192 quare
1277 4154 1279 4166 =

90 4197 186 4248 Lamb.
214 4195 376 4268 corrigeret
399 4189 509 4245 cuias.“
535 4190 604 4243 Era.
642 4190 794 4252 Kiihnerus
820 4192 900 4258 quod,
925 4207 983 4243 non
1009 4192 1237 4258 Nominativum,

13 4285 18 4289 ·
89 4266 138 4318 sed
156 4265 358 4318 Accusativum
377 4282 444 4328 esse,
461 4270 566 4316 'cenna
583 4261 729 4312 Davisium
748 4261 904 4325 contendit,
933 4262 1101 4331 confertque
1118 4264 1239 4315 locutio·

90 4355 150 4401 nes,
177 4337 274 4405 quales
292 4344 358 4388 sunt
377 4337 408 4388 id
425 4349 538 4402 operam
563 4331 608 4398 do,
632 4331 665 4384 id
687 4344 834 4385 succenseo.
872 4330 967 4396 Addit,
994 4340 1118 4385 vetustos
1139 4333 1260 4387 Roma?
