2856 5084
373 258 725 331 EMENDATIONES
746 264 807 330 Ab
829 265 1003 332 LIBRUM
1024 266 1050 332 l.
1228 270 1289 336 279

136 432 232 486 ciunt:
251 433 299 486 rel
312 448 347 486 ex
357 434 525 489 codice'tuo
537 435 646 505 scripto
664 435 776 504 probas,
794 434 880 488 Illum
892 441 959 487 uero'
976 443 1116 486 numerum
1127 430 1202 488 dicit
1220 450 1288 488 ease.

134 503 227 574 Atqui
244 503 320 557 illud
334 521 390 575 pro
408 507 536 559 Munatio
546 512 549 518 ’
561 506 657 559 dicere
675 505 773 568 liceat,
798 505 939 557 utramvis
964 503 1206 570 coniunctionem,
1238 523 1290 558 seu

134 591 232 630 oerum
247 575 307 628 sive
324 591 398 642 vero,
424 576 494 630 dure
520 574 571 630 bic
596 585 626 630 et
647 585 745 630 coacte
768 577 893 629 versari:
923 591 1018 644 neque
1043 575 1120 628 enim
1148 577 1290 629 sententia

134 646 192 700 tale
210 645 279 716 quid
296 648 432 715 postulat.
469 646 554 700 Alter
578 664 613 700 ex
635 648 693 700 tuis
717 648 940 718 manuscriptus,
969 646 1156 699 etvetustim
1173 655 1203 700 et
1220 648 1291 703 tide·

134 717 201 783 lior,
227 733 295 769 cam
313 717 470 840 Siponiano
488 720 550 771 iere
568 718 728 772 consentit:
763 717 849 771 habet
871 718 951 771 enim
975 716 1089 785 negauit
1113 732 1173 771 ease
1199 717 1289 784 illum,

134 796 164 841 et
180 803 235 860 pro
253 787 334 840 varia
364 790 476 843 ectiane
494 789 598 844 ullum:
630 804 728 843 oerum
750 798 848 842 autem
872 789 1018 841 similiter·
1036 788 1174 862 agnoscit
1200 790 1290 863 laege

132 875 190 910 una
206 858 327 910 literula
346 868 471 914 mutatas
489 860 661 914 Xenocrates
679 859 768 912 animi
785 861 906 926 figuram
924 865 950 912 et
962 860 1043 928 quasi
1059 874 1160 926 carpus
1176 862 1290 926 negauit

133 944 192 982 erae
209 929 318 982 ullum:
350 931 389 984 M
393 947 490 985 erum
506 947 650 985 numerum
667 931 742 986 dian
760 947 827 997 esse,
856 932 934 985 cuiue
951 930 1006 995 vis,
1030 935 1061 984 ut
1080 929 1135 984 iam
1153 937 1218 984 ante
1236 929 1291 1001 Py·

133 997 270 1068 thagorae
287 1001 378 1055 uisum
395 1009 466 1067 erat,
496 1001 528 1054 in
553 1009 653 1055 namra
675 1005 797 1056 maxime
820 1007 901 1055 earet.
939 1002 1108 1086 Eleganter,
1133 1001 1166 1054 ni
1191 1001 1290 1067 fallor,

131 1080 238 1124 merum
255 1087 406 1137 numerum,
418 1068 509 1145 ,ψιλὸν
526 1068 659 1143 ἀριθμόν,
684 1071 796 1126 merum
816 1080 846 1126 et
862 1090 968 1142 purum
985 1090 1046 1126 stne
1065 1073 1160 1147 figura
1177 1081 1291 1125 etcor-

131 1159 211 1213 pore.
249 1143 294 1213 Ita
312 1152 410 1196 nester
436 1161 518 1214 saepe
536 1144 623 1211 alibi3
651 1159 758 1198 marae.
772 1159 874 1211 nugae,
900 1159 979 1197 mera
1002 1149 1137 1209 monstra,
1171 1141 1290 1196 solitudo

131 1228 222 1278 mera,
243 1229 336 1265 merae
352 1214 579 1282 proscriptiones,
606 1215 674 1268 meri
691 1215 795 1269 Sullae.
832 1215 970 1269 Ceterum
988 1214 1023 1267 de
1040 1215 1208 1267 Xenocratis
1227 1232 1292 1268 sen·

133 1285 227 1337 tentia
244 1284 323 1336 aliud
339 1287 425 1355 plane
443 1295 541 1339 namet
559 1288 591 1356 in
608 1285 694 1340 Acad.
714 1288 763 1350 lv,
781 1287 825 1342 39.
866 1285 968 1338 Treme
985 1291 1083 1352 partes
1108 1283 1208 1339 lubeat
1227 1284 1292 1340 ani

131 1371 203 1420 mata,
222 1369 260 1407 an
277 1354 397 1426 simplex
413 1371 535 1425 unusque
551 1357 615 1412 ait?
640 1359 668 1411 si
688 1358 815 1426 simplex,
839 1363 933 1410 utrum
955 1358 992 1410 ait
1010 1357 1102 1424 ignia,
1129 1372 1168 1410 an
1186 1357 1291 1421 anima,

132 1439 171 1479 an
189 1425 328 1495 sanguis?
361 1442 405 1492 an,
430 1433 462 1480 ut
478 1429 664 1494 Xenocrates,
688 1444 783 1481 mens
807 1427 883 1480 nullo
908 1428 1043 1495 corpore?
1062 1426 1135 1498 quod
1153 1427 1291 1494 intelligi,

132 1498 213 1566 quale
229 1497 278 1562 ait,
297 1498 345 1550 uis
359 1505 457 1567 petest.
494 1499 574 1574 Erga
593 1499 644 1569 qui
661 1500 714 1551 hia
729 1512 874 1553 numerum
890 1515 949 1552 esse
974 1499 1103 1550 animum
1119 1498 1230 1566 statuit,
1250 1498 1291 1551 ibi

131 1576 247 1621 merrtem
266 1584 324 1621 esse
341 1570 414 1621 vult.
452 1571 554 1638 Neque
572 1579 670 1624 tamen
688 1571 844 1640 quidquam
861 1569 910 1621 vel
928 1571 960 1620 in
978 1569 1124 1623 codicibus
1141 1569 1293 1623 uarietatis
1371 1600 1375 1620 t

132 1648 184 1704 est,
212 1639 262 1691 vel
280 1638 437 1692 editoribus
457 1642 653 1694 dubitationis.
690 1643 736 1695 Tu
754 1657 824 1694 vero
851 1641 974 1693 fidenter
998 1656 1105 1710 repone
1128 1651 1292 1694 raumerua

130 1712 207 1764 nullo
226 1727 356 1778 corpore,·
375 1712 536 1780 quodcum
555 1713 731 1769 scriberetur
741 1713 845 1776 Nur'r'r'i,
866 1710 983 1764 facilem
1000 1712 1096 1766 errori
1110 1729 1208 1764 ansam
1225 1726 1292 1781 por-

131 1780 254 1855 rigebat.
293 1781 393 1835 Mens
416 1800 487 1836 vero
506 1791 535 1836 et
552 1801 608 1855 per
626 1801 655 1837 se
674 1800 741 1837 cum
765 1782 908 1839 sententia
930 1782 999 1846 loci,
1026 1790 1055 1835 et
1074 1781 1141 1835 alias
1160 1799 1227 1834 cum
1245 1781 1292 1834 hi·

132 1852 221 1904 storia
237 1861 357 1924 pugnat.
394 1853 545 1906 Nemesius
562 1855 597 1907 de
616 1854 727 1927 Natura
744 1854 876 1909 Hominis
900 1870 961 1923 cap.
980 1853 1020 1909 ll.
1038 1871 1067 1924 p.
1088 1856 1131 1909 to.
1161 1845 1292 1938 fludayri·

132 1939 182 1992 ρας
200 1918 232 1974 δὲ
251 1920 369 1992 ὡρίσατο
387 1922 438 1990 τὴν
462 1924 558 1992 ψυχὴν
581 1922 705 1994 ἀριθμὸν
728 1917 826 1981 ἑαυτὸν
848 1929 986 1990 κινοῦντα,
1012 1915 1034 1988 ᾧ
1059 1923 1106 1975 καὶ
1123 1919 1292 1991 Ξενοκρατης

132 1990 330 2060 ἠκολούθησεν,
349 1992 406 2045 hoc
424 2002 477 2056 est,
495 1991 673 2064 Pythagoras
691 1994 816 2061 definivit
834 1993 972 2057 'animum
1000 1992 1150 2047 Numerum
1168 1993 1295 2063 reipsum¹

132 2071 298 2118 moventem:
317 2080 394 2132 quem
413 2070 440 2116 et
458 2063 632 2119 Xenocrates
650 2071 760 2119 seculus
778 2069 829 2119 est.

204 2132 277 2187 lbid.
314 2133 386 2187 Eius
403 2134 508 2188 Daclcr
525 2137 608 2190 Plato
627 2136 764 2205 triplicem
781 2133 865 2202 fiuxit
878 2135 1022 2187 animam:
1050 2133 1130 2205 cuius
1144 2134 1291 2205 principa-

119 2198 200 2272 tum,
219 2206 310 2260 idest
328 2205 476 2269 rationem,
495 2206 526 2260 in
545 2206 637 2276 capite
655 2209 728 2261 elcut
746 2209 777 2261 in
802 2206 1004 2274 arrepserit]
1041 2206 1085 2258 Ita
1111 2221 1209 2260 omnes
1234 2206 1293 2258 edi-

133 2279 241 2331 tiones:
262 2276 312 2329 sed
329 2278 449 2342 vitiose,
468 2286 501 2329 ut
518 2279 637 2348 patebit,
656 2278 681 2328 si
699 2277 829 2330 animuin
848 2277 987 2329 advertas.
1025 2275 1135 2359 Quippe
1154 2276 1189 2329 de
1217 2278 1293 2331 uni-

129 2363 180 2402 -rao
201 2346 255 2415 ,bic
278 2347 394 2401 disserit
418 2348 533 2401 Cicero:
565 2348 715 2402 Animae
742 2357 839 2400 autem
855 2346 1035 2411 vocabulum,
1063 2363 1087 2397 si
1113 2347 1226 2416 quando
1242 2345 1293 2400 hic

132 2427 262 2489 usurpat,
289 2435 342 2488 pro
361 2424 428 2471 aire
446 2419 570 2488 accipit3
597 2429 634 2471 ut⁴
654 2418 753 2488 paullo
776 2427 851 2485 ante,
878 2417 1013 2471 Animum
1039 2421 1133 2470 autem
1156 2417 1211 2473 alii
1228 2416 1293 2472 ani·

133 2506 216 2555 mam,
237 2492 266 2542 ul
283 2490 344 2554 fere
363 2487 462 2543 nostri.
502 2489 604 2556 Quare,
631 2499 666 2541 ut
684 2489 811 2543 evitetur
829 2489 995 2564 ambiguum
1012 2502 1071 2539 non
1089 2487 1150 2542 sine
1169 2489 1292 2542 crimine

133 2561 352 2626 admittendum,
386 2559 521 2625 rescribo,
547 2558 685 2628 triplicem
712 2560 795 2625 finxit
823 2559 981 2614 animum.
1027 2555 1123 2628 Atque
1150 2559 1193 2612 ita
1214 2560 1293 2612 clare

133 2640 256 2701 uterque
275 2639 342 2683 tuus
361 2631 450 2684 codex
469 2629 593 2688 eibibet.
632 2631 708 2697 Quin
734 2639 764 2684 et
783 2629 878 2685 Codex
896 2629 1031 2683 Lambini
1050 2630 1217 2705 eleganter,
1238 2629 1294 2682 tri·

130 2701 233 2772 plicem
251 2700 334 2768 finxit
353 2701 443 2755 animi
459 2706 599 2757 naturam.
637 2702 757 2756 Animus
783 2711 880 2755 autem
898 2701 947 2755 hic
966 2701 1109 2767 Ciceroni,
1134 2701 1186 2770 qui
1204 2702 1293 2754 Grae-

133 2774 176 2824 cis
194 2766 283 2841 ψυχήτ
316 2781 351 2825 ut
368 2790 435 2825 mox
454 2790 480 2824 c.
499 2766 547 2826 XI.
584 2773 686 2830 Evolve
711 2772 864 2839 diligenter
880 2772 1009 2825 Plutonis
1028 2788 1090 2826 eum
1107 2772 1216 2838 librum,
1245 2770 1294 2839 qui

134 2848 177 2896 est
193 2843 237 2896 De
256 2842 358 2896 animo.
394 2844 455 2904 Hoc
474 2851 525 2908 est,
545 2842 660 2897 Φαίδων
677 2843 694 2908 ἢ
712 2846 783 2912 Περὶ
800 2844 904 2912 ψυχῆς.
941 2842 1089 2908 Quarein
1113 2842 1169 2894 hoc
1188 2843 1291 2912 capite,

134 2914 184 2967 ubi
202 2913 373 2966 Dicaearchi
392 2914 557 2984 opinionem
576 2916 617 2967 sic
635 2916 737 2981 refert,
755 2912 836 2971 Ntltt
847 2932 904 2968 esse
917 2915 1028 2967 omnino
1046 2911 1178 2978 animum,
1198 2919 1224 2966 et
1242 2909 1293 2966 ltoc

134 3001 195 3038 esee
214 3001 307 3038 nomen
327 2990 414 3038 totum
432 2985 525 3051 inane,
552 2989 716 3052 frustraque
733 2985 883 3039 Animalia
902 2990 928 3036 el
945 2984 1112 3037 Animantes
1137 2983 1291 3051 appellari.-

133 3072 219 3126 neque
244 3056 317 3109 enim
341 3058 372 3110 in
395 3052 503 3110 lamine
531 3056 622 3110 inesse
654 3057 787 3122 animum,
818 3056 868 3109 vel
891 3055 1025 3121 animam,
1054 3071 1103 3108 nec
1127 3053 1157 3108 in
1185 3053 1289 3107 bestia:

133 3128 249 3180 omnino
269 3134 369 3180 auctor
386 3145 458 3192 sum,
487 3132 520 3178 ut
546 3128 634 3180 verba
658 3128 702 3179 uel
724 3130 846 3182 animum
865 3126 1030 3191 eiiciantur,
1055 3134 1156 3196 utpute
1177 3143 1193 3177 a
1211 3124 1291 3178 varia

134 3198 272 3252 Lectione
297 3197 452 3272 marginali
475 3198 506 3248 in
530 3206 644 3251 textum
667 3199 785 3251 intrusa.
822 3201 897 3252 Nam
920 3197 951 3248 in
978 3197 1096 3250 Graecis
1122 3193 1291 3249 Dicaearchi

132 3287 190 3323 non
208 3269 265 3321 nisi
282 3287 372 3325 unum
390 3268 561 3321 vocabulum
586 3286 644 3322 esse
667 3271 764 3340 potuit
789 3266 874 3338 ψυχὴ.
911 3269 979 3335 Elei
999 3269 1126 3334 λέγεσθαι
1140 3270 1289 3337 Ἔμψοχα·

134 3338 273 3411 οὐδὲγὰρ
291 3341 359 3399 ὅλως
378 3337 479 3393 ἓνεῖναι
496 3335 546 3406 τὴν
564 3341 660 3410 ψυχήν
678 3334 733 3394 oiir'
754 3339 783 3394 ἐν
801 3333 954 3410 ἀνθρώπῳ,
982 3339 1039 3391 οὔτ’
1059 3336 1089 3391 ἐν
1106 3336 1200 3408 ἀλόγῳ
1220 3336 1289 3402 cip.

202 3410 269 3482 Cap.
291 3416 333 3467 11.
370 3411 479 3464 Harum
497 3415 698 3466 sententiarum
715 3428 785 3479 qzeae
802 3427 869 3475 veru
888 3409 938 3475 sil,
958 3410 1026 3463 deus
1045 3409 1151 3478 aliquis
1169 3408 1290 3461 sideriis

132 3497 202 3549 quae
219 3482 281 3536 ceri
299 3481 460 3548 simillima,
479 3490 583 3551 magna
602 3481 730 3552 quaestio
749 3487 799 3534 est.
836 3482 936 3535 Utrum
953 3480 1047 3547 igitur
1064 3481 1143 3533 inter
1160 3471 1211 3532 laea
1230 3492 1292 3530 sen-

133 3553 234 3606 tentias
260 3552 418 3606 diiudicare
442 3554 586 3617 malumus,
611 3569 649 3606 un
676 3554 716 3605 ad
740 3551 915 3622 propositum
940 3552 1059 3605 redire?
1095 3551 1131 3606 Α.
1158 3551 1292 3618 Cuperem

133 3623 261 3691 equidem
279 3629 433 3693 utrumque,
459 3624 487 3677 si
501 3631 608 3695 posset:
640 3624 690 3676 aad
715 3629 755 3677 est
776 3624 893 3689 difficile
917 3622 1115 3688 confundere]
1153 3622 1189 3674 In
1208 3622 1291 3673 Lam·

133 3692 197 3744 bini
216 3701 246 3744 et
263 3692 330 3746 Aldi
348 3695 480 3764 Nepotis,
500 3704 530 3749 et
547 3695 632 3749 credo
657 3695 689 3747 in
713 3695 777 3747 aliis
795 3694 943 3764 plerisque
969 3703 1035 3746 ante
1054 3694 1214 3748 Gruterum
1232 3691 1292 3745 edi-

134 3762 261 3815 tionibus
280 3765 320 3815 sic
337 3764 469 3831 habetur,
494 3765 549 3819 Sed
574 3772 614 3820 est
641 3766 758 3832 difficile
778 3760 840 3819 'non
862 3767 1040 3832 confundere.
1076 3767 1148 3829 Hoc,
1176 3763 1290 3834 opinor,

135 3834 169 3888 ab
188 3832 224 3885 iis
243 3833 391 3886 invectum
411 3844 461 3901 est,
482 3837 532 3906 qui
545 3839 718 3892 sententiam
737 3837 828 3906 ipsam
846 3837 999 3891 crederent
1016 3836 1189 3906 particulam
1208 3833 1291 3884 illam

129 3905 273 3979 flagitare.
312 3904 386 3975 Quid
404 3911 491 3980 ergo?
517 3926 553 3959 an
572 3907 696 3960 difficile
719 3917 781 3960 erat
800 3925 853 3961 non
872 3908 1041 3973 confundere
1059 3905 1213 3958 sententias
1231 3910 1291 3954 tam

132 3976 236 4042 varias,
266 3983 325 4028 tam
343 3976 421 4028 inter
438 3993 467 4030 se
486 3977 627 4031 diversas?
660 3979 733 4044 Quas
756 3980 835 4032 enim
860 3984 1089 4041 enumeraverat,
1117 3976 1180 4028 fere
1209 3980 1292 4026 erant

133 4048 203 4100 bae:
222 4046 356 4101 Animum
374 4062 432 4100 ease
451 4063 508 4112 cor,
527 4056 575 4102 aut
586 4049 763 4117 sanguinem,
783 4049 935 4113 cerebrum,
955 4046 1086 4112 animam,
1105 4047 1205 4112 ignem,
1224 4042 1290 4095 isar·

134 4117 268 4185 moniam,
288 4135 439 4184 numerum,
458 4116 637 4188 ἐντελέχειαν,
656 4119 737 4174 nibil.
777 4121 875 4173 Cressa
891 4119 1023 4190 proiecto
1042 4119 1170 4172 Minerva
1188 4115 1289 4178 fuerit,

135 4188 187 4260 qui
212 4188 264 4242 has
285 4199 345 4243 tam
369 4189 537 4243 dissidentes
560 4205 619 4243 non
645 4191 707 4244 sine
730 4193 899 4245 confusione
923 4198 1049 4242 tractare
1078 4197 1107 4241 et
1132 4186 1290 4239 diiudicare

134 4260 253 4332 poterit.
292 4261 347 4314 Sed
375 4262 407 4313 in
434 4261 523 4313 nullis
552 4278 671 4330 usquam
698 4262 840 4315 codicibus
868 4269 1018 4331 repertum
1041 4268 1084 4313 est
1109 4258 1183 4311 illud
1212 4272 1289 4310 non:

137 4330 214 4401 quod
232 4331 338 4386 iccirco
356 4334 503 4387 Victorius
521 4331 665 4398 omiserat,
689 4332 720 4383 in
738 4349 771 4384 ea
783 4349 821 4400 re
837 4332 1008 4402 plerumque
1031 4331 1114 4396 fidus,
1141 4347 1178 4383 ne
1197 4329 1291 4381 dicam

138 4402 358 4471 superstitiosus.
396 4405 472 4471 Quin
498 4412 528 4458 et
551 4422 567 4456 a
591 4404 649 4456 suis
667 4401 797 4457 amnibus
815 4402 935 4456 abfuisse
962 4411 1084 4456 testatus
1104 4410 1146 4455 est
1164 4398 1292 4455 Gebhar-

139 4472 206 4538 dun
225 4475 323 4545 sicque
336 4493 453 4530 manum
461 4462 499 4530 Nsle
518 4475 615 4530 tabula
625 4473 714 4541 tollit,
733 4473 814 4544 quasi
826 4474 963 4528 insititiae
982 4473 1139 4544 particulae
1151 4471 1291 4528 electione
