<?xml version="1.0" encoding="UTF-8"?>
<!DOCTYPE html PUBLIC "-//W3C//DTD XHTML 1.0 Transitional//EN"
    "http://www.w3.org/TR/xhtml1/DTD/xhtml1-transitional.dtd">
<html xmlns="http://www.w3.org/1999/xhtml" xml:lang="en" lang="en">
 <head>
  <title>
</title>
<meta http-equiv="Content-Type" content="text/html;charset=utf-8" />
  <meta name='ocr-system' content='tesseract 3.04.00' />
  <meta name='ocr-capabilities' content='ocr_page ocr_carea ocr_par ocr_line ocrx_word'/>
</head>
<body>
  <div class='ocr_page' id='page_1' title='image "./mtulliiciceroni02davigoog/mtulliiciceroni02davigoog_0095.png"; bbox 0 0 2856 5084; ppageno 0'>
   <div class='ocr_carea' id='block_1_1' title="bbox 186 244 1137 323">
    <p class='ocr_par' dir='ltr' id='par_1_1' title="bbox 186 244 1137 323">
     <span class='ocr_line' id='line_1_1' title="bbox 186 244 1137 323; baseline 0.004 -12"><span class='ocrx_word' id='word_1_1' title='bbox 186 245 248 323; x_wconf 68' lang='grc'><strong><em>166</em></strong></span> <span class='ocrx_word' id='word_1_2' title='bbox 382 244 614 313; x_wconf 83' lang='lat' dir='ltr'>CICERONIS</span> <span class='ocrx_word' id='word_1_3' title='bbox 636 246 884 313; x_wconf 77' lang='lat' dir='ltr'><strong><em>TUSCULAN.</em></strong></span> <span class='ocrx_word' id='word_1_4' title='bbox 905 249 1137 315; x_wconf 81' lang='lat' dir='ltr'><strong><em>DISPUTAT.</em></strong></span> 
     </span>
    </p>
   </div>
   <div class='ocr_carea' id='block_1_2' title="bbox 119 409 1345 501">
    <p class='ocr_par' dir='ltr' id='par_1_2' title="bbox 119 409 1345 501">
     <span class='ocr_line' id='line_1_2' title="bbox 119 409 1345 501; baseline 0.014 -34"><span class='ocrx_word' id='word_1_5' title='bbox 119 410 163 467; x_wconf 77' lang='lat' dir='ltr'><strong><em>ta·</em></strong></span> <span class='ocrx_word' id='word_1_6' title='bbox 187 409 284 476; x_wconf 81' lang='lat' dir='ltr'><strong><em>Quod</em></strong></span> <span class='ocrx_word' id='word_1_7' title='bbox 305 411 335 475; x_wconf 89' lang='lat' dir='ltr'><strong><em>si</em></strong></span> <span class='ocrx_word' id='word_1_8' title='bbox 363 421 412 477; x_wconf 88' lang='lat' dir='ltr'><strong><em>est</em></strong></span> <span class='ocrx_word' id='word_1_9' title='bbox 431 412 528 476; x_wconf 87' lang='lat' dir='ltr'><strong><em>beata</em></strong></span> <span class='ocrx_word' id='word_1_10' title='bbox 549 413 632 494; x_wconf 58' lang='lat' dir='ltr'><strong><em>vita„</em></strong></span> <span class='ocrx_word' id='word_1_11' title='bbox 652 411 827 501; x_wconf 81' lang='lat' dir='ltr'><strong><em>glorianda</em></strong></span> <span class='ocrx_word' id='word_1_12' title='bbox 848 421 882 478; x_wconf 87' lang='lat' dir='ltr'><strong><em>ct</em></strong></span> <span class='ocrx_word' id='word_1_13' title='bbox 902 412 1125 498; x_wconf 83' lang='lat' dir='ltr'><strong><em>praedicanda</em></strong></span> <span class='ocrx_word' id='word_1_14' title='bbox 1148 425 1184 481; x_wconf 85' lang='lat' dir='ltr'><strong><em>et</em></strong></span> <span class='ocrx_word' id='word_1_15' title='bbox 1204 437 1287 501; x_wconf 87' lang='lat' dir='ltr'><strong><em>prae</em></strong></span> <span class='ocrx_word' id='word_1_16' title='bbox 1307 439 1345 484; x_wconf 84' lang='lat' dir='ltr'><strong><em>so</em></strong></span> 
     </span>
    </p>
   </div>
   <div class='ocr_carea' id='block_1_3' title="bbox 127 598 1345 1519">
    <p class='ocr_par' dir='ltr' id='par_1_3' title="bbox 185 598 1345 795">
     <span class='ocr_line' id='line_1_3' title="bbox 185 598 1342 686; baseline 0.007 -33"><span class='ocrx_word' id='word_1_17' title='bbox 185 607 246 656; x_wconf 77' lang='lat' dir='ltr'><strong><em>ret.</em></strong></span> <span class='ocrx_word' id='word_1_18' title='bbox 266 598 416 668; x_wconf 86' lang='lat' dir='ltr'><strong><em>invitoque</em></strong></span> <span class='ocrx_word' id='word_1_19' title='bbox 426 599 546 655; x_wconf 75' lang='lat' dir='ltr'><strong><em>schotto</em></strong></span> <span class='ocrx_word' id='word_1_20' title='bbox 565 600 722 686; x_wconf 70' lang='lat' dir='ltr'><strong><em>legendum</em></strong></span> <span class='ocrx_word' id='word_1_21' title='bbox 732 601 851 655; x_wconf 84' lang='lat' dir='ltr'><strong><em>videtur</em></strong></span> <span class='ocrx_word' id='word_1_22' title='bbox 869 608 936 655; x_wconf 76' lang='lat' dir='ltr'><strong><em>cuin</em></strong></span> <span class='ocrx_word' id='word_1_23' title='bbox 947 603 1342 675; x_wconf 63' lang='lat' dir='ltr'><strong><em>Davisio&#39;meaeqar&#39;perara.</em></strong></span> 
     </span>
     <span class='ocr_line' id='line_1_4' title="bbox 186 669 1345 748; baseline 0.009 -26"><span class='ocrx_word' id='word_1_24' title='bbox 186 670 266 737; x_wconf 82' lang='lat' dir='ltr'><strong><em>Quod</em></strong></span> <span class='ocrx_word' id='word_1_25' title='bbox 283 669 316 722; x_wconf 91' lang='lat' dir='ltr'><strong><em>de</em></strong></span> <span class='ocrx_word' id='word_1_26' title='bbox 334 688 433 722; x_wconf 82' lang='lat' dir='ltr'><strong><em>versus</em></strong></span> <span class='ocrx_word' id='word_1_27' title='bbox 452 671 558 725; x_wconf 79' lang='lat' dir='ltr'><strong>duritie</strong></span> <span class='ocrx_word' id='word_1_28' title='bbox 577 671 659 739; x_wconf 71' lang='lat' dir='ltr'><strong><em>decit,</em></strong></span> <span class='ocrx_word' id='word_1_29' title='bbox 686 673 718 726; x_wconf 89' lang='lat' dir='ltr'><strong><em>id</em></strong></span> <span class='ocrx_word' id='word_1_30' title='bbox 740 673 816 743; x_wconf 86' lang='lat' dir='ltr'><strong><em>apud</em></strong></span> <span class='ocrx_word' id='word_1_31' title='bbox 832 674 961 729; x_wconf 86' lang='lat' dir='ltr'><strong><em>Ennium</em></strong></span> <span class='ocrx_word' id='word_1_32' title='bbox 986 674 1105 743; x_wconf 85' lang='lat' dir='ltr'><strong><em>quidem</em></strong></span> <span class='ocrx_word' id='word_1_33' title='bbox 1128 676 1239 730; x_wconf 85' lang='lat' dir='ltr'><strong><em>nullius</em></strong></span> <span class='ocrx_word' id='word_1_34' title='bbox 1257 678 1345 748; x_wconf 80' lang='lat' dir='ltr'><strong><em>plane</em></strong></span> 
     </span>
     <span class='ocr_line' id='line_1_5' title="bbox 186 740 525 795; baseline -0.015 -1"><span class='ocrx_word' id='word_1_35' title='bbox 186 749 228 795; x_wconf 83' lang='lat' dir='ltr'><strong><em>est</em></strong></span> <span class='ocrx_word' id='word_1_36' title='bbox 246 741 416 795; x_wconf 87' lang='lat' dir='ltr'><strong><em>momenti.“</em></strong></span> <span class='ocrx_word' id='word_1_37' title='bbox 436 740 525 795; x_wconf 81' lang='lat' dir='ltr'><strong><em>Boud.</em></strong></span> 
     </span>
    </p>

    <p class='ocr_par' dir='ltr' id='par_1_4' title="bbox 257 808 1344 894">
     <span class='ocr_line' id='line_1_6' title="bbox 257 808 1344 894; baseline 0.006 -28"><span class='ocrx_word' id='word_1_38' title='bbox 257 809 312 866; x_wconf 78' lang='lat' dir='ltr'><strong><em>Qvi</em></strong></span> <span class='ocrx_word' id='word_1_39' title='bbox 328 811 414 874; x_wconf 74' lang='lat' dir='ltr'><strong><em>factis</em></strong></span> <span class='ocrx_word' id='word_1_40' title='bbox 433 831 478 865; x_wconf 89' lang='lat' dir='ltr'><strong><em>me</em></strong></span> <span class='ocrx_word' id='word_1_41' title='bbox 498 814 680 882; x_wconf 77' lang='lat' dir='ltr'><strong><em>aequiperare</em></strong></span> <span class='ocrx_word' id='word_1_42' title='bbox 705 813 799 884; x_wconf 70' lang='grc' dir='ltr'><strong><em>φεεαι]</em></strong></span> <span class='ocrx_word' id='word_1_43' title='bbox 838 814 888 866; x_wconf 86' lang='grc' dir='ltr'><strong><em>Με</em></strong></span> <span class='ocrx_word' id='word_1_44' title='bbox 911 815 1001 867; x_wconf 89' lang='lat' dir='ltr'><strong><em>trium</em></strong></span> <span class='ocrx_word' id='word_1_45' title='bbox 1020 818 1172 867; x_wconf 88' lang='lat' dir='ltr'><strong><em>Msstorum</em></strong></span> <span class='ocrx_word' id='word_1_46' title='bbox 1196 808 1344 894; x_wconf 81' lang='lat' dir='ltr'><strong><em>suffragiis</em></strong></span> 
     </span>
    </p>

    <p class='ocr_par' dir='ltr' id='par_1_5' title="bbox 127 880 1345 965">
     <span class='ocr_line' id='line_1_7' title="bbox 127 880 1345 965; baseline 0.009 -33"><span class='ocrx_word' id='word_1_47' title='bbox 127 925 131 932; x_wconf 86' lang='lat'><strong><em>.</em></strong></span> <span class='ocrx_word' id='word_1_48' title='bbox 184 881 259 935; x_wconf 74' lang='lat' dir='ltr'><strong><em>:nala</em></strong></span> <span class='ocrx_word' id='word_1_49' title='bbox 284 880 466 957; x_wconf 72' lang='lat' dir='ltr'><strong><em>ablegaverat</em></strong></span> <span class='ocrx_word' id='word_1_50' title='bbox 490 886 579 936; x_wconf 88' lang='lat' dir='ltr'><strong><em>Janus</em></strong></span> <span class='ocrx_word' id='word_1_51' title='bbox 599 885 774 937; x_wconf 84' lang='lat' dir='ltr'><strong><em>Gebhardus.</em></strong></span> <span class='ocrx_word' id='word_1_52' title='bbox 813 883 885 938; x_wconf 79' lang='lat' dir='ltr'><strong><em>Cum</em></strong></span> <span class='ocrx_word' id='word_1_53' title='bbox 903 902 973 939; x_wconf 86' lang='lat' dir='ltr'><strong><em>vero</em></strong></span> <span class='ocrx_word' id='word_1_54' title='bbox 996 902 1148 953; x_wconf 82' lang='lat' dir='ltr'><strong><em>pronomen</em></strong></span> <span class='ocrx_word' id='word_1_55' title='bbox 1166 887 1243 941; x_wconf 91' lang='lat' dir='ltr'><strong><em>illud</em></strong></span> <span class='ocrx_word' id='word_1_56' title='bbox 1260 891 1345 965; x_wconf 82' lang='lat' dir='ltr'><strong><em>flagi·</em></strong></span> 
     </span>
    </p>

    <p class='ocr_par' dir='ltr' id='par_1_6' title="bbox 175 955 1344 1084">
     <span class='ocr_line' id='line_1_8' title="bbox 184 955 1344 1077; baseline 0.009 -74"><span class='ocrx_word' id='word_1_57' title='bbox 184 960 260 1077; x_wconf 53' lang='lat' dir='ltr'><strong><em>gordi</em></strong></span> <span class='ocrx_word' id='word_1_58' title='bbox 279 968 385 1077; x_wconf 58' lang='lat' dir='ltr'><strong><em>seustqq,</em></strong></span> <span class='ocrx_word' id='word_1_59' title='bbox 411 955 604 1009; x_wconf 87' lang='lat' dir='ltr'><strong><em>reducendum</em></strong></span> <span class='ocrx_word' id='word_1_60' title='bbox 627 957 737 1026; x_wconf 86' lang='lat' dir='ltr'><strong><em>putavi,</em></strong></span> <span class='ocrx_word' id='word_1_61' title='bbox 767 956 840 1010; x_wconf 85' lang='lat' dir='ltr'><strong><em>licet</em></strong></span> <span class='ocrx_word' id='word_1_62' title='bbox 859 955 1066 1009; x_wconf 86' lang='lat' dir='ltr'><strong><em>Gebhardianis</em></strong></span> <span class='ocrx_word' id='word_1_63' title='bbox 1090 957 1226 1012; x_wconf 80' lang='lat' dir='ltr'><strong><em>accedant</em></strong></span> <span class='ocrx_word' id='word_1_64' title='bbox 1249 962 1344 1014; x_wconf 82' lang='lat' dir='ltr'><strong>nostri</strong></span> 
     </span>
     <span class='ocr_line' id='line_1_9' title="bbox 175 1039 388 1084; baseline 0 -9"><span class='ocrx_word' id='word_1_65' title='bbox 175 1039 182 1051; x_wconf 93' lang='lat'><strong>·</strong></span> <span class='ocrx_word' id='word_1_66' title='bbox 256 1039 311 1076; x_wconf 87' lang='lat' dir='ltr'><strong><em>ces.</em></strong></span> <span class='ocrx_word' id='word_1_67' title='bbox 381 1062 388 1084; x_wconf 90' lang='grc'><strong><em>,</em></strong></span> 
     </span>
    </p>

    <p class='ocr_par' dir='ltr' id='par_1_7' title="bbox 182 1093 1345 1519">
     <span class='ocr_line' id='line_1_10' title="bbox 254 1093 1345 1170; baseline 0.008 -23"><span class='ocrx_word' id='word_1_68' title='bbox 254 1110 298 1152; x_wconf 83' lang='lat' dir='ltr'><strong><em>me</em></strong></span> <span class='ocrx_word' id='word_1_69' title='bbox 316 1093 518 1164; x_wconf 77' lang='lat' dir='ltr'><strong><em>aequiperare]</em></strong></span> <span class='ocrx_word' id='word_1_70' title='bbox 555 1094 686 1161; x_wconf 83' lang='lat' dir='ltr'><strong>„Addidi</strong></span> <span class='ocrx_word' id='word_1_71' title='bbox 704 1114 747 1149; x_wconf 84' lang='lat' dir='ltr'><strong><em>me</em></strong></span> <span class='ocrx_word' id='word_1_72' title='bbox 766 1115 832 1151; x_wconf 88' lang='lat' dir='ltr'><strong><em>cum</em></strong></span> <span class='ocrx_word' id='word_1_73' title='bbox 850 1097 975 1162; x_wconf 74' lang='lat' dir='ltr'><strong><em>Derieis,</em></strong></span> <span class='ocrx_word' id='word_1_74' title='bbox 993 1097 1073 1150; x_wconf 84' lang='lat' dir='ltr'><strong><em>salvo</em></strong></span> <span class='ocrx_word' id='word_1_75' title='bbox 1090 1115 1178 1151; x_wconf 85' lang='lat' dir='ltr'><strong><em>versu</em></strong></span> <span class='ocrx_word' id='word_1_76' title='bbox 1197 1108 1228 1152; x_wconf 89' lang='lat' dir='ltr'><strong><em>et</em></strong></span> <span class='ocrx_word' id='word_1_77' title='bbox 1244 1110 1345 1170; x_wconf 81' lang='lat' dir='ltr'><strong><em>postu-</em></strong></span> 
     </span>
     <span class='ocr_line' id='line_1_11' title="bbox 182 1163 1345 1226; baseline 0.008 -9"><span class='ocrx_word' id='word_1_78' title='bbox 182 1163 261 1221; x_wconf 81' lang='lat' dir='ltr'><strong><em>lante</em></strong></span> <span class='ocrx_word' id='word_1_79' title='bbox 280 1182 371 1218; x_wconf 87' lang='lat' dir='ltr'><strong><em>sensu.</em></strong></span> <span class='ocrx_word' id='word_1_80' title='bbox 408 1167 461 1218; x_wconf 84' lang='lat' dir='ltr'><strong><em>Est</em></strong></span> <span class='ocrx_word' id='word_1_81' title='bbox 479 1175 573 1219; x_wconf 88' lang='lat' dir='ltr'><strong><em>autem</em></strong></span> <span class='ocrx_word' id='word_1_82' title='bbox 591 1183 635 1219; x_wconf 85' lang='lat' dir='ltr'><strong><em>me</em></strong></span> <span class='ocrx_word' id='word_1_83' title='bbox 653 1168 685 1218; x_wconf 89' lang='lat' dir='ltr'><strong><em>in</em></strong></span> <span class='ocrx_word' id='word_1_84' title='bbox 703 1169 774 1220; x_wconf 83' lang='lat' dir='ltr'><strong><em>Edd.</em></strong></span> <span class='ocrx_word' id='word_1_85' title='bbox 795 1170 877 1222; x_wconf 89' lang='lat' dir='ltr'><strong><em>Junt.</em></strong></span> <span class='ocrx_word' id='word_1_86' title='bbox 897 1168 960 1221; x_wconf 82' lang='lat' dir='ltr'><strong><em>ald.</em></strong></span> <span class='ocrx_word' id='word_1_87' title='bbox 980 1172 1004 1222; x_wconf 90' lang='lat'><strong><em>1.</em></strong></span> <span class='ocrx_word' id='word_1_88' title='bbox 1025 1168 1103 1222; x_wconf 87' lang='lat' dir='ltr'><strong><em>etc.“</em></strong></span> <span class='ocrx_word' id='word_1_89' title='bbox 1122 1170 1190 1223; x_wconf 66' lang='lat' dir='ltr'><strong><em>Era.</em></strong></span> <span class='ocrx_word' id='word_1_90' title='bbox 1210 1171 1345 1226; x_wconf 86' lang='lat' dir='ltr'><strong><em>Tucntur</em></strong></span> 
     </span>
     <span class='ocr_line' id='line_1_12' title="bbox 182 1233 1341 1311; baseline 0.009 -24"><span class='ocrx_word' id='word_1_91' title='bbox 182 1244 302 1289; x_wconf 73' lang='lat' dir='ltr'><strong><em>matres</em></strong></span> <span class='ocrx_word' id='word_1_92' title='bbox 322 1235 393 1289; x_wconf 82' lang='lat' dir='ltr'><strong><em>Oxx.</em></strong></span> <span class='ocrx_word' id='word_1_93' title='bbox 413 1233 510 1288; x_wconf 88' lang='lat' dir='ltr'><strong><em>Duisb.</em></strong></span> <span class='ocrx_word' id='word_1_94' title='bbox 531 1237 675 1301; x_wconf 87' lang='lat' dir='ltr'><strong><em>(sedante</em></strong></span> <span class='ocrx_word' id='word_1_95' title='bbox 693 1238 794 1305; x_wconf 73' lang='lat' dir='ltr'><strong><em>factis)</em></strong></span> <span class='ocrx_word' id='word_1_96' title='bbox 821 1243 897 1292; x_wconf 88' lang='lat' dir='ltr'><strong><em>Mon.</em></strong></span> <span class='ocrx_word' id='word_1_97' title='bbox 908 1245 942 1311; x_wconf 61' lang='lat'><strong><em>1¹·</em></strong></span> <span class='ocrx_word' id='word_1_98' title='bbox 962 1240 1058 1304; x_wconf 82' lang='lat' dir='ltr'><strong><em>(item)</em></strong></span> <span class='ocrx_word' id='word_1_99' title='bbox 1077 1238 1148 1292; x_wconf 81' lang='lat' dir='ltr'><strong><em>Edd.</em></strong></span> <span class='ocrx_word' id='word_1_100' title='bbox 1169 1241 1203 1295; x_wconf 84' lang='lat' dir='ltr'><strong><em>A.</em></strong></span> <span class='ocrx_word' id='word_1_101' title='bbox 1222 1242 1255 1299; x_wconf 87' lang='lat' dir='ltr'><strong><em>B.</em></strong></span> <span class='ocrx_word' id='word_1_102' title='bbox 1275 1247 1341 1298; x_wconf 85' lang='lat' dir='ltr'><strong><em>Asc.</em></strong></span> 
     </span>
     <span class='ocr_line' id='line_1_13' title="bbox 184 1305 1342 1380; baseline 0.004 -18"><span class='ocrx_word' id='word_1_103' title='bbox 184 1309 254 1363; x_wconf 74' lang='grc' dir='ltr'><strong><em>Η.</em></strong></span> <span class='ocrx_word' id='word_1_104' title='bbox 284 1305 372 1370; x_wconf 82' lang='lat' dir='ltr'><strong><em>(item</em></strong></span> <span class='ocrx_word' id='word_1_105' title='bbox 395 1323 439 1361; x_wconf 81' lang='lat' dir='ltr'><strong><em>me</em></strong></span> <span class='ocrx_word' id='word_1_106' title='bbox 462 1317 527 1362; x_wconf 87' lang='lat' dir='ltr'><strong><em>ante</em></strong></span> <span class='ocrx_word' id='word_1_107' title='bbox 551 1309 655 1374; x_wconf 71' lang='lat' dir='ltr'><strong><em>factis)</em></strong></span> <span class='ocrx_word' id='word_1_108' title='bbox 676 1318 706 1360; x_wconf 89' lang='lat' dir='ltr'><strong><em>ct</em></strong></span> <span class='ocrx_word' id='word_1_109' title='bbox 733 1326 830 1362; x_wconf 73' lang='lat' dir='ltr'><strong><em>ornnes</em></strong></span> <span class='ocrx_word' id='word_1_110' title='bbox 849 1318 915 1362; x_wconf 87' lang='lat' dir='ltr'><strong><em>ante</em></strong></span> <span class='ocrx_word' id='word_1_111' title='bbox 935 1310 1025 1366; x_wconf 85' lang='lat' dir='ltr'><strong><em>Gebb.</em></strong></span> <span class='ocrx_word' id='word_1_112' title='bbox 1053 1318 1171 1380; x_wconf 83' lang='lat' dir='ltr'><strong><em>excepta</em></strong></span> <span class='ocrx_word' id='word_1_113' title='bbox 1190 1313 1261 1365; x_wconf 76' lang='lat' dir='ltr'><strong><em>ten.</em></strong></span> <span class='ocrx_word' id='word_1_114' title='bbox 1281 1314 1342 1367; x_wconf 87' lang='lat' dir='ltr'><strong><em>Alt.</em></strong></span> 
     </span>
     <span class='ocr_line' id='line_1_14' title="bbox 183 1375 1342 1448; baseline 0.008 -21"><span class='ocrx_word' id='word_1_115' title='bbox 183 1376 330 1432; x_wconf 80' lang='lat' dir='ltr'><strong><em>Scribitur</em></strong></span> <span class='ocrx_word' id='word_1_116' title='bbox 355 1375 562 1448; x_wconf 67' lang='lat' dir='ltr'><strong><em>aequiparare</em></strong></span> <span class='ocrx_word' id='word_1_117' title='bbox 586 1379 618 1431; x_wconf 89' lang='lat' dir='ltr'><strong><em>in</em></strong></span> <span class='ocrx_word' id='word_1_118' title='bbox 644 1394 701 1432; x_wconf 91' lang='lat' dir='ltr'><strong><em>uno</em></strong></span> <span class='ocrx_word' id='word_1_119' title='bbox 727 1381 777 1435; x_wconf 82' lang='lat' dir='ltr'><strong><em>Ox.</em></strong></span> <span class='ocrx_word' id='word_1_120' title='bbox 806 1379 879 1433; x_wconf 83' lang='lat' dir='ltr'><strong>Edd.</strong></span> <span class='ocrx_word' id='word_1_121' title='bbox 904 1378 933 1438; x_wconf 90' lang='lat' dir='ltr'><strong><em>S.</em></strong></span> <span class='ocrx_word' id='word_1_122' title='bbox 959 1380 992 1434; x_wconf 85' lang='grc' dir='ltr'><strong><em>Ε.</em></strong></span> <span class='ocrx_word' id='word_1_123' title='bbox 1020 1383 1058 1434; x_wconf 86' lang='grc' dir='ltr'><strong><em>Μ.</em></strong></span> <span class='ocrx_word' id='word_1_124' title='bbox 1083 1381 1117 1433; x_wconf 84' lang='lat' dir='ltr'><strong><em>L.</em></strong></span> <span class='ocrx_word' id='word_1_125' title='bbox 1144 1381 1211 1436; x_wconf 85' lang='lat' dir='ltr'><strong><em>Ald.</em></strong></span> <span class='ocrx_word' id='word_1_126' title='bbox 1229 1382 1342 1442; x_wconf 83' lang='lat' dir='ltr'><strong><em>Sturm.</em></strong></span> 
     </span>
     <span class='ocr_line' id='line_1_15' title="bbox 184 1445 676 1519; baseline -0.004 -17"><span class='ocrx_word' id='word_1_127' title='bbox 184 1446 264 1519; x_wconf 83' lang='lat' dir='ltr'><strong><em>sylb.</em></strong></span> <span class='ocrx_word' id='word_1_128' title='bbox 285 1448 348 1501; x_wconf 83' lang='lat' dir='ltr'><strong><em>Ca&#39;r.</em></strong></span> <span class='ocrx_word' id='word_1_129' title='bbox 370 1445 469 1518; x_wconf 87' lang='lat' dir='ltr'><strong><em>Ste&#39;ph.</em></strong></span> <span class='ocrx_word' id='word_1_130' title='bbox 491 1450 578 1502; x_wconf 88' lang='lat' dir='ltr'><strong><em>Goth.</em></strong></span> <span class='ocrx_word' id='word_1_131' title='bbox 616 1450 676 1502; x_wconf 88' lang='lat' dir='ltr'><strong><em>Mr.</em></strong></span> 
     </span>
    </p>
   </div>
   <div class='ocr_carea' id='block_1_4' title="bbox 80 1537 1424 3447">
    <p class='ocr_par' dir='ltr' id='par_1_8' title="bbox 80 1537 1424 3447">
     <span class='ocr_line' id='line_1_16' title="bbox 255 1537 1340 1613; baseline 0.004 -21"><span class='ocrx_word' id='word_1_132' title='bbox 255 1537 336 1592; x_wconf 78' lang='lat' dir='ltr'><strong><em>ausa</em></strong></span> <span class='ocrx_word' id='word_1_133' title='bbox 359 1537 387 1590; x_wconf 76' lang='lat' dir='ltr'><strong><em>ai</em></strong></span> <span class='ocrx_word' id='word_1_134' title='bbox 409 1538 490 1591; x_wconf 82' lang='lat' dir='ltr'><strong><em>beata</em></strong></span> <span class='ocrx_word' id='word_1_135' title='bbox 508 1537 585 1605; x_wconf 79' lang='lat' dir='ltr'><strong><em>aila]</em></strong></span> <span class='ocrx_word' id='word_1_136' title='bbox 622 1537 774 1612; x_wconf 75' lang='lat' dir='ltr'><strong><em>„corrigit</em></strong></span> <span class='ocrx_word' id='word_1_137' title='bbox 798 1537 849 1591; x_wconf 89' lang='lat' dir='ltr'><strong><em>hic</em></strong></span> <span class='ocrx_word' id='word_1_138' title='bbox 868 1539 964 1600; x_wconf 77' lang='lat' dir='ltr'><strong><em>bamb.</em></strong></span> <span class='ocrx_word' id='word_1_139' title='bbox 984 1540 1188 1613; x_wconf 77' lang='lat' dir='ltr'><strong><em>pugnantibus,</em></strong></span> <span class='ocrx_word' id='word_1_140' title='bbox 1208 1550 1241 1594; x_wconf 89' lang='lat' dir='ltr'><strong><em>ut</em></strong></span> <span class='ocrx_word' id='word_1_141' title='bbox 1256 1542 1340 1609; x_wconf 76' lang='lat' dir='ltr'><strong><em>solet,</em></strong></span> 
     </span>
     <span class='ocr_line' id='line_1_17' title="bbox 182 1606 1338 1680; baseline 0.007 -22"><span class='ocrx_word' id='word_1_142' title='bbox 182 1606 267 1659; x_wconf 83' lang='lat' dir='ltr'><strong><em>lib&#39;ris</em></strong></span> <span class='ocrx_word' id='word_1_143' title='bbox 285 1608 424 1672; x_wconf 87' lang='lat' dir='ltr'><strong><em>omuibus,</em></strong></span> <span class='ocrx_word' id='word_1_144' title='bbox 445 1608 517 1679; x_wconf 86' lang='lat' dir='ltr'><strong><em>quod</em></strong></span> <span class='ocrx_word' id='word_1_145' title='bbox 534 1608 561 1662; x_wconf 82' lang='lat' dir='ltr'><strong><em>oi</em></strong></span> <span class='ocrx_word' id='word_1_146' title='bbox 579 1613 646 1673; x_wconf 84' lang='grc' dir='ltr'><strong><em>εει,</em></strong></span> <span class='ocrx_word' id='word_1_147' title='bbox 666 1610 745 1662; x_wconf 86' lang='grc' dir='ltr'><strong><em>εοια</em></strong></span> <span class='ocrx_word' id='word_1_148' title='bbox 763 1609 915 1663; x_wconf 80' lang='lat' dir='ltr'><strong><em>deataoita</em></strong></span> <span class='ocrx_word' id='word_1_149' title='bbox 928 1609 1083 1677; x_wconf 77' lang='lat' dir='ltr'><strong><em>glorianda</em></strong></span> <span class='ocrx_word' id='word_1_150' title='bbox 1097 1619 1125 1663; x_wconf 83' lang='lat' dir='ltr'><strong><em>et</em></strong></span> <span class='ocrx_word' id='word_1_151' title='bbox 1137 1614 1338 1680; x_wconf 82' lang='lat' dir='ltr'><strong><em>praedicanda.</em></strong></span> 
     </span>
     <span class='ocr_line' id='line_1_18' title="bbox 182 1676 1342 1756; baseline 0.006 -26"><span class='ocrx_word' id='word_1_152' title='bbox 182 1676 221 1730; x_wconf 81' lang='lat' dir='ltr'><strong><em>At</em></strong></span> <span class='ocrx_word' id='word_1_153' title='bbox 239 1683 351 1732; x_wconf 76' lang='lat' dir='ltr'><strong><em>mdtare</em></strong></span> <span class='ocrx_word' id='word_1_154' title='bbox 371 1680 441 1747; x_wconf 90' lang='lat' dir='ltr'><strong><em>quid</em></strong></span> <span class='ocrx_word' id='word_1_155' title='bbox 460 1681 580 1732; x_wconf 81' lang='lat' dir='ltr'><strong><em>attinet?</em></strong></span> <span class='ocrx_word' id='word_1_156' title='bbox 606 1680 723 1733; x_wconf 90' lang='lat' dir='ltr'><strong><em>ductum</em></strong></span> <span class='ocrx_word' id='word_1_157' title='bbox 750 1680 879 1732; x_wconf 84' lang='lat' dir='ltr'><strong><em>animab</em></strong></span> <span class='ocrx_word' id='word_1_158' title='bbox 904 1681 1047 1732; x_wconf 88' lang='lat' dir='ltr'><strong><em>adiunctis</em></strong></span> <span class='ocrx_word' id='word_1_159' title='bbox 1066 1691 1281 1756; x_wconf 80' lang='lat' dir='ltr'><strong><em>argumentum:</em></strong></span> <span class='ocrx_word' id='word_1_160' title='bbox 1312 1683 1342 1737; x_wconf 76' lang='grc' dir='ltr'><strong><em>εἰ</em></strong></span> 
     </span>
     <span class='ocr_line' id='line_1_19' title="bbox 182 1748 1338 1819; baseline 0.006 -19"><span class='ocrx_word' id='word_1_161' title='bbox 182 1754 225 1802; x_wconf 81' lang='lat' dir='ltr'><strong><em>eat</em></strong></span> <span class='ocrx_word' id='word_1_162' title='bbox 243 1748 323 1802; x_wconf 83' lang='lat' dir='ltr'><strong><em>beatu</em></strong></span> <span class='ocrx_word' id='word_1_163' title='bbox 341 1749 401 1802; x_wconf 80' lang='lat' dir='ltr'><strong><em>uita</em></strong></span> <span class='ocrx_word' id='word_1_164' title='bbox 420 1750 585 1817; x_wconf 81' lang='lat' dir='ltr'><strong><em>glorianda,</em></strong></span> <span class='ocrx_word' id='word_1_165' title='bbox 611 1754 696 1806; x_wconf 79' lang='lat' dir='ltr'><strong><em>etiam</em></strong></span> <span class='ocrx_word' id='word_1_166' title='bbox 711 1750 880 1819; x_wconf 83' lang='lat' dir='ltr'><strong><em>praedicare</em></strong></span> <span class='ocrx_word' id='word_1_167' title='bbox 902 1767 963 1803; x_wconf 86' lang='lat' dir='ltr'><strong><em>eam</em></strong></span> <span class='ocrx_word' id='word_1_168' title='bbox 982 1757 1009 1802; x_wconf 86' lang='lat' dir='ltr'><strong><em>et</em></strong></span> <span class='ocrx_word' id='word_1_169' title='bbox 1026 1758 1164 1806; x_wconf 84' lang='lat' dir='ltr'><strong><em>ostentare</em></strong></span> <span class='ocrx_word' id='word_1_170' title='bbox 1182 1754 1277 1808; x_wconf 85' lang='grc' dir='ltr'><strong><em>ιιεει.“</em></strong></span> <span class='ocrx_word' id='word_1_171' title='bbox 1302 1756 1338 1807; x_wconf 79' lang='grc' dir='ltr'><strong><em>Α.</em></strong></span> 
     </span>
     <span class='ocr_line' id='line_1_20' title="bbox 182 1817 1424 1888; baseline 0.005 -17"><span class='ocrx_word' id='word_1_172' title='bbox 182 1817 289 1876; x_wconf 73' lang='lat' dir='ltr'><strong><em>scaea.</em></strong></span> <span class='ocrx_word' id='word_1_173' title='bbox 313 1819 333 1873; x_wconf 87' lang='lat' dir='ltr'><strong><em>l.</em></strong></span> <span class='ocrx_word' id='word_1_174' title='bbox 355 1838 378 1874; x_wconf 85' lang='lat' dir='ltr'><strong><em>c.</em></strong></span> <span class='ocrx_word' id='word_1_175' title='bbox 402 1839 431 1888; x_wconf 88' lang='lat' dir='ltr'><strong><em>p.</em></strong></span> <span class='ocrx_word' id='word_1_176' title='bbox 451 1823 515 1875; x_wconf 87' lang='grc'><strong>336.</strong></span> <span class='ocrx_word' id='word_1_177' title='bbox 552 1823 733 1886; x_wconf 59' lang='lat' dir='ltr'><strong><em>„Lambinus</em></strong></span> <span class='ocrx_word' id='word_1_178' title='bbox 757 1828 791 1872; x_wconf 89' lang='lat' dir='ltr'><strong><em>ut</em></strong></span> <span class='ocrx_word' id='word_1_179' title='bbox 814 1821 889 1873; x_wconf 88' lang='lat' dir='ltr'><strong><em>mihi</em></strong></span> <span class='ocrx_word' id='word_1_180' title='bbox 914 1821 1041 1886; x_wconf 80' lang='lat' dir='ltr'><strong><em>videtur,</em></strong></span> <span class='ocrx_word' id='word_1_181' title='bbox 1067 1824 1238 1876; x_wconf 88' lang='lat' dir='ltr'><strong><em>rectissime.</em></strong></span> <span class='ocrx_word' id='word_1_182' title='bbox 1274 1825 1341 1878; x_wconf 81' lang='lat' dir='ltr'><strong><em>Nisi</em></strong></span> <span class='ocrx_word' id='word_1_183' title='bbox 1411 1852 1424 1865; x_wconf 56' lang='lat' dir='ltr'><strong><em>a</em></strong></span> 
     </span>
     <span class='ocr_line' id='line_1_21' title="bbox 182 1889 1341 1962; baseline 0.004 -20"><span class='ocrx_word' id='word_1_184' title='bbox 182 1889 303 1944; x_wconf 81' lang='lat' dir='ltr'><strong><em>addatur</em></strong></span> <span class='ocrx_word' id='word_1_185' title='bbox 319 1891 442 1944; x_wconf 84' lang='lat' dir='ltr'><strong><em>verbum</em></strong></span> <span class='ocrx_word' id='word_1_186' title='bbox 461 1898 511 1956; x_wconf 90' lang='grc' dir='ltr'><strong><em>εει,</em></strong></span> <span class='ocrx_word' id='word_1_187' title='bbox 524 1891 622 1962; x_wconf 78' lang='lat' dir='ltr'><strong><em>¹oratio</em></strong></span> <span class='ocrx_word' id='word_1_188' title='bbox 642 1892 803 1946; x_wconf 84' lang='lat' dir='ltr'><strong><em>claudicare</em></strong></span> <span class='ocrx_word' id='word_1_189' title='bbox 823 1902 852 1945; x_wconf 92' lang='lat' dir='ltr'><strong><em>et</em></strong></span> <span class='ocrx_word' id='word_1_190' title='bbox 870 1910 970 1944; x_wconf 88' lang='lat' dir='ltr'><strong><em>manca</em></strong></span> <span class='ocrx_word' id='word_1_191' title='bbox 994 1892 1080 1961; x_wconf 85' lang='lat' dir='ltr'><strong><em>plane</em></strong></span> <span class='ocrx_word' id='word_1_192' title='bbox 1100 1910 1158 1946; x_wconf 86' lang='lat' dir='ltr'><strong><em>esse</em></strong></span> <span class='ocrx_word' id='word_1_193' title='bbox 1177 1894 1341 1948; x_wconf 81' lang='lat' dir='ltr'><strong><em>videatur.“</em></strong></span> 
     </span>
     <span class='ocr_line' id='line_1_22' title="bbox 181 1962 1340 2035; baseline 0.003 -20"><span class='ocrx_word' id='word_1_194' title='bbox 181 1962 267 2015; x_wconf 77' lang='lat' dir='ltr'><strong><em>arur.</em></strong></span> <span class='ocrx_word' id='word_1_195' title='bbox 305 1963 403 2027; x_wconf 88' lang='lat' dir='ltr'><strong><em>„Haec</em></strong></span> <span class='ocrx_word' id='word_1_196' title='bbox 430 1970 472 2015; x_wconf 89' lang='lat' dir='ltr'><strong><em>est</em></strong></span> <span class='ocrx_word' id='word_1_197' title='bbox 496 1963 684 2032; x_wconf 66' lang='lat' dir='ltr'><strong><em>complexio„</em></strong></span> <span class='ocrx_word' id='word_1_198' title='bbox 701 1963 732 2015; x_wconf 92' lang='lat' dir='ltr'><strong><em>in</em></strong></span> <span class='ocrx_word' id='word_1_199' title='bbox 760 1979 815 2031; x_wconf 90' lang='lat' dir='ltr'><strong><em>qua</em></strong></span> <span class='ocrx_word' id='word_1_200' title='bbox 834 1981 869 2015; x_wconf 83' lang='lat' dir='ltr'><strong><em>ex</em></strong></span> <span class='ocrx_word' id='word_1_201' title='bbox 893 1963 1053 2016; x_wconf 86' lang='lat' dir='ltr'><strong><em>remotione</em></strong></span> <span class='ocrx_word' id='word_1_202' title='bbox 1071 1962 1192 2016; x_wconf 88' lang='lat' dir='ltr'><strong><em>duarum</em></strong></span> <span class='ocrx_word' id='word_1_203' title='bbox 1210 1967 1340 2035; x_wconf 80' lang='lat' dir='ltr'><strong><em>partium</em></strong></span> 
     </span>
     <span class='ocr_line' id='line_1_23' title="bbox 182 2031 1383 2110; baseline 0.003 -26"><span class='ocrx_word' id='word_1_204' title='bbox 182 2031 382 2086; x_wconf 84' lang='lat' dir='ltr'><strong><em>disiunctionis</em></strong></span> <span class='ocrx_word' id='word_1_205' title='bbox 405 2033 571 2103; x_wconf 87' lang='lat' dir='ltr'><strong><em>tripartitae</em></strong></span> <span class='ocrx_word' id='word_1_206' title='bbox 596 2042 699 2102; x_wconf 86' lang='lat' dir='ltr'><strong><em>quarta</em></strong></span> <span class='ocrx_word' id='word_1_207' title='bbox 725 2033 916 2085; x_wconf 88' lang='lat' dir='ltr'><strong><em>concluditur.</em></strong></span> <span class='ocrx_word' id='word_1_208' title='bbox 940 2033 1027 2105; x_wconf 17' lang='lat' dir='ltr'><strong><em>&#39;Male</em></strong></span> <span class='ocrx_word' id='word_1_209' title='bbox 1047 2033 1057 2083; x_wconf 93' lang='lat' dir='ltr'><strong><em>i</em></strong></span> <span class='ocrx_word' id='word_1_210' title='bbox 1080 2032 1141 2085; x_wconf 87' lang='lat' dir='ltr'><strong><em>itur</em></strong></span> <span class='ocrx_word' id='word_1_211' title='bbox 1158 2035 1246 2110; x_wconf 80' lang='lat' dir='ltr'><strong><em>vulgo</em></strong></span> <span class='ocrx_word' id='word_1_212' title='bbox 1264 2036 1293 2088; x_wconf 90' lang='lat' dir='ltr'><strong><em>le</em></strong></span> <span class='ocrx_word' id='word_1_213' title='bbox 1316 2038 1341 2088; x_wconf 89' lang='lat' dir='ltr'><strong><em>i·</em></strong></span> <span class='ocrx_word' id='word_1_214' title='bbox 1379 2086 1383 2093; x_wconf 85' lang='grc'><strong><em>,</em></strong></span> 
     </span>
     <span class='ocr_line' id='line_1_24' title="bbox 181 2050 1341 2174; baseline 0.003 -19"><span class='ocrx_word' id='word_1_215' title='bbox 181 2111 247 2157; x_wconf 88' lang='lat' dir='ltr'><strong><em>tur:</em></strong></span> <span class='ocrx_word' id='word_1_216' title='bbox 266 2105 340 2174; x_wconf 84' lang='lat' dir='ltr'><strong><em>qaod</em></strong></span> <span class='ocrx_word' id='word_1_217' title='bbox 358 2106 386 2160; x_wconf 79' lang='grc' dir='ltr'><strong><em>εἰ</em></strong></span> <span class='ocrx_word' id='word_1_218' title='bbox 404 2104 484 2156; x_wconf 78' lang='lat' dir='ltr'><strong><em>teuta</em></strong></span> <span class='ocrx_word' id='word_1_219' title='bbox 501 2103 561 2156; x_wconf 76' lang='lat' dir='ltr'><strong><em>utu</em></strong></span> <span class='ocrx_word' id='word_1_220' title='bbox 580 2104 643 2171; x_wconf 76' lang='lat' dir='ltr'><strong><em>gl.“</em></strong></span> <span class='ocrx_word' id='word_1_221' title='bbox 662 2105 725 2156; x_wconf 83' lang='lat' dir='ltr'><strong><em>Fre.</em></strong></span> <span class='ocrx_word' id='word_1_222' title='bbox 745 2103 834 2156; x_wconf 68' lang='lat' dir='ltr'><strong><em>Febr:</em></strong></span> <span class='ocrx_word' id='word_1_223' title='bbox 858 2101 994 2168; x_wconf 79' lang='lat' dir='ltr'><strong><em>„schotti</em></strong></span> <span class='ocrx_word' id='word_1_224' title='bbox 1007 2050 1163 2173; x_wconf 61' lang='lat' dir='ltr'><strong><em>sxpdicatio</em></strong></span> <span class='ocrx_word' id='word_1_225' title='bbox 1182 2122 1240 2158; x_wconf 88' lang='lat' dir='ltr'><strong><em>non</em></strong></span> <span class='ocrx_word' id='word_1_226' title='bbox 1258 2116 1341 2159; x_wconf 74' lang='lat' dir='ltr'><strong><em>satis-</em></strong></span> 
     </span>
     <span class='ocr_line' id='line_1_25' title="bbox 181 2173 1341 2250; baseline 0.003 -24"><span class='ocrx_word' id='word_1_227' title='bbox 181 2174 268 2228; x_wconf 89' lang='lat' dir='ltr'><strong><em>facit:</em></strong></span> <span class='ocrx_word' id='word_1_228' title='bbox 304 2176 375 2245; x_wconf 89' lang='lat' dir='ltr'><strong><em>quid</em></strong></span> <span class='ocrx_word' id='word_1_229' title='bbox 398 2174 477 2226; x_wconf 89' lang='lat' dir='ltr'><strong><em>enim</em></strong></span> <span class='ocrx_word' id='word_1_230' title='bbox 504 2173 585 2246; x_wconf 81' lang='lat' dir='ltr'><strong><em>aliud</em></strong></span> <span class='ocrx_word' id='word_1_231' title='bbox 605 2182 648 2227; x_wconf 87' lang='lat' dir='ltr'><strong><em>est</em></strong></span> <span class='ocrx_word' id='word_1_232' title='bbox 671 2175 838 2243; x_wconf 88' lang='lat' dir='ltr'><strong><em>praedicare</em></strong></span> <span class='ocrx_word' id='word_1_233' title='bbox 865 2183 894 2225; x_wconf 90' lang='lat' dir='ltr'><strong><em>et</em></strong></span> <span class='ocrx_word' id='word_1_234' title='bbox 913 2182 1065 2238; x_wconf 87' lang='lat' dir='ltr'><strong><em>ostentare,</em></strong></span> <span class='ocrx_word' id='word_1_235' title='bbox 1092 2191 1179 2243; x_wconf 88' lang='lat' dir='ltr'><strong><em>quam</em></strong></span> <span class='ocrx_word' id='word_1_236' title='bbox 1197 2177 1341 2250; x_wconf 78' lang='lat' dir='ltr'><strong><em>gloriari?</em></strong></span> 
     </span>
     <span class='ocr_line' id='line_1_26' title="bbox 182 2243 1340 2316; baseline 0.002 -18"><span class='ocrx_word' id='word_1_237' title='bbox 182 2246 245 2298; x_wconf 84' lang='lat' dir='ltr'><strong><em>Nec</em></strong></span> <span class='ocrx_word' id='word_1_238' title='bbox 266 2263 336 2299; x_wconf 86' lang='lat' dir='ltr'><strong><em>vero</em></strong></span> <span class='ocrx_word' id='word_1_239' title='bbox 362 2247 449 2299; x_wconf 91' lang='lat' dir='ltr'><strong><em>etiam</em></strong></span> <span class='ocrx_word' id='word_1_240' title='bbox 467 2244 576 2297; x_wconf 86' lang='lat' dir='ltr'><strong><em>Davisii</em></strong></span> <span class='ocrx_word' id='word_1_241' title='bbox 605 2245 763 2298; x_wconf 88' lang='lat' dir='ltr'><strong><em>emendatio</em></strong></span> <span class='ocrx_word' id='word_1_242' title='bbox 787 2243 957 2296; x_wconf 84' lang='lat' dir='ltr'><strong><em>Lambinum</em></strong></span> <span class='ocrx_word' id='word_1_243' title='bbox 984 2245 1131 2312; x_wconf 87' lang='lat' dir='ltr'><strong><em>sequentis</em></strong></span> <span class='ocrx_word' id='word_1_244' title='bbox 1155 2245 1229 2311; x_wconf 89' lang='lat' dir='ltr'><strong><em>[non</em></strong></span> <span class='ocrx_word' id='word_1_245' title='bbox 1253 2248 1340 2316; x_wconf 81' lang='lat' dir='ltr'><strong><em>plane</em></strong></span> 
     </span>
     <span class='ocr_line' id='line_1_27' title="bbox 182 2314 1341 2386; baseline 0.002 -17"><span class='ocrx_word' id='word_1_246' title='bbox 182 2326 248 2369; x_wconf 84' lang='lat' dir='ltr'><strong><em>eum</em></strong></span> <span class='ocrx_word' id='word_1_247' title='bbox 266 2315 416 2386; x_wconf 83' lang='lat' dir='ltr'><strong><em>sequitur]</em></strong></span> <span class='ocrx_word' id='word_1_248' title='bbox 444 2314 622 2368; x_wconf 88' lang='lat' dir='ltr'><strong><em>commodam</em></strong></span> <span class='ocrx_word' id='word_1_249' title='bbox 648 2314 765 2368; x_wconf 85' lang='lat' dir='ltr'><strong><em>exhibet</em></strong></span> <span class='ocrx_word' id='word_1_250' title='bbox 783 2315 965 2368; x_wconf 86' lang='lat' dir='ltr'><strong><em>sententiam.</em></strong></span> <span class='ocrx_word' id='word_1_251' title='bbox 1004 2315 1077 2379; x_wconf 86' lang='lat' dir='ltr'><strong><em>Quid</em></strong></span> <span class='ocrx_word' id='word_1_252' title='bbox 1102 2315 1200 2369; x_wconf 85' lang='lat' dir='ltr'><strong><em>enim?</em></strong></span> <span class='ocrx_word' id='word_1_253' title='bbox 1236 2317 1341 2371; x_wconf 76' lang='lat' dir='ltr'><strong><em>Nonn&#39;e</em></strong></span> 
     </span>
     <span class='ocr_line' id='line_1_28' title="bbox 181 2384 1342 2460; baseline 0.001 -21"><span class='ocrx_word' id='word_1_254' title='bbox 181 2387 321 2458; x_wconf 86' lang='lat' dir='ltr'><strong><em>Epicurei</em></strong></span> <span class='ocrx_word' id='word_1_255' title='bbox 335 2389 423 2440; x_wconf 89' lang='lat' dir='ltr'><strong><em>etiam</em></strong></span> <span class='ocrx_word' id='word_1_256' title='bbox 442 2387 548 2451; x_wconf 89' lang='lat' dir='ltr'><strong><em>dicant,</em></strong></span> <span class='ocrx_word' id='word_1_257' title='bbox 569 2404 627 2439; x_wconf 88' lang='lat' dir='ltr'><strong><em>esse</em></strong></span> <span class='ocrx_word' id='word_1_258' title='bbox 640 2386 743 2454; x_wconf 87' lang='lat' dir='ltr'><strong><em>quibus</em></strong></span> <span class='ocrx_word' id='word_1_259' title='bbox 762 2385 884 2460; x_wconf 79' lang='lat' dir='ltr'><strong><em>gloriari</em></strong></span> <span class='ocrx_word' id='word_1_260' title='bbox 897 2384 1050 2454; x_wconf 81' lang='lat' dir='ltr'><strong><em>¹possimus,</em></strong></span> <span class='ocrx_word' id='word_1_261' title='bbox 1070 2384 1164 2454; x_wconf 88' lang='lat' dir='ltr'><strong><em>iisque</em></strong></span> <span class='ocrx_word' id='word_1_262' title='bbox 1179 2387 1270 2440; x_wconf 82' lang='lat' dir='ltr'><strong><em>vitam</em></strong></span> <span class='ocrx_word' id='word_1_263' title='bbox 1283 2405 1342 2442; x_wconf 85' lang='lat' dir='ltr'><strong><em>essa</em></strong></span> 
     </span>
     <span class='ocr_line' id='line_1_29' title="bbox 80 2456 1341 2523; baseline 0.001 -13"><span class='ocrx_word' id='word_1_264' title='bbox 80 2492 87 2501; x_wconf 51' lang='grc' dir='ltr'><em>ι</em></span> <span class='ocrx_word' id='word_1_265' title='bbox 180 2459 310 2512; x_wconf 82' lang='lat' dir='ltr'><strong><em>beatam?</em></strong></span> <span class='ocrx_word' id='word_1_266' title='bbox 337 2458 431 2509; x_wconf 81' lang='lat' dir='ltr'><strong><em>Minus</em></strong></span> <span class='ocrx_word' id='word_1_267' title='bbox 460 2457 547 2509; x_wconf 89' lang='lat' dir='ltr'><strong><em>etiam</em></strong></span> <span class='ocrx_word' id='word_1_268' title='bbox 570 2457 644 2510; x_wconf 82' lang='lat' dir='ltr'><strong><em>ferri</em></strong></span> <span class='ocrx_word' id='word_1_269' title='bbox 690 2465 796 2522; x_wconf 87' lang='lat' dir='ltr'><strong><em>ossunt,</em></strong></span> <span class='ocrx_word' id='word_1_270' title='bbox 826 2474 898 2523; x_wconf 81' lang='lat' dir='ltr'><strong><em>quae</em></strong></span> <span class='ocrx_word' id='word_1_271' title='bbox 917 2463 1087 2522; x_wconf 87' lang='lat' dir='ltr'><strong><em>sequuntur.</em></strong></span> <span class='ocrx_word' id='word_1_272' title='bbox 1125 2457 1192 2508; x_wconf 84' lang='lat' dir='ltr'><strong><em>Non</em></strong></span> <span class='ocrx_word' id='word_1_273' title='bbox 1209 2459 1287 2511; x_wconf 88' lang='lat' dir='ltr'><strong><em>enim</em></strong></span> <span class='ocrx_word' id='word_1_274' title='bbox 1306 2456 1341 2512; x_wconf 84' lang='lat' dir='ltr'><strong><em>ds</em></strong></span> 
     </span>
     <span class='ocr_line' id='line_1_30' title="bbox 182 2474 1406 2598; baseline -0.002 -15"><span class='ocrx_word' id='word_1_275' title='bbox 182 2544 216 2583; x_wconf 83' lang='lat' dir='ltr'><strong><em>eo</em></strong></span> <span class='ocrx_word' id='word_1_276' title='bbox 235 2528 362 2596; x_wconf 87' lang='lat' dir='ltr'><strong><em>disputat</em></strong></span> <span class='ocrx_word' id='word_1_277' title='bbox 381 2528 499 2596; x_wconf 59' lang='lat' dir='ltr'><strong><em>Cicero„</em></strong></span> <span class='ocrx_word' id='word_1_278' title='bbox 518 2535 619 2579; x_wconf 88' lang='lat' dir='ltr'><strong><em>utrum</em></strong></span> <span class='ocrx_word' id='word_1_279' title='bbox 645 2474 796 2598; x_wconf 69' lang='lat' dir='ltr'><strong><em>gddrianda</em></strong></span> <span class='ocrx_word' id='word_1_280' title='bbox 814 2527 852 2578; x_wconf 89' lang='lat' dir='ltr'><strong><em>sit</em></strong></span> <span class='ocrx_word' id='word_1_281' title='bbox 876 2528 938 2578; x_wconf 83' lang='lat' dir='ltr'><strong><em>vita</em></strong></span> <span class='ocrx_word' id='word_1_282' title='bbox 955 2526 1036 2577; x_wconf 88' lang='lat' dir='ltr'><strong><em>beata</em></strong></span> <span class='ocrx_word' id='word_1_283' title='bbox 1062 2525 1114 2589; x_wconf 88' lang='lat' dir='ltr'><strong><em>(de</em></strong></span> <span class='ocrx_word' id='word_1_284' title='bbox 1132 2542 1166 2580; x_wconf 87' lang='lat' dir='ltr'><strong><em>eo</em></strong></span> <span class='ocrx_word' id='word_1_285' title='bbox 1185 2529 1262 2579; x_wconf 87' lang='lat' dir='ltr'><strong><em>enim</em></strong></span> <span class='ocrx_word' id='word_1_286' title='bbox 1281 2546 1342 2581; x_wconf 86' lang='lat' dir='ltr'><strong><em>uon</em></strong></span> <span class='ocrx_word' id='word_1_287' title='bbox 1403 2510 1406 2527; x_wconf 57' lang='lat'>⁵</span> 
     </span>
     <span class='ocr_line' id='line_1_31' title="bbox 181 2596 1399 2665; baseline 0 -14"><span class='ocrx_word' id='word_1_288' title='bbox 181 2598 353 2665; x_wconf 87' lang='lat' dir='ltr'><strong><em>dubitatur),</em></strong></span> <span class='ocrx_word' id='word_1_289' title='bbox 381 2599 428 2650; x_wconf 90' lang='lat' dir='ltr'><strong><em>sed</em></strong></span> <span class='ocrx_word' id='word_1_290' title='bbox 452 2615 521 2648; x_wconf 88' lang='lat' dir='ltr'><strong><em>num</em></strong></span> <span class='ocrx_word' id='word_1_291' title='bbox 548 2597 607 2648; x_wconf 89' lang='lat' dir='ltr'><strong><em>sola</em></strong></span> <span class='ocrx_word' id='word_1_292' title='bbox 630 2600 725 2649; x_wconf 88' lang='lat' dir='ltr'><strong><em>virtus</em></strong></span> <span class='ocrx_word' id='word_1_293' title='bbox 749 2599 859 2649; x_wconf 86' lang='lat' dir='ltr'><strong><em>beatam</em></strong></span> <span class='ocrx_word' id='word_1_294' title='bbox 885 2596 1003 2649; x_wconf 64' lang='lat' dir='ltr'><strong><em>efficiat·</em></strong></span> <span class='ocrx_word' id='word_1_295' title='bbox 1018 2596 1119 2648; x_wconf 86' lang='lat' dir='ltr'><strong><em>vitam.</em></strong></span> <span class='ocrx_word' id='word_1_296' title='bbox 1157 2597 1238 2649; x_wconf 89' lang='lat' dir='ltr'><strong><em>Libri</em></strong></span> <span class='ocrx_word' id='word_1_297' title='bbox 1261 2599 1342 2652; x_wconf 88' lang='lat' dir='ltr'><strong><em>nihil</em></strong></span> <span class='ocrx_word' id='word_1_298' title='bbox 1397 2621 1399 2624; x_wconf 59' lang='grc'>’</span> 
     </span>
     <span class='ocr_line' id='line_1_32' title="bbox 128 2666 1340 2737; baseline -0.003 -15"><span class='ocrx_word' id='word_1_299' title='bbox 128 2671 131 2675; x_wconf 83' lang='grc'><strong>’</strong></span> <span class='ocrx_word' id='word_1_300' title='bbox 182 2669 326 2722; x_wconf 88' lang='lat' dir='ltr'><strong><em>adiuvant.</em></strong></span> <span class='ocrx_word' id='word_1_301' title='bbox 363 2671 444 2722; x_wconf 89' lang='lat' dir='ltr'><strong><em>Unus</em></strong></span> <span class='ocrx_word' id='word_1_302' title='bbox 462 2668 542 2719; x_wconf 86' lang='lat' dir='ltr'><strong><em>Leid.</em></strong></span> <span class='ocrx_word' id='word_1_303' title='bbox 561 2667 647 2720; x_wconf 88' lang='lat' dir='ltr'><strong><em>habet</em></strong></span> <span class='ocrx_word' id='word_1_304' title='bbox 672 2669 744 2737; x_wconf 83' lang='lat' dir='ltr'><strong><em>quod</em></strong></span> <span class='ocrx_word' id='word_1_305' title='bbox 762 2667 790 2720; x_wconf 81' lang='lat' dir='ltr'><strong><em>si</em></strong></span> <span class='ocrx_word' id='word_1_306' title='bbox 808 2669 890 2720; x_wconf 82' lang='lat' dir='ltr'><strong><em>beato</em></strong></span> <span class='ocrx_word' id='word_1_307' title='bbox 909 2670 966 2720; x_wconf 83' lang='lat' dir='ltr'><strong><em>aito</em></strong></span> <span class='ocrx_word' id='word_1_308' title='bbox 992 2671 1024 2718; x_wconf 85' lang='grc' dir='ltr'><strong><em>ει</em></strong></span> <span class='ocrx_word' id='word_1_309' title='bbox 1052 2666 1148 2735; x_wconf 42' lang='lat' dir='ltr'><strong><em>glor„</em></strong></span> <span class='ocrx_word' id='word_1_310' title='bbox 1164 2669 1230 2720; x_wconf 91' lang='lat' dir='ltr'><strong><em>Non</em></strong></span> <span class='ocrx_word' id='word_1_311' title='bbox 1248 2667 1340 2731; x_wconf 76' lang='lat' dir='ltr'><strong><em>intel-</em></strong></span> 
     </span>
     <span class='ocr_line' id='line_1_33' title="bbox 182 2737 1340 2814; baseline 0 -23"><span class='ocrx_word' id='word_1_312' title='bbox 182 2739 244 2814; x_wconf 77' lang='lat' dir='ltr'><strong><em>ligo</em></strong></span> <span class='ocrx_word' id='word_1_313' title='bbox 262 2738 369 2803; x_wconf 87' lang='lat' dir='ltr'><strong><em>locum,</em></strong></span> <span class='ocrx_word' id='word_1_314' title='bbox 388 2739 445 2790; x_wconf 88' lang='lat' dir='ltr'><strong><em>nisi</em></strong></span> <span class='ocrx_word' id='word_1_315' title='bbox 463 2738 605 2811; x_wconf 82' lang='lat' dir='ltr'><strong><em>legamus:</em></strong></span> <span class='ocrx_word' id='word_1_316' title='bbox 633 2739 756 2793; x_wconf 80' lang='lat' dir='ltr'><strong><em>Quodsi</em></strong></span> <span class='ocrx_word' id='word_1_317' title='bbox 774 2746 843 2801; x_wconf 89' lang='grc' dir='ltr'><strong><em>εει,</em></strong></span> <span class='ocrx_word' id='word_1_318' title='bbox 869 2739 973 2792; x_wconf 82' lang='lat' dir='ltr'><strong><em>deute</em></strong></span> <span class='ocrx_word' id='word_1_319' title='bbox 999 2737 1116 2790; x_wconf 82' lang='lat' dir='ltr'><strong><em>uirtus</em></strong></span> <span class='ocrx_word' id='word_1_320' title='bbox 1134 2742 1165 2789; x_wconf 87' lang='grc' dir='ltr'><strong><em>ει</em></strong></span> <span class='ocrx_word' id='word_1_321' title='bbox 1182 2737 1340 2804; x_wconf 79' lang='lat' dir='ltr'><strong><em>glorianda</em></strong></span> 
     </span>
     <span class='ocr_line' id='line_1_34' title="bbox 183 2807 1342 2878; baseline 0 -15"><span class='ocrx_word' id='word_1_322' title='bbox 183 2814 212 2864; x_wconf 81' lang='lat' dir='ltr'><strong><em>et</em></strong></span> <span class='ocrx_word' id='word_1_323' title='bbox 231 2809 427 2878; x_wconf 83' lang='lat' dir='ltr'><strong><em>praedicanda</em></strong></span> <span class='ocrx_word' id='word_1_324' title='bbox 451 2815 477 2861; x_wconf 89' lang='grc' dir='ltr'><strong><em>ει</em></strong></span> <span class='ocrx_word' id='word_1_325' title='bbox 501 2824 571 2875; x_wconf 84' lang='lat' dir='ltr'><strong><em>prae</em></strong></span> <span class='ocrx_word' id='word_1_326' title='bbox 595 2825 623 2861; x_wconf 91' lang='grc' dir='ltr'><strong><em>εε</em></strong></span> <span class='ocrx_word' id='word_1_327' title='bbox 646 2809 763 2872; x_wconf 69' lang='lat' dir='ltr'><strong><em>ferenda</em></strong></span> <span class='ocrx_word' id='word_1_328' title='bbox 791 2815 842 2861; x_wconf 85' lang='grc' dir='ltr'><strong><em>εει.</em></strong></span> <span class='ocrx_word' id='word_1_329' title='bbox 879 2809 931 2862; x_wconf 85' lang='lat' dir='ltr'><strong><em>Nil</em></strong></span> <span class='ocrx_word' id='word_1_330' title='bbox 953 2814 994 2859; x_wconf 81' lang='lat' dir='ltr'><strong><em>est</em></strong></span> <span class='ocrx_word' id='word_1_331' title='bbox 1020 2815 1135 2860; x_wconf 77' lang='lat' dir='ltr'><strong><em>auten:</em></strong></span> <span class='ocrx_word' id='word_1_332' title='bbox 1161 2807 1248 2873; x_wconf 82' lang='lat' dir='ltr'><strong><em>aliud,</em></strong></span> <span class='ocrx_word' id='word_1_333' title='bbox 1268 2810 1342 2878; x_wconf 87' lang='lat' dir='ltr'><strong><em>qaod</em></strong></span> 
     </span>
     <span class='ocr_line' id='line_1_35' title="bbox 164 2878 1339 2949; baseline -0.003 -15"><span class='ocrx_word' id='word_1_334' title='bbox 164 2889 238 2949; x_wconf 17' lang='lat' dir='ltr'><strong><em>*cet</em></strong></span> <span class='ocrx_word' id='word_1_335' title='bbox 276 2879 361 2932; x_wconf 87' lang='lat' dir='ltr'><strong><em>Ferri</em></strong></span> <span class='ocrx_word' id='word_1_336' title='bbox 381 2881 468 2933; x_wconf 91' lang='lat' dir='ltr'><strong><em>etiam</em></strong></span> <span class='ocrx_word' id='word_1_337' title='bbox 486 2887 579 2948; x_wconf 86' lang='lat' dir='ltr'><strong><em>potest</em></strong></span> <span class='ocrx_word' id='word_1_338' title='bbox 603 2881 675 2932; x_wconf 78' lang='lat' dir='ltr'><strong><em>eninr</em></strong></span> <span class='ocrx_word' id='word_1_339' title='bbox 697 2896 750 2948; x_wconf 89' lang='lat' dir='ltr'><strong><em>pro</em></strong></span> <span class='ocrx_word' id='word_1_340' title='bbox 775 2887 874 2943; x_wconf 86' lang='lat' dir='ltr'><strong><em>autem,</em></strong></span> <span class='ocrx_word' id='word_1_341' title='bbox 898 2880 928 2930; x_wconf 85' lang='lat' dir='ltr'><strong><em>si</em></strong></span> <span class='ocrx_word' id='word_1_342' title='bbox 948 2878 1025 2930; x_wconf 85' lang='lat' dir='ltr'><strong><em>dicas</em></strong></span> <span class='ocrx_word' id='word_1_343' title='bbox 1044 2887 1077 2930; x_wconf 83' lang='lat' dir='ltr'><strong><em>eo</em></strong></span> <span class='ocrx_word' id='word_1_344' title='bbox 1096 2882 1179 2931; x_wconf 81' lang='lat' dir='ltr'><strong><em>sensu</em></strong></span> <span class='ocrx_word' id='word_1_345' title='bbox 1201 2879 1339 2949; x_wconf 74' lang='lat' dir='ltr'><strong><em>positum,</em></strong></span> 
     </span>
     <span class='ocr_line' id='line_1_36' title="bbox 182 2947 1338 3020; baseline -0.003 -15"><span class='ocrx_word' id='word_1_346' title='bbox 182 2953 264 3005; x_wconf 91' lang='lat' dir='ltr'><strong><em>cuius</em></strong></span> <span class='ocrx_word' id='word_1_347' title='bbox 292 2952 423 3020; x_wconf 84' lang='lat' dir='ltr'><strong><em>exempla</em></strong></span> <span class='ocrx_word' id='word_1_348' title='bbox 439 2958 513 3001; x_wconf 85' lang='lat' dir='ltr'><strong><em>&#39;suat</em></strong></span> <span class='ocrx_word' id='word_1_349' title='bbox 537 2950 611 3018; x_wconf 91' lang='lat' dir='ltr'><strong><em>apud</em></strong></span> <span class='ocrx_word' id='word_1_350' title='bbox 633 2947 848 3018; x_wconf 79' lang='lat' dir='ltr'><strong><em>Wopkensium</em></strong></span> <span class='ocrx_word' id='word_1_351' title='bbox 874 2951 968 3002; x_wconf 82' lang='lat' dir='ltr'><strong><em>Lectt.</em></strong></span> <span class='ocrx_word' id='word_1_352' title='bbox 995 2947 1074 2999; x_wconf 83' lang='lat' dir='ltr'><strong><em>Tull.</em></strong></span> <span class='ocrx_word' id='word_1_353' title='bbox 1098 2967 1126 3018; x_wconf 88' lang='lat' dir='ltr'><strong><em>p.</em></strong></span> <span class='ocrx_word' id='word_1_354' title='bbox 1147 2951 1191 3004; x_wconf 83' lang='grc'><strong><em>64.</em></strong></span> <span class='ocrx_word' id='word_1_355' title='bbox 1220 2958 1249 3001; x_wconf 89' lang='lat' dir='ltr'><strong><em>et</em></strong></span> <span class='ocrx_word' id='word_1_356' title='bbox 1276 2953 1338 3015; x_wconf 78' lang='lat'><strong><em>257.</em></strong></span> 
     </span>
     <span class='ocr_line' id='line_1_37' title="bbox 182 3019 1341 3088; baseline 0.001 -16"><span class='ocrx_word' id='word_1_357' title='bbox 182 3022 325 3074; x_wconf 82' lang='lat' dir='ltr'><strong><em>Videntur</em></strong></span> <span class='ocrx_word' id='word_1_358' title='bbox 341 3022 456 3074; x_wconf 88' lang='lat' dir='ltr'><strong><em>librarii</em></strong></span> <span class='ocrx_word' id='word_1_359' title='bbox 475 3030 598 3072; x_wconf 85' lang='lat' dir='ltr'><strong><em>mutasse</em></strong></span> <span class='ocrx_word' id='word_1_360' title='bbox 616 3020 698 3070; x_wconf 82' lang='lat' dir='ltr'><strong><em>beato</em></strong></span> <span class='ocrx_word' id='word_1_361' title='bbox 717 3020 812 3073; x_wconf 81' lang='lat' dir='ltr'><strong><em>uirtus</em></strong></span> <span class='ocrx_word' id='word_1_362' title='bbox 830 3021 861 3071; x_wconf 90' lang='lat' dir='ltr'><strong><em>in</em></strong></span> <span class='ocrx_word' id='word_1_363' title='bbox 879 3022 960 3073; x_wconf 80' lang='lat' dir='ltr'><strong><em>beuta</em></strong></span> <span class='ocrx_word' id='word_1_364' title='bbox 978 3019 1046 3079; x_wconf 69' lang='lat' dir='ltr'><strong><em>oeta,</em></strong></span> <span class='ocrx_word' id='word_1_365' title='bbox 1066 3036 1137 3088; x_wconf 86' lang='lat' dir='ltr'><strong><em>quas</em></strong></span> <span class='ocrx_word' id='word_1_366' title='bbox 1153 3019 1184 3070; x_wconf 89' lang='lat' dir='ltr'><strong><em>in</em></strong></span> <span class='ocrx_word' id='word_1_367' title='bbox 1196 3019 1341 3073; x_wconf 88' lang='lat' dir='ltr'><strong><em>hoclibro</em></strong></span> 
     </span>
     <span class='ocr_line' id='line_1_38' title="bbox 182 3087 1340 3212; baseline 0 -68"><span class='ocrx_word' id='word_1_368' title='bbox 182 3101 241 3144; x_wconf 86' lang='lat' dir='ltr'><strong><em>tam</em></strong></span> <span class='ocrx_word' id='word_1_369' title='bbox 265 3094 437 3212; x_wconf 56' lang='lat' dir='ltr'><strong><em>{requenter</em></strong></span> <span class='ocrx_word' id='word_1_370' title='bbox 462 3090 606 3165; x_wconf 77' lang='lat' dir='ltr'><strong><em>legitur.“</em></strong></span> <span class='ocrx_word' id='word_1_371' title='bbox 630 3087 765 3142; x_wconf 72' lang='lat' dir='ltr'><strong><em>Bouhier.</em></strong></span> <span class='ocrx_word' id='word_1_372' title='bbox 802 3091 940 3158; x_wconf 87' lang='lat' dir='ltr'><strong><em>„Davisii</em></strong></span> <span class='ocrx_word' id='word_1_373' title='bbox 969 3088 1124 3142; x_wconf 86' lang='lat' dir='ltr'><strong><em>lectionem</em></strong></span> <span class='ocrx_word' id='word_1_374' title='bbox 1148 3090 1193 3142; x_wconf 85' lang='lat' dir='ltr'><strong><em>res</em></strong></span> <span class='ocrx_word' id='word_1_375' title='bbox 1213 3099 1243 3142; x_wconf 91' lang='lat' dir='ltr'><strong><em>et</em></strong></span> <span class='ocrx_word' id='word_1_376' title='bbox 1266 3092 1340 3144; x_wconf 88' lang='lat' dir='ltr'><strong><em>ratio</em></strong></span> 
     </span>
     <span class='ocr_line' id='line_1_39' title="bbox 203 3164 1129 3217; baseline -0.004 0"><span class='ocrx_word' id='word_1_377' title='bbox 203 3171 266 3217; x_wconf 87' lang='lat' dir='ltr'><strong><em>astu</em></strong></span> <span class='ocrx_word' id='word_1_378' title='bbox 280 3165 338 3216; x_wconf 89' lang='lat' dir='ltr'><strong><em>at.“</em></strong></span> <span class='ocrx_word' id='word_1_379' title='bbox 361 3164 431 3215; x_wconf 85' lang='lat' dir='ltr'><strong><em>Era.</em></strong></span> <span class='ocrx_word' id='word_1_380' title='bbox 1038 3201 1040 3206; x_wconf 88' lang='lat'><strong><em>.</em></strong></span> <span class='ocrx_word' id='word_1_381' title='bbox 1125 3197 1129 3203; x_wconf 81' lang='lat'>·</span> 
     </span>
     <span class='ocr_line' id='line_1_40' title="bbox 182 3181 1342 3306; baseline -0.004 -17"><span class='ocrx_word' id='word_1_382' title='bbox 182 3181 202 3234; x_wconf 67' lang='lat' dir='ltr'>P</span> <span class='ocrx_word' id='word_1_383' title='bbox 257 3235 335 3289; x_wconf 83' lang='lat' dir='ltr'><strong><em>Quod</em></strong></span> <span class='ocrx_word' id='word_1_384' title='bbox 354 3235 382 3287; x_wconf 79' lang='lat' dir='ltr'><strong><em>si</em></strong></span> <span class='ocrx_word' id='word_1_385' title='bbox 400 3239 457 3296; x_wconf 70' lang='lat' dir='ltr'><strong><em>est:</em></strong></span> <span class='ocrx_word' id='word_1_386' title='bbox 487 3233 569 3286; x_wconf 78' lang='lat' dir='ltr'><strong><em>teuta</em></strong></span> <span class='ocrx_word' id='word_1_387' title='bbox 587 3231 662 3298; x_wconf 77' lang='lat' dir='ltr'><strong><em>uita]</em></strong></span> <span class='ocrx_word' id='word_1_388' title='bbox 698 3231 803 3306; x_wconf 78' lang='lat' dir='ltr'><strong><em>Vulgo,</em></strong></span> <span class='ocrx_word' id='word_1_389' title='bbox 829 3232 902 3301; x_wconf 86' lang='lat' dir='ltr'><strong><em>quod</em></strong></span> <span class='ocrx_word' id='word_1_390' title='bbox 920 3228 949 3283; x_wconf 80' lang='lat' dir='ltr'><strong><em>si</em></strong></span> <span class='ocrx_word' id='word_1_391' title='bbox 967 3231 1047 3282; x_wconf 85' lang='lat' dir='ltr'><strong><em>beuta</em></strong></span> <span class='ocrx_word' id='word_1_392' title='bbox 1065 3229 1133 3284; x_wconf 77' lang='lat' dir='ltr'><strong><em>aila.</em></strong></span> <span class='ocrx_word' id='word_1_393' title='bbox 1173 3233 1235 3283; x_wconf 92' lang='lat' dir='ltr'><strong><em>Nec</em></strong></span> <span class='ocrx_word' id='word_1_394' title='bbox 1254 3231 1342 3284; x_wconf 88' lang='lat' dir='ltr'><strong><em>aliter</em></strong></span> 
     </span>
     <span class='ocr_line' id='line_1_41' title="bbox 184 3302 1343 3374; baseline -0.004 -16"><span class='ocrx_word' id='word_1_395' title='bbox 184 3304 310 3358; x_wconf 79' lang='lat' dir='ltr'><strong><em>Codices.</em></strong></span> <span class='ocrx_word' id='word_1_396' title='bbox 349 3303 404 3358; x_wconf 88' lang='lat' dir='ltr'><strong><em>Sed</em></strong></span> <span class='ocrx_word' id='word_1_397' title='bbox 421 3304 578 3374; x_wconf 82' lang='lat' dir='ltr'><strong><em>lectionem</em></strong></span> <span class='ocrx_word' id='word_1_398' title='bbox 596 3319 709 3372; x_wconf 87' lang='lat' dir='ltr'><strong><em>sequor,</em></strong></span> <span class='ocrx_word' id='word_1_399' title='bbox 741 3320 828 3372; x_wconf 90' lang='lat' dir='ltr'><strong><em>quam</em></strong></span> <span class='ocrx_word' id='word_1_400' title='bbox 846 3302 1009 3366; x_wconf 84' lang='lat' dir='ltr'><strong><em>Lambinus,</em></strong></span> <span class='ocrx_word' id='word_1_401' title='bbox 1032 3302 1171 3372; x_wconf 85' lang='lat' dir='ltr'><strong><em>probante</em></strong></span> <span class='ocrx_word' id='word_1_402' title='bbox 1191 3302 1234 3356; x_wconf 86' lang='lat' dir='ltr'><strong><em>Gl.</em></strong></span> <span class='ocrx_word' id='word_1_403' title='bbox 1254 3303 1343 3356; x_wconf 87' lang='lat' dir='ltr'><strong><em>Bent-</em></strong></span> 
     </span>
     <span class='ocr_line' id='line_1_42' title="bbox 183 3373 905 3447; baseline -0.007 -19"><span class='ocrx_word' id='word_1_404' title='bbox 183 3376 251 3443; x_wconf 84' lang='lat' dir='ltr'><strong><em>lei0‚</em></strong></span> <span class='ocrx_word' id='word_1_405' title='bbox 271 3374 365 3429; x_wconf 83' lang='lat' dir='ltr'><strong><em>dedit:</em></strong></span> <span class='ocrx_word' id='word_1_406' title='bbox 394 3392 512 3443; x_wconf 85' lang='lat' dir='ltr'><strong><em>eamque</em></strong></span> <span class='ocrx_word' id='word_1_407' title='bbox 530 3375 589 3428; x_wconf 88' lang='lat' dir='ltr'><strong><em>loci</em></strong></span> <span class='ocrx_word' id='word_1_408' title='bbox 613 3392 692 3444; x_wconf 77' lang='lat' dir='ltr'><strong><em>:nens</em></strong></span> <span class='ocrx_word' id='word_1_409' title='bbox 711 3374 830 3447; x_wconf 81' lang='lat' dir='ltr'><strong><em>flagitat.</em></strong></span> <span class='ocrx_word' id='word_1_410' title='bbox 870 3373 905 3424; x_wconf 87' lang='lat' dir='ltr'><strong><em>D.</em></strong></span> 
     </span>
    </p>
   </div>
   <div class='ocr_carea' id='block_1_5' title="bbox 142 3459 1423 4460">
    <p class='ocr_par' dir='ltr' id='par_1_9' title="bbox 142 3459 1423 4460">
     <span class='ocr_line' id='line_1_43' title="bbox 183 3459 1343 3532; baseline -0.004 -13"><span class='ocrx_word' id='word_1_411' title='bbox 183 3520 190 3532; x_wconf 25' lang='lat'><strong><em>¹,</em></strong></span> <span class='ocrx_word' id='word_1_412' title='bbox 254 3464 333 3532; x_wconf 80' lang='lat' dir='ltr'><strong><em>Quod</em></strong></span> <span class='ocrx_word' id='word_1_413' title='bbox 349 3462 378 3516; x_wconf 83' lang='grc' dir='ltr'><strong><em>εἰ</em></strong></span> <span class='ocrx_word' id='word_1_414' title='bbox 396 3470 445 3529; x_wconf 86' lang='grc' dir='ltr'><strong><em>εει,</em></strong></span> <span class='ocrx_word' id='word_1_415' title='bbox 465 3464 545 3517; x_wconf 83' lang='grc' dir='ltr'><strong><em>ιεαια</em></strong></span> <span class='ocrx_word' id='word_1_416' title='bbox 563 3464 621 3517; x_wconf 80' lang='lat' dir='ltr'><strong><em>vita</em></strong></span> <span class='ocrx_word' id='word_1_417' title='bbox 639 3461 796 3530; x_wconf 83' lang='lat' dir='ltr'><strong><em>glorianda</em></strong></span> <span class='ocrx_word' id='word_1_418' title='bbox 817 3461 866 3526; x_wconf 91' lang='lat'><strong><em>-]</em></strong></span> <span class='ocrx_word' id='word_1_419' title='bbox 892 3459 1040 3514; x_wconf 84' lang='lat' dir='ltr'><strong><em>Accedunt</em></strong></span> <span class='ocrx_word' id='word_1_420' title='bbox 1058 3462 1092 3515; x_wconf 86' lang='lat' dir='ltr'><strong><em>ad</em></strong></span> <span class='ocrx_word' id='word_1_421' title='bbox 1111 3461 1221 3514; x_wconf 86' lang='lat' dir='ltr'><strong><em>Davisii</em></strong></span> <span class='ocrx_word' id='word_1_422' title='bbox 1239 3461 1343 3514; x_wconf 83' lang='lat' dir='ltr'><strong><em>lectio-</em></strong></span> 
     </span>
     <span class='ocr_line' id='line_1_44' title="bbox 152 3529 1341 3605; baseline -0.003 -19"><span class='ocrx_word' id='word_1_423' title='bbox 152 3561 157 3576; x_wconf 57' lang='grc' dir='ltr'>ν</span> <span class='ocrx_word' id='word_1_424' title='bbox 182 3551 251 3588; x_wconf 85' lang='lat' dir='ltr'><strong><em>nem</em></strong></span> <span class='ocrx_word' id='word_1_425' title='bbox 272 3536 346 3588; x_wconf 83' lang='lat' dir='ltr'><strong><em>Lall.</em></strong></span> <span class='ocrx_word' id='word_1_426' title='bbox 372 3535 442 3586; x_wconf 86' lang='lat' dir='ltr'><strong><em>Ern.</em></strong></span> <span class='ocrx_word' id='word_1_427' title='bbox 468 3533 553 3587; x_wconf 76' lang='lat' dir='ltr'><strong><em>S&#39;chz.</em></strong></span> <span class='ocrx_word' id='word_1_428' title='bbox 581 3533 728 3589; x_wconf 84' lang='lat' dir='ltr'><strong><em>FAWolf.</em></strong></span> <span class='ocrx_word' id='word_1_429' title='bbox 758 3534 804 3587; x_wconf 87' lang='lat' dir='ltr'><strong><em>Or.</em></strong></span> <span class='ocrx_word' id='word_1_430' title='bbox 843 3532 944 3600; x_wconf 89' lang='lat' dir='ltr'><strong><em>Neque</em></strong></span> <span class='ocrx_word' id='word_1_431' title='bbox 965 3548 1016 3605; x_wconf 84' lang='lat' dir='ltr'><strong><em>ego</em></strong></span> <span class='ocrx_word' id='word_1_432' title='bbox 1045 3533 1173 3585; x_wconf 88' lang='lat' dir='ltr'><strong><em>discedo:</em></strong></span> <span class='ocrx_word' id='word_1_433' title='bbox 1207 3532 1255 3584; x_wconf 79' lang='lat' dir='ltr'><strong><em>sed</em></strong></span> <span class='ocrx_word' id='word_1_434' title='bbox 1274 3529 1341 3601; x_wconf 82' lang='lat' dir='ltr'><strong><em>&#39;cum</em></strong></span> 
     </span>
     <span class='ocr_line' id='line_1_45' title="bbox 182 3602 1342 3674; baseline -0.004 -15"><span class='ocrx_word' id='word_1_435' title='bbox 182 3607 272 3662; x_wconf 86' lang='lat' dir='ltr'><strong><em>Nobb.</em></strong></span> <span class='ocrx_word' id='word_1_436' title='bbox 294 3615 322 3659; x_wconf 91' lang='lat' dir='ltr'><strong><em>et</em></strong></span> <span class='ocrx_word' id='word_1_437' title='bbox 340 3605 413 3673; x_wconf 81' lang='lat' dir='ltr'><strong><em>Tbn.</em></strong></span> <span class='ocrx_word' id='word_1_438' title='bbox 434 3621 489 3657; x_wconf 90' lang='lat' dir='ltr'><strong><em>non</em></strong></span> <span class='ocrx_word' id='word_1_439' title='bbox 509 3602 630 3657; x_wconf 85' lang='lat' dir='ltr'><strong><em>distinxi</em></strong></span> <span class='ocrx_word' id='word_1_440' title='bbox 647 3613 712 3674; x_wconf 90' lang='lat' dir='ltr'><strong><em>post</em></strong></span> <span class='ocrx_word' id='word_1_441' title='bbox 732 3610 782 3668; x_wconf 88' lang='grc' dir='ltr'><strong><em>εει,</em></strong></span> <span class='ocrx_word' id='word_1_442' title='bbox 814 3603 863 3655; x_wconf 88' lang='lat' dir='ltr'><strong><em>sed</em></strong></span> <span class='ocrx_word' id='word_1_443' title='bbox 884 3610 948 3671; x_wconf 88' lang='lat' dir='ltr'><strong><em>post</em></strong></span> <span class='ocrx_word' id='word_1_444' title='bbox 968 3604 1037 3654; x_wconf 75' lang='lat' dir='ltr'><strong><em>arta.</em></strong></span> <span class='ocrx_word' id='word_1_445' title='bbox 1075 3602 1159 3654; x_wconf 87' lang='lat' dir='ltr'><strong><em>Facit</em></strong></span> <span class='ocrx_word' id='word_1_446' title='bbox 1184 3603 1255 3655; x_wconf 88' lang='lat' dir='ltr'><strong><em>item</em></strong></span> <span class='ocrx_word' id='word_1_447' title='bbox 1275 3620 1342 3654; x_wconf 89' lang='lat' dir='ltr'><strong><em>cum</em></strong></span> 
     </span>
     <span class='ocr_line' id='line_1_46' title="bbox 183 3673 1342 3748; baseline -0.003 -19"><span class='ocrx_word' id='word_1_448' title='bbox 183 3676 298 3729; x_wconf 86' lang='lat' dir='ltr'><strong><em>Davisio</em></strong></span> <span class='ocrx_word' id='word_1_449' title='bbox 323 3677 498 3747; x_wconf 85' lang='lat' dir='ltr'><strong><em>Goerenzius</em></strong></span> <span class='ocrx_word' id='word_1_450' title='bbox 523 3675 557 3727; x_wconf 89' lang='lat' dir='ltr'><strong><em>ad</em></strong></span> <span class='ocrx_word' id='word_1_451' title='bbox 582 3675 642 3728; x_wconf 86' lang='lat' dir='ltr'><strong><em>Cic.</em></strong></span> <span class='ocrx_word' id='word_1_452' title='bbox 666 3676 700 3726; x_wconf 88' lang='lat' dir='ltr'><strong><em>de</em></strong></span> <span class='ocrx_word' id='word_1_453' title='bbox 722 3676 811 3748; x_wconf 67' lang='lat' dir='ltr'><strong><em>Iuegg.</em></strong></span> <span class='ocrx_word' id='word_1_454' title='bbox 839 3674 862 3729; x_wconf 85' lang='grc' dir='ltr'><strong><em>Ι.</em></strong></span> <span class='ocrx_word' id='word_1_455' title='bbox 882 3677 926 3727; x_wconf 87' lang='grc'><strong><em>16.</em></strong></span> <span class='ocrx_word' id='word_1_456' title='bbox 952 3675 995 3728; x_wconf 86' lang='grc'><strong><em>45.</em></strong></span> <span class='ocrx_word' id='word_1_457' title='bbox 1024 3691 1052 3742; x_wconf 83' lang='lat' dir='ltr'><strong><em>p.</em></strong></span> <span class='ocrx_word' id='word_1_458' title='bbox 1079 3677 1120 3728; x_wconf 83' lang='lat'><strong><em>71.</em></strong></span> <span class='ocrx_word' id='word_1_459' title='bbox 1148 3673 1199 3742; x_wconf 90' lang='lat' dir='ltr'><strong><em>qui</em></strong></span> <span class='ocrx_word' id='word_1_460' title='bbox 1228 3675 1342 3725; x_wconf 87' lang='lat' dir='ltr'><strong><em>confert</em></strong></span> 
     </span>
     <span class='ocr_line' id='line_1_47' title="bbox 185 3742 1341 3816; baseline -0.004 -16"><span class='ocrx_word' id='word_1_461' title='bbox 185 3765 210 3800; x_wconf 92' lang='lat' dir='ltr'><strong><em>c.</em></strong></span> <span class='ocrx_word' id='word_1_462' title='bbox 230 3751 257 3810; x_wconf 90' lang='grc'><strong><em>6,</em></strong></span> <span class='ocrx_word' id='word_1_463' title='bbox 278 3752 322 3802; x_wconf 81' lang='lat'><strong><em>17:</em></strong></span> <span class='ocrx_word' id='word_1_464' title='bbox 355 3748 427 3816; x_wconf 87' lang='lat' dir='ltr'><strong><em>quod</em></strong></span> <span class='ocrx_word' id='word_1_465' title='bbox 451 3749 478 3800; x_wconf 81' lang='lat' dir='ltr'><strong><em>si</em></strong></span> <span class='ocrx_word' id='word_1_466' title='bbox 496 3751 545 3807; x_wconf 89' lang='grc' dir='ltr'><strong><em>εει,</em></strong></span> <span class='ocrx_word' id='word_1_467' title='bbox 570 3745 618 3815; x_wconf 81' lang='lat' dir='ltr'><strong><em>qui</em></strong></span> <span class='ocrx_word' id='word_1_468' title='bbox 636 3775 668 3785; x_wconf 94' lang='lat'><em>-</em></span> <span class='ocrx_word' id='word_1_469' title='bbox 689 3745 782 3798; x_wconf 80' lang='lat' dir='ltr'><strong><em>omnia</em></strong></span> <span class='ocrx_word' id='word_1_470' title='bbox 805 3742 924 3796; x_wconf 77' lang='lat' dir='ltr'><strong><em>bumana</em></strong></span> <span class='ocrx_word' id='word_1_471' title='bbox 948 3775 981 3786; x_wconf 95' lang='lat'><em>-</em></span> <span class='ocrx_word' id='word_1_472' title='bbox 1008 3743 1167 3797; x_wconf 78' lang='lat' dir='ltr'><strong><em>tolerabilia</em></strong></span> <span class='ocrx_word' id='word_1_473' title='bbox 1183 3744 1282 3807; x_wconf 65' lang='lat' dir='ltr'><strong><em>ducat,</em></strong></span> <span class='ocrx_word' id='word_1_474' title='bbox 1308 3743 1341 3786; x_wconf 89' lang='grc' dir='ltr'><strong><em>--Ι</em></strong></span> 
     </span>
     <span class='ocr_line' id='line_1_48' title="bbox 185 3813 1343 3891; baseline -0.005 -19"><span class='ocrx_word' id='word_1_475' title='bbox 185 3818 318 3889; x_wconf 80' lang='lat' dir='ltr'><strong><em>quidest,</em></strong></span> <span class='ocrx_word' id='word_1_476' title='bbox 343 3836 395 3870; x_wconf 89' lang='lat' dir='ltr'><strong><em>cur</em></strong></span> <span class='ocrx_word' id='word_1_477' title='bbox 413 3818 440 3870; x_wconf 81' lang='lat' dir='ltr'><strong><em>is</em></strong></span> <span class='ocrx_word' id='word_1_478' title='bbox 459 3833 514 3869; x_wconf 87' lang='lat' dir='ltr'><strong><em>non</em></strong></span> <span class='ocrx_word' id='word_1_479' title='bbox 532 3817 629 3870; x_wconf 78' lang='lat' dir='ltr'><strong><em>duatus</em></strong></span> <span class='ocrx_word' id='word_1_480' title='bbox 646 3817 707 3868; x_wconf 80' lang='lat' dir='ltr'><strong><em>ait?</em></strong></span> <span class='ocrx_word' id='word_1_481' title='bbox 740 3823 773 3880; x_wconf 87' lang='lat' dir='ltr'><strong><em>et,</em></strong></span> <span class='ocrx_word' id='word_1_482' title='bbox 800 3814 828 3867; x_wconf 84' lang='lat' dir='ltr'><strong><em>si</em></strong></span> <span class='ocrx_word' id='word_1_483' title='bbox 854 3813 921 3866; x_wconf 79' lang='lat' dir='ltr'><strong><em>baec</em></strong></span> <span class='ocrx_word' id='word_1_484' title='bbox 944 3816 1050 3867; x_wconf 79' lang='lat' dir='ltr'><strong><em>virture</em></strong></span> <span class='ocrx_word' id='word_1_485' title='bbox 1074 3817 1245 3880; x_wconf 79' lang='lat' dir='ltr'><strong><em>efficiuntur,</em></strong></span> <span class='ocrx_word' id='word_1_486' title='bbox 1272 3815 1343 3891; x_wconf 77' lang='lat' dir='ltr'><strong><em>quid</em></strong></span> 
     </span>
     <span class='ocr_line' id='line_1_49' title="bbox 185 3885 1343 3956; baseline -0.005 -14"><span class='ocrx_word' id='word_1_487' title='bbox 185 3895 237 3956; x_wconf 88' lang='grc' dir='ltr'><strong><em>εει,</em></strong></span> <span class='ocrx_word' id='word_1_488' title='bbox 257 3907 309 3942; x_wconf 85' lang='lat' dir='ltr'><strong><em>cur</em></strong></span> <span class='ocrx_word' id='word_1_489' title='bbox 325 3891 420 3943; x_wconf 80' lang='lat' dir='ltr'><strong><em>virtus</em></strong></span> <span class='ocrx_word' id='word_1_490' title='bbox 438 3887 500 3955; x_wconf 81' lang='lat' dir='ltr'><strong><em>ipsa</em></strong></span> <span class='ocrx_word' id='word_1_491' title='bbox 517 3888 616 3954; x_wconf 79' lang='lat' dir='ltr'><strong><em>perse</em></strong></span> <span class='ocrx_word' id='word_1_492' title='bbox 634 3903 688 3939; x_wconf 82' lang='lat' dir='ltr'><strong><em>nou</em></strong></span> <span class='ocrx_word' id='word_1_493' title='bbox 708 3886 813 3952; x_wconf 77' lang='lat' dir='ltr'><strong><em>efficiat</em></strong></span> <span class='ocrx_word' id='word_1_494' title='bbox 833 3885 948 3938; x_wconf 83' lang='lat' dir='ltr'><strong><em>beatos?</em></strong></span> <span class='ocrx_word' id='word_1_495' title='bbox 986 3885 1122 3938; x_wconf 84' lang='lat' dir='ltr'><strong><em>Ceterum</em></strong></span> <span class='ocrx_word' id='word_1_496' title='bbox 1151 3885 1257 3936; x_wconf 86' lang='lat' dir='ltr'><strong><em>habent</em></strong></span> <span class='ocrx_word' id='word_1_497' title='bbox 1276 3903 1343 3936; x_wconf 85' lang='lat' dir='ltr'><strong><em>ver·</em></strong></span> 
     </span>
     <span class='ocr_line' id='line_1_50' title="bbox 181 3947 1423 4029; baseline -0.004 -18"><span class='ocrx_word' id='word_1_498' title='bbox 181 3959 251 4012; x_wconf 87' lang='lat' dir='ltr'><strong><em>bum</em></strong></span> <span class='ocrx_word' id='word_1_499' title='bbox 279 3967 321 4014; x_wconf 91' lang='grc' dir='ltr'><strong><em>εει</em></strong></span> <span class='ocrx_word' id='word_1_500' title='bbox 345 3968 469 4029; x_wconf 89' lang='lat' dir='ltr'><strong><em>quatuor</em></strong></span> <span class='ocrx_word' id='word_1_501' title='bbox 492 3958 577 4012; x_wconf 87' lang='lat' dir='ltr'><strong><em>Codd.</em></strong></span> <span class='ocrx_word' id='word_1_502' title='bbox 604 3959 672 4010; x_wconf 80' lang='lat' dir='ltr'><strong><em>Oxx.</em></strong></span> <span class='ocrx_word' id='word_1_503' title='bbox 701 3965 729 4008; x_wconf 87' lang='lat' dir='ltr'><strong><em>et</em></strong></span> <span class='ocrx_word' id='word_1_504' title='bbox 753 3957 881 4010; x_wconf 77' lang='lat' dir='ltr'><strong><em>vinda.</em></strong></span> <span class='ocrx_word' id='word_1_505' title='bbox 908 3957 984 4006; x_wconf 88' lang='lat' dir='ltr'><strong><em>idem</em></strong></span> <span class='ocrx_word' id='word_1_506' title='bbox 1002 3957 1087 4008; x_wconf 88' lang='lat' dir='ltr'><strong><em>Vind.</em></strong></span> <span class='ocrx_word' id='word_1_507' title='bbox 1107 3961 1132 4010; x_wconf 81' lang='lat'><strong><em>2.</em></strong></span> <span class='ocrx_word' id='word_1_508' title='bbox 1156 3947 1255 4029; x_wconf 53' lang='lat' dir='ltr'><strong><em>perqit</em></strong></span> <span class='ocrx_word' id='word_1_509' title='bbox 1279 3954 1341 4006; x_wconf 79' lang='lat' dir='ltr'><strong><em>or&#39;ta</em></strong></span> <span class='ocrx_word' id='word_1_510' title='bbox 1420 3979 1423 3988; x_wconf 80' lang='lat'><strong>·</strong></span> 
     </span>
     <span class='ocr_line' id='line_1_51' title="bbox 142 4027 1342 4096; baseline -0.006 -12"><span class='ocrx_word' id='word_1_511' title='bbox 142 4069 147 4091; x_wconf 85' lang='grc'><strong><em>,</em></strong></span> <span class='ocrx_word' id='word_1_512' title='bbox 184 4033 272 4096; x_wconf 86' lang='lat' dir='ltr'><strong><em>beata,</em></strong></span> <span class='ocrx_word' id='word_1_513' title='bbox 292 4032 365 4086; x_wconf 87' lang='lat' dir='ltr'><strong><em>Gud.</em></strong></span> <span class='ocrx_word' id='word_1_514' title='bbox 387 4031 411 4081; x_wconf 86' lang='lat'><strong><em>1.</em></strong></span> <span class='ocrx_word' id='word_1_515' title='bbox 431 4035 457 4081; x_wconf 85' lang='lat' dir='ltr'><strong><em>et</em></strong></span> <span class='ocrx_word' id='word_1_516' title='bbox 475 4028 553 4080; x_wconf 89' lang='lat' dir='ltr'><strong><em>addit</em></strong></span> <span class='ocrx_word' id='word_1_517' title='bbox 572 4037 637 4080; x_wconf 85' lang='lat' dir='ltr'><strong><em>ants</em></strong></span> <span class='ocrx_word' id='word_1_518' title='bbox 655 4028 818 4094; x_wconf 68' lang='lat' dir='ltr'><strong><em>glorianda.</em></strong></span> <span class='ocrx_word' id='word_1_519' title='bbox 856 4027 918 4078; x_wconf 93' lang='lat' dir='ltr'><strong><em>Duo</em></strong></span> <span class='ocrx_word' id='word_1_520' title='bbox 939 4028 1008 4078; x_wconf 74' lang='lat' dir='ltr'><strong><em>(ixx.</em></strong></span> <span class='ocrx_word' id='word_1_521' title='bbox 1027 4027 1134 4080; x_wconf 88' lang='lat' dir='ltr'><strong><em>habent</em></strong></span> <span class='ocrx_word' id='word_1_522' title='bbox 1152 4034 1178 4078; x_wconf 83' lang='lat' dir='ltr'><strong><em>et</em></strong></span> <span class='ocrx_word' id='word_1_523' title='bbox 1194 4043 1283 4093; x_wconf 85' lang='lat' dir='ltr'><strong><em>prae</em></strong></span> <span class='ocrx_word' id='word_1_524' title='bbox 1290 4027 1307 4089; x_wconf 76' lang='lat' dir='ltr'><em>f</em></span> <span class='ocrx_word' id='word_1_525' title='bbox 1312 4042 1342 4077; x_wconf 91' lang='grc' dir='ltr'><strong><em>ε-</em></strong></span> 
     </span>
     <span class='ocr_line' id='line_1_52' title="bbox 186 4095 1340 4167; baseline -0.005 -13"><span class='ocrx_word' id='word_1_526' title='bbox 186 4098 310 4167; x_wconf 73' lang='lat' dir='ltr'><strong><em>renda,</em></strong></span> <span class='ocrx_word' id='word_1_527' title='bbox 334 4102 436 4155; x_wconf 76' lang='lat' dir='ltr'><strong><em>osnisso</em></strong></span> <span class='ocrx_word' id='word_1_528' title='bbox 456 4116 494 4165; x_wconf 80' lang='lat' dir='ltr'><strong><em>re,</em></strong></span> <span class='ocrx_word' id='word_1_529' title='bbox 527 4116 592 4152; x_wconf 88' lang='lat' dir='ltr'><strong><em>oum</em></strong></span> <span class='ocrx_word' id='word_1_530' title='bbox 611 4099 677 4152; x_wconf 88' lang='lat' dir='ltr'><strong><em>Cod.</em></strong></span> <span class='ocrx_word' id='word_1_531' title='bbox 698 4099 794 4151; x_wconf 89' lang='lat' dir='ltr'><strong><em>Duisb.</em></strong></span> <span class='ocrx_word' id='word_1_532' title='bbox 817 4097 897 4150; x_wconf 88' lang='lat' dir='ltr'><strong><em>-Post</em></strong></span> <span class='ocrx_word' id='word_1_533' title='bbox 916 4095 1048 4150; x_wconf 73' lang='lat' dir='ltr'><strong><em>uitales:</em></strong></span> <span class='ocrx_word' id='word_1_534' title='bbox 1074 4097 1171 4164; x_wconf 83' lang='lat' dir='ltr'><strong><em>Duisb.</em></strong></span> <span class='ocrx_word' id='word_1_535' title='bbox 1197 4106 1226 4148; x_wconf 87' lang='lat' dir='ltr'><strong><em>et</em></strong></span> <span class='ocrx_word' id='word_1_536' title='bbox 1250 4096 1340 4149; x_wconf 82' lang='lat' dir='ltr'><strong><em>Rehd.</em></strong></span> 
     </span>
     <span class='ocr_line' id='line_1_53' title="bbox 185 4167 1342 4244; baseline -0.008 -17"><span class='ocrx_word' id='word_1_537' title='bbox 185 4174 424 4235; x_wconf 73' lang='lat' dir='ltr'><strong><em>omittuntene‘m</em></strong></span> <span class='ocrx_word' id='word_1_538' title='bbox 443 4169 516 4244; x_wconf 77' lang='lat' dir='ltr'><strong><em>Aug.</em></strong></span> <span class='ocrx_word' id='word_1_539' title='bbox 544 4170 629 4222; x_wconf 90' lang='lat' dir='ltr'><strong><em>habet</em></strong></span> <span class='ocrx_word' id='word_1_540' title='bbox 648 4168 723 4222; x_wconf 77' lang='lat' dir='ltr'><strong><em>uiuit</em></strong></span> <span class='ocrx_word' id='word_1_541' title='bbox 737 4169 823 4232; x_wconf 72' lang='lat' dir='ltr'><strong><em>&#39;eezinu</em></strong></span> <span class='ocrx_word' id='word_1_542' title='bbox 853 4167 957 4221; x_wconf 86' lang='lat' dir='ltr'><strong><em>omisso</em></strong></span> <span class='ocrx_word' id='word_1_543' title='bbox 979 4176 1027 4222; x_wconf 88' lang='grc' dir='ltr'><strong><em>εει.</em></strong></span> <span class='ocrx_word' id='word_1_544' title='bbox 1064 4171 1129 4220; x_wconf 92' lang='lat' dir='ltr'><strong><em>Post</em></strong></span> <span class='ocrx_word' id='word_1_545' title='bbox 1153 4167 1223 4220; x_wconf 90' lang='lat' dir='ltr'><strong><em>haec</em></strong></span> <span class='ocrx_word' id='word_1_546' title='bbox 1242 4181 1342 4219; x_wconf 84' lang='lat' dir='ltr'><strong><em>rursus</em></strong></span> 
     </span>
     <span class='ocr_line' id='line_1_54' title="bbox 184 4238 1341 4314; baseline -0.007 -17"><span class='ocrx_word' id='word_1_547' title='bbox 184 4261 214 4298; x_wconf 78' lang='lat' dir='ltr'><strong><em>se</em></strong></span> <span class='ocrx_word' id='word_1_548' title='bbox 233 4240 344 4298; x_wconf 87' lang='lat' dir='ltr'><strong><em>omittit</em></strong></span> <span class='ocrx_word' id='word_1_549' title='bbox 361 4242 457 4294; x_wconf 85' lang='lat' dir='ltr'><strong><em>Duisb.</em></strong></span> <span class='ocrx_word' id='word_1_550' title='bbox 477 4251 544 4301; x_wconf 86' lang='lat' dir='ltr'><strong><em>ante</em></strong></span> <span class='ocrx_word' id='word_1_551' title='bbox 563 4243 715 4310; x_wconf 76' lang='lat' dir='ltr'><strong><em>serendum,</em></strong></span> <span class='ocrx_word' id='word_1_552' title='bbox 735 4241 862 4309; x_wconf 87' lang='lat' dir='ltr'><strong><em>itemque</em></strong></span> <span class='ocrx_word' id='word_1_553' title='bbox 881 4240 947 4293; x_wconf 79' lang='lat' dir='ltr'><strong><em>cod</em></strong></span> <span class='ocrx_word' id='word_1_554' title='bbox 967 4240 1040 4314; x_wconf 79' lang='lat' dir='ltr'><strong><em>Aug.</em></strong></span> <span class='ocrx_word' id='word_1_555' title='bbox 1072 4239 1117 4292; x_wconf 85' lang='lat' dir='ltr'><strong><em>Ad</em></strong></span> <span class='ocrx_word' id='word_1_556' title='bbox 1133 4258 1161 4291; x_wconf 82' lang='lat' dir='ltr'><strong><em>v.</em></strong></span> <span class='ocrx_word' id='word_1_557' title='bbox 1183 4238 1341 4306; x_wconf 76' lang='lat' dir='ltr'><strong><em>intelligia,</em></strong></span> 
     </span>
     <span class='ocr_line' id='line_1_55' title="bbox 186 4308 1341 4384; baseline -0.005 -18"><span class='ocrx_word' id='word_1_558' title='bbox 186 4315 254 4384; x_wconf 80' lang='lat' dir='ltr'><strong><em>quid</em></strong></span> <span class='ocrx_word' id='word_1_559' title='bbox 280 4311 412 4382; x_wconf 72' lang='lat' dir='ltr'><strong><em>sequatur</em></strong></span> <span class='ocrx_word' id='word_1_560' title='bbox 435 4313 596 4366; x_wconf 90' lang='lat' dir='ltr'><strong><em>Nissenius:</em></strong></span> <span class='ocrx_word' id='word_1_561' title='bbox 631 4312 774 4378; x_wconf 85' lang='lat' dir='ltr'><strong><em>„scilicct,</em></strong></span> <span class='ocrx_word' id='word_1_562' title='bbox 806 4320 840 4363; x_wconf 90' lang='lat' dir='ltr'><strong><em>ut</em></strong></span> <span class='ocrx_word' id='word_1_563' title='bbox 857 4312 918 4362; x_wconf 85' lang='lat' dir='ltr'><strong><em>vita</em></strong></span> <span class='ocrx_word' id='word_1_564' title='bbox 935 4312 1024 4376; x_wconf 86' lang='lat' dir='ltr'><strong><em>beata,</em></strong></span> <span class='ocrx_word' id='word_1_565' title='bbox 1051 4309 1185 4379; x_wconf 88' lang='lat' dir='ltr'><strong><em>quoniam</em></strong></span> <span class='ocrx_word' id='word_1_566' title='bbox 1206 4308 1341 4384; x_wconf 80' lang='lat' dir='ltr'><strong><em>gloriosa,</em></strong></span> 
     </span>
     <span class='ocr_line' id='line_1_56' title="bbox 187 4381 1340 4460; baseline -0.005 -22"><span class='ocrx_word' id='word_1_567' title='bbox 187 4387 273 4439; x_wconf 85' lang='lat' dir='ltr'><strong><em>ctiam</em></strong></span> <span class='ocrx_word' id='word_1_568' title='bbox 292 4384 451 4451; x_wconf 87' lang='lat' dir='ltr'><strong><em>laudabilis,</em></strong></span> <span class='ocrx_word' id='word_1_569' title='bbox 479 4401 548 4460; x_wconf 80' lang='lat' dir='ltr'><strong><em>ergo</em></strong></span> <span class='ocrx_word' id='word_1_570' title='bbox 570 4384 690 4439; x_wconf 83' lang='lat' dir='ltr'><strong><em>honesta</em></strong></span> <span class='ocrx_word' id='word_1_571' title='bbox 707 4383 776 4437; x_wconf 83' lang='lat' dir='ltr'><strong><em>sit.“</em></strong></span> <span class='ocrx_word' id='word_1_572' title='bbox 811 4383 910 4458; x_wconf 75' lang='lat' dir='ltr'><strong><em>Pergit</em></strong></span> <span class='ocrx_word' id='word_1_573' title='bbox 929 4382 996 4437; x_wconf 80' lang='lat' dir='ltr'><strong><em>cod.</em></strong></span> <span class='ocrx_word' id='word_1_574' title='bbox 1017 4382 1090 4455; x_wconf 79' lang='lat' dir='ltr'><strong><em>Aug.</em></strong></span> <span class='ocrx_word' id='word_1_575' title='bbox 1110 4385 1144 4448; x_wconf 73' lang='grc' dir='ltr'><strong><em>ζει</em></strong></span> <span class='ocrx_word' id='word_1_576' title='bbox 1167 4381 1340 4451; x_wconf 80' lang='lat' dir='ltr'><strong><em>equidem,</em></strong></span> 
     </span>
    </p>
   </div>
   <div class='ocr_carea' id='block_1_6' title="bbox 0 0 1432 5084">
    <p class='ocr_par' dir='ltr' id='par_1_10' title="bbox 0 0 1432 5084">
     <span class='ocr_line' id='line_1_57' title="bbox 0 0 1432 5084; baseline 0 0"><span class='ocrx_word' id='word_1_577' title='bbox 0 0 1432 5084; x_wconf 95' lang='lat' dir='ltr'><strong><em> </em></strong></span> 
     </span>
    </p>
   </div>
  </div>
 </body>
</html>
