2856 5084
576 279 705 343 urum
725 279 770 359 v,
790 278 878 346 sn·
1175 343 1177 348 ,
1226 275 1287 344 1ee

133 435 224 505 mum
246 450 340 525 putet
361 461 433 506 csse
456 441 614 523 iudicem,
636 462 777 527 eumque
798 433 1054 523 condocefeeiet‚
1075 452 1182 521 ntea,
1202 461 1286 526 quae

132 526 220 588 bone
240 527 365 588 malave
386 523 576 602 videantur,
610 529 717 608 possit
738 534 960 589 contemnere.
1002 523 1090 586 Nem
1115 544 1198 608 quse
1219 526 1284 588 tibi
1301 527 1344 587 88.

133 608 268 689 Epicuri
290 606 435 687 videtur,
463 606 577 672 eadem
599 611 666 670 erit
686 608 889 688 Hieronymi
916 617 951 671 et
972 604 1152 670 Carneadis
1173 627 1285 689 cause,

131 797 252 849 omnium
270 811 323 848 scen
339 801 418 862 polet
436 802 491 850 eet.
510 812 597 865 quam
615 795 742 849 maxime
759 792 864 864 probat
880 793 954 847 Buh.
982 802 1012 848 et
1039 794 1100 864 ipse
1124 803 1196 865 puto
1223 811 1283 852 esse

130 865 294 922 meliorem.
331 866 431 919 Malim
455 873 567 920 tament
594 867 658 933 quin
685 866 817 918 bonorum
841 865 931 918 animi
952 870 1028 932 potet
1055 880 1124 920 esee.
1148 868 1226 918 ¹idon
1250 867 1283 920 in

132 953 242 1007 eumque
261 937 466 1002 condocefeciot
484 936 713 1001 addiderimus,
734 936 776 989 sic
794 943 824 988 ol
842 935 920 988 nihil
944 935 1112 990 offensionis
1136 935 1283 991 babebit.“

133 1008 202 1061 Ern.
238 1008 301 1074 „ln
320 1023 415 1060 eornm
433 1005 588 1079 intelliget
607 1023 678 1074 quae
697 1007 753 1076 ipsi
771 1006 844 1060 bona
862 1005 977 1073 dicunt3
998 1008 1030 1059 in
1049 1023 1126 1061 nemo
1144 1007 1282 1082 intellige

133 1093 238 1144 eonem,
264 1077 341 1149 quod
365 1094 423 1131 non
447 1077 555 1147 ubique
578 1076 715 1134 additura
737 1095 766 1131 v.
785 1079 810 1133 ὸ.
829 1077 894 1130 Ein.
915 1076 938 1130 l.
958 1081 984 1134 8.
1004 1079 1055 1134 ὅθι
1089 1095 1168 1132 nemo
1191 1078 1283 1145 igilur

132 1155 175 1203 ecl
197 1157 251 1204 non
277 1149 371 1215 miser,
398 1146 449 1200 ubi
471 1163 566 1200 eornm
589 1148 731 1201 Ernestus
756 1147 819 1201 siue
838 1163 920 1200 causa
945 1148 1063 1202 addidit.
1090 1148 1282 1215 Tusc.l.13‚

131 1223 181 1275 ao:
210 1235 289 1273 nemo
308 1220 380 1272 enim
399 1217 527 1285 (eorum)
554 1225 659 1280 moeret
681 1233 733 1272 suo
760 1216 939 1273 incommodo.
976 1219 1032 1273 Pro
1057 1220 1104 1290 qos'
1127 1219 1284 1296 legendum

132 1299 178 1345 est
195 1289 269 1358 quin,
290 1297 323 1341 ut
341 1290 426 1360 Bipp.
447 1288 635 1343 ediderunt.“
669 1286 782 1342 Nissen.
1106 1354 1110 1360 ἢ

204 1361 291 1414 Nemo
310 1366 353 1413 eet
372 1359 446 1413 enim
465 1375 595 1425 eornm,
643 1357 701 1412 uin
726 1361 857 1414 bonorum
875 1359 998 1414 animem
1023 1367 1099 1429 potet
1123 1377 1183 1417 eece
1205 1361 1285 1417 e'ods'-

132 1431 205 1500 cem]
240 1431 284 1485 lta
302 1431 369 1484 dedi
388 1448 454 1484 cum
472 1428 547 1482 Ern.
565 1431 615 1484 EA
659 1429 710 1482 olf.
732 1447 810 1501 seqq.
831 1433 985 1503 nonquod
1004 1433 1046 1486 ita
1063 1432 1216 1502 scripsisse
1234 1432 1285 1486 ct-

132 1518 269 1556 neronem
287 1509 383 1568 certus
403 1502 468 1565 sim,
487 1500 538 1554 sed
576 1502 624 1554 uia
642 1503 672 1554 et
689 1500 906 1572 simplicissima
926 1511 968 1556 est
986 1505 1109 1557 mutatio
1127 1504 1284 1579 etvulgata

133 1573 173 1642 (q.
194 1589 221 1626 v.
242 1573 273 1625 in
292 1571 428 1625 lemmate
447 1579 544 1634 annot.
589 1571 649 1634 av.)
668 1573 843 1626 sententiam
860 1572 947 1628 habet
971 1574 1015 1628 rei
1040 1591 1099 1628 non
1122 1582 1284 1630 accommo-

131 1644 234 1698 datam.
271 1642 394 1696 Erravit
416 1649 512 1695 autem
529 1643 601 1695 Ern.
622 1642 730 1696 'dicens
754 1643 906 1698 Davisium
934 1642 1061 1698 voluisse
1084 1644 1206 1699 omnium
1228 1663 1284 1716 pro

130 1715 263 1770 animum,
304 1713 440 1767 Ceterum
458 1713 574 1767 variant
591 1712 663 1767 libri
680 1711 760 1767 MSS.
778 1715 946 1769 lectionem
965 1716 1030 1784 quin
1047 1714 1165 1778 hebent,
1188 1724 1223 1769 ut
1239 1719 1296 1771 vi·'
1342 1741 1346 1746 ¹

132 1787 228 1850 detur,
258 1784 313 1838 duo
339 1783 427 1838 Godd.
456 1782 526 1838 Oxx.
564 1783 657 1838 Verba
678 1800 757 1838 nemo
781 1792 821 1838 est
840 1787 912 1839 enim
936 1803 1027 1855 usque
1054 1787 1090 1839 ad
1111 1791 1285 1843 contemnere

133 1856 305 1911 exciderunt
324 1855 355 1907 in
374 1853 442 1907 God.
463 1854 547 1939 Gud.·
575 1854 610 1908 In
633 1854 719 1908 Vind.
738 1858 764 1910 2.
789 1855 941 1927 omittitur
961 1862 1018 1939 ¹eet.
1048 1855 1138 1911 Rehd.
1167 1856 1286 1914 exhibet

131 1942 270 2051 titt}
288 1924 745 2060 illittlttttttmt‘lt
759 1929 1286 2067 ‘stridentitttttdil

131 2084 212 2121 mum
231 2081 292 2119 nen
309 2071 399 2133 putat
418 2065 547 2120 indicem.
577 2064 645 2119 God.
664 2065 738 2126 Gud.
757 2068 784 2122 2.
804 2066 914 2120 omittit
931 2072 1010 2134 potet
1029 2083 1098 2121 esse.
1136 2069 1197 2123 Mc.

197 2143 277 2203 ’pretet
295 2152 355 2189 esse
374 2135 493 2190 iudicem
511 2151 624 2207 eumque
641 2136 873 2204 condocefaeiot,]
910 2138 1014 2192 Merito
1033 2139 1138 2194 mirem
1156 2140 1287 2211 appellet

132 2209 180 2263 Or.
200 2207 320 2264 Ernesti
337 2208 537 2262 coniecturam
556 2223 669 2275 eumque
687 2207 740 2260 e'la
758 2208 982 2276 condocefeciats
1001 2208 1181 2276 scilicetne,
1208 2212 1287 2282 quod

131 2280 275 2349 sequitur,
301 2285 332 2332 nt
351 2278 463 2349 aliquid
479 2276 584 2331 habeat
606 2277 784 2331 offensionis.
816 2277 885 2331 (lod.
905 2276 990 2334 Vind.
1011 2283 1036 2334 1.
1055 2278 1142 2333 habet
1159 2279 1286 2354 glossam
1399 2308 1402 2314 ·

131 2364 245 2419 comque
262 2350 403 2413 deceat,
421 2347 522 2402 Duisb.
540 2365 627 2418 supra
635 2348 689 2400 lin.
705 2348 862 2413 condeceat,
881 2347 972 2402 Rebd
992 2350 1169 2412 condocens
1185 2353 1286 2418 fedol,
1383 2365 1388 2373 ·

131 2438 209 2474 unus
233 2419 285 2471 01.
309 2419 469 2472 condocens
495 2417 596 2483 fedat,
621 2418 677 2471 duo
695 2417 963 2472 condescendere
981 2418 1092 2485 faciat,
1118 2419 1220 2476 Solent
1245 2421 1284 2475 li·

131 2489 225 2544 brarii
242 2489 364 2558 haerere
383 2496 413 2543 et
432 2504 529 2542 errare
554 2489 587 2541 in
609 2486 685 2547 ἅπαξ
702 2490 868 2560 λεγομένοις,
895 2489 980 2560 quale
1007 2489 1063 2543 hoc
1086 2491 1207 2547 verbum
1230 2499 1285 2560 est,

133 2560 210 2631 quod
232 2558 290 2614 hoo
315 2575 374 2613 uno
393 2558 541 2614 Ciceronis
567 2557 633 2612 loco
656 2559 815 2627 reperitur,
843 2567 872 2614 et
900 2560 1149 2630 aposterioribus
1172 2576 1286 2634 quoque

132 2647 201 2754 {⁸¹2⁰
220 2638 391 2753 usurpatpim
416 2636 468 2683 est.
507 2627 612 2766 Palino'
631 2629 745 2754 saeppus
772 2630 884 2706 legitur
909 2646 967 2685 vox
994 2631 1066 2686 item
1085 2631 1285 2701 Ciceroniana,
1341 2691 1345 2698 ,

156 2718 205 2755 mc
223 2717 346 2755 consum
372 2718 395 2765 s,
412 2715 550 2754 commone
563 2714 637 2756 occe.
710 2716 735 2753 r.
1120 2761 1123 2767 ,
1241 2713 1246 2720 ·

204 2772 278 2825 Nom
304 2785 390 2840 qnae
415 2772 468 2825 tibi
490 2772 516 2824 E
533 2770 607 2825 icere·
631 2770 798 2838 videtur]
833 2771 931 2837 „Pell
955 2771 1068 2827 secund
1095 2782 1162 2829 tert.
1188 2782 1285 2844 quart.

133 2840 223 2898 Fabr.·
237 2841 329 2895 Vatis.
349 2858 413 2896 nam
433 2856 496 2910 qne
539 2840 594 2894 siti
611 2840 795 2908 Epicurus
812 2841 952 2896 videtur.“
988 2843 1070 2898 Geel.

103 2946 105 2950 -
207 2911 288 2978 Quod
306 2912 360 2966 is'ds'
375 2912 523 2981 Epicurus
546 2910 669 2978 videtne]
704 2911 753 2966 sic
778 2913 848 2987 Reg.
874 2913 1020 2968 Pithoean.
1046 2913 1119 2968 Pell.
1138 2920 1207 2980 tres,
1232 2915 1287 2971 Fe·

132 2982 205 3036 bric.
227 2990 256 3036 et
274 2983 366 3037 Vatic.
403 2982 462 3034 an
519 2996 587 3051 qnae
604 2981 656 3036 sios·
673 2981 795 3049 Epicuri
810 2983 932 3037 videtur.
969 2984 1005 3041 D.
1083 3022 1094 3033 ,

203 3052 382 3121 Numquae
400 2997 625 3121 libingienri
641 3052 766 3119 videtur]
804 3055 933 3120 „Nescio
959 3071 1012 3107 cur
1029 3054 1166 3110 Davisius
1188 3070 1288 3111 corre-

132 3125 211 3178 xerit
229 3126 304 3194 qood
323 3151 357 3163 -
379 3123 527 3189 Epicuros.
546 3124 655 3176 Verum
674 3123 791 3192 quidem
810 3132 854 3179 est
872 3125 912 3179 ita
930 3123 1035 3180 babere
1053 3126 1168 3197 aliquot
1186 3126 1286 3192 codd,

134 3197 166 3248 in
183 3194 230 3247 his
248 3195 372 3269 regium.
411 3193 467 3248 Sed
485 3200 529 3247 est
544 3192 602 3246 hoc
619 3194 726 3247 vitium
744 3196 942 3261 manifestum,
962 3196 1038 3266 quod
1050 3197 1102 3250 alii
1120 3197 1287 3270 complures

134 3281 195 3319 non
212 3264 330 3332 babent,
349 3281 442 3336 neque
459 3263 532 3319 Edd.
551 3263 646 3318 νεῖν(
664 3261 751 3317 Roob.
769 3265 863 3321 Habet
876 3266 945 3321 Gud.
964 3267 1143 3336 Vind.'qdod
1162 3295 1194 3305 -
1213 3267 1287 3338 Epy·

133 3335 262 3389 corbus
279 3337 387 3390 videtur
404 3335 536 3389 dicere.
557 3333 625 3388 (iod
644 3334 734 3389 Rchd.
753 3336 888 3404 quidem
907 3335 960 3391 titi
978 3335 1159 3405 Epicurus.
1186 3336 1285 3392 Duisb.

135 3406 227 3476 qnod
244 3407 298 3461 stoi
315 3405 496 3476 Epicuros
513 3404 674 3473 videatur.
694 3405 769 3459 Gud.
788 3411 814 3462 1.
833 3411 858 3463 2.
878 3408 954 3462 Mon.
976 3411 1000 3463 l.
1028 3408 1116 3462 Merb.
1146 3424 1213 3463 cum
1230 3409 1287 3463 Re·

136 3477 186 3548 gio
205 3485 234 3531 et
252 3478 381 3548 quinque
400 3477 471 3530 Oxx.
492 3475 565 3546 qnod
584 3505 616 3516 -
636 3475 751 3533 videtur.
789 3476 891 3546 Neque
910 3485 1008 3532 tamen
1026 3496 1044 3531 a
1060 3495 1107 3533 me
1125 3479 1287 3551 impetrare
1339 3513 1341 3517 π

134 3549 230 3618 potui,
257 3557 291 3602 nt
309 3566 377 3602 cum
394 3547 514 3603 Davieio
531 3546 696 3617 reciperem
715 3561 817 3600 eorum
842 3546 987 3601 librorum
1011 3548 1181 3614 lectionem,
1206 3557 1288 3604 vetu-

137 3624 211 3670 stam
230 3619 356 3687 quidem,
377 3619 426 3673 sed
443 3618 599 3673 manifesto
616 3617 729 3671 falsam.
749 3618 853 3687 Neque
871 3619 958 3672 etiam
973 3619 1174 3689 recipiendum
1191 3620 1287 3675 visum

135 3694 190 3753 est,
222 3689 300 3758 quod
316 3705 420 3744 verum
437 3689 590 3752 videbatur
608 3687 719 3741 Orellio
737 3697 855 3742 nostro:
889 3691 978 3758 qnod
1004 3690 1059 3744 site·
1075 3690 1193 3759 Epicuri
1210 3691 1287 3746 oide-

136 3765 193 3822 tnr,
212 3757 275 3813 scil.
296 3757 396 3827 δόγμα.
433 3758 517 3813 Redii
535 3758 631 3813 i‘itur
646 3758 683 3813 ad
700 3767 834 3813 veterum
851 3757 925 3815 Edd.
944 3761 1099 3816 lectionem
1127 3779 1163 3816 cx
1182 3761 1286 3832 quibus

137 3827 231 3894 nulla,
250 3836 368 3897 praeter
385 3830 427 3892 Ρ.,
454 3845 521 3881 cum
566 3845 610 3882 av.
630 3829 711 3883 facit.
748 3829 907 3884 Nobiscum
933 3832 1049 3885 faciunt
1072 3841 1198 3901 quatuor
1215 3831 1285 3885 Oxx.

136 3902 213 3956 Mon.
233 3902 260 3955 2.
279 3899 364 3954 Vind.
383 3902 409 3955 2.
429 3898 502 3952 Edd.
522 3897 557 3952 ad
575 3908 661 3952 unam
678 3901 741 3954 iere
759 3917 867 3954 omnes·
887 3899 955 3953 cod.
974 3904 1050 3956 Mon.
1072 3906 1095 3955 1.
1114 3902 1200 3955 babet
1217 3900 1287 3956 Hie·

138 3969 271 4035 rens'mi,
292 3969 368 4023 Gud·
386 3971 412 4025 2.
433 3967 541 4034 beroni,
560 3985 646 4041 supra
664 3970 718 4023 lin.
738 3972 787 4027 mi.
807 3970 881 4024 (iud
904 3970 1051 4024 Garneed'.
1075 3970 1161 4026 Vind.
1181 3974 1207 4026 l.
1231 3986 1287 4041 pro

137 4056 223 4095 conso
248 4040 336 4094 hebet
361 4039 464 4106 opinio,
498 4041 573 4094 Mon·
601 4045 625 4095 l.
652 4048 806 4110 utramque
837 4040 936 4115 iungit
963 4041 1119 4094 lectionem
1151 4039 1288 4096 exhibens

139 4111 299 4166 Carneadis
324 4110 449 4180 opinio
470 4125 566 4174 causo,
598 4111 672 4164 Gud.
693 4113 719 4166 2.
744 4117 900 4180 utrumque
919 4111 1041 4177 omittit,
1068 4111 1114 4164 nil
1138 4111 1197 4164 nisi
1215 4112 1289 4165 (lar-

123 4185 239 4237 neodie
264 4183 413 4252 praebens.
451 4179 592 4249 Sequitur
615 4180 705 4234 vulo
732 4186 759 4233 el
783 4177 909 4237 hercle.
952 4180 1063 4251 Scripsi
1093 4188 1119 4234 et
1145 4179 1288 4236 decente

140 4270 208 4306 cum
225 4252 298 4307 Edd.
322 4253 350 4308 S.
377 4254 414 4306 E.
433 4249 648 4308 novole-Dav.
668 4199 723 4304 {ln
743 4248 815 4308 Tbn.
841 4268 878 4305 ex
900 4251 988 4306 Godd.
1013 4253 1084 4328 neg.
1114 4254 1187 4308 Gud.
1215 4259 1239 4310 l.
1259 4256 1286 4308 2.

139 4324 227 4378 Marb.
248 4328 324 4380 Mon.
345 4330 370 4382 1.
390 4325 417 4381 2.
436 4322 529 4377 Rebd.
549 4321 626 4377 Gud.
644 4321 743 4377 Duisb.
770 4323 805 4378 ln
823 4337 882 4376 nno
902 4323 951 4378 01.
971 4321 1050 4388 deest
1068 4331 1177 4396 etpost
1196 4339 1287 4381 causo.

141 4394 218 4448 Gud·
237 4398 265 4454 2.
283 4395 370 4450 habet
389 4393 586 4465 omniumque.
625 4395 685 4448 Me.
1362 4426 1364 4430 ι
