2856 5084
197 240 266 351 152'
403 281 635 350 emmonis
658 283 905 351 tusconen,
929 283 1160 353 nuruum.
1191 368 1194 378 ἢ

196 450 315 531 quibus
326 449 367 512 ab
379 457 515 537 aeterno
529 459 680 533 tempore
691 452 872 512 fluentibus
886 453 923 513 in
937 459 1122 530 aeternum,
1139 451 1228 514 ratio
1241 458 1354 514 tamen

136 539 179 593 71.
197 551 354 612 mensque
365 531 569 596 moderatur.
587 535 680 595 Haec
690 534 746 594 ille
764 536 898 595 intuens
910 543 1010 618 atque
1021 535 1216 615 suspiciens,
1229 535 1283 596 vel
1294 555 1354 616 po.

197 617 266 676 tius
279 633 392 676 omnes
409 623 521 695 partes
532 635 673 696 orasque
689 617 974 697 circumspiciens,
991 626 1110 697 quanta
1123 636 1238 677 rursus
1250 618 1354 677 animi

197 696 438 777 tranquillitate
449 697 592 758 humana
605 706 638 758 et
648 700 807 759 citeriora
818 697 1025 760 considerat!
1055 699 1147 758 Hinc
1165 698 1222 759 illa
1234 701 1351 782 cogni·

197 781 247 840 tio
259 780 397 840 virtutis
410 782 554 840 exsistit:
567 781 778 841 efflorescunt
789 799 910 863 genera
921 790 1096 862 partesque
1105 783 1272 843 virtutum
1282 801 1291 846 2
1302 783 1353 842 in-

195 863 343 939 venitur,
363 859 443 943 quid
454 862 510 939 eit,
522 862 608 944 quod
621 870 741 924 nature
752 870 881 945 spectet
896 872 1082 928 extremum
1096 864 1132 925 in
1149 858 1255 942 bonis,
1272 862 1353 946 quid

122 1082 125 1087 ,
197 1047 250 1100 111.
271 1051 316 1112 22,
336 1051 378 1104 74.
406 1048 441 1101 de
467 1048 508 1100 Le
529 1066 556 1121 g.
584 1048 608 1114 1,
627 1052 654 1115 4,
675 1054 717 1106 14.
744 1050 780 1104 de
802 1051 839 1107 N.
867 1050 900 1102 D.
921 1051 944 1115 1,
964 1053 991 1116 4,
1010 1055 1036 1107 9.
1061 1051 1155 1120 Epist.
1175 1053 1222 1118 tx,
1249 1056 1291 1108 19.
1317 1052 1353 1105 ed

196 1119 257 1171 Att.
276 1120 350 1184 XVl,
371 1122 413 1174 14.
439 1118 471 1169 in
523 1136 580 1171 err.
600 1120 623 1176 1.
642 1125 687 1185 26,
706 1123 749 1177 66.
781 1122 820 1175 cf.
847 1120 989 1176 Goerenz.
1015 1123 1050 1174 ad
1073 1123 1133 1175 Cic.
1159 1122 1193 1174 de
1218 1124 1306 1206 [regg.
1327 1122 1350 1174 1.
1391 1148 1393 1153 <

197 1193 242 1254 19,
260 1192 304 1244 st.
323 1208 351 1259 p.
371 1192 405 1245 82
424 1187 488 1258 sq.“
507 1189 601 1247 Klein.
633 1191 704 1244 Add.
725 1193 757 1245 F.
778 1191 812 1247 G.
832 1192 965 1245 Jenteen.
1002 1192 1127 1245 Censura
1157 1193 1352 1266 insigniorum

196 1260 329 1312 locorum
348 1261 379 1312 in
396 1261 420 1316 1.
440 1261 490 1312 lib.
512 1261 571 1314 Cic.
592 1263 626 1314 de
645 1264 681 1315 N.
701 1263 735 1315 D.
754 1281 781 1334 p.
804 1266 835 1319 17
847 1279 888 1331 sq.
907 1263 976 1317 Dav.
997 1262 1029 1313 in
1047 1264 1101 1316 Ed.
1118 1267 1142 1317 1.
1163 1264 1353 1333 scriptionem

197 1337 280 1399 aplos
306 1339 407 1383 contra
429 1331 524 1383 nescio
548 1333 630 1384 cuius
648 1340 727 1386 ortes
748 1333 901 1386 1101110100
925 1333 1054 1385 defendit
1071 1333 1143 1385 locis
1162 1335 1276 1389 Lucret.
1297 1333 1350 1389 Ill.

197 1419 226 1471 p·
245 1405 306 1458 376.
326 1401 358 1454 V.
378 1419 407 1470 p.
427 1402 487 1455 638.
508 1400 563 1466 [est
580 1420 654 1458 vers.
674 1407 736 1460 858.
756 1412 785 1456 01
803 1402 878 1469 896]
898 1398 977 1462 Serv.
997 1404 1031 1455 ad
1048 1405 1130 1478 Virg.
1142 1402 1212 1460 Aen.
1224 1403 1272 1461 lv,
1285 1406 1350 1459 483.

199 1473 234 1526 G.
255 1473 283 1525 J.
303 1472 397 1542 Vossii
414 1471 543 1541 Etymol.
561 1473 593 1524 L.
613 1475 645 1527 1..
672 1492 701 1526 v.
721 1479 795 1542 opto.
820 1476 895 1527 Non.
915 1476 1002 1525 Marc.
1022 1474 1069 1528 IV.
1089 1492 1117 1543 p.
1140 1477 1201 1528 616.
1229 1500 1261 1511 -
1282 1473 1351 1526 cod.

198 1545 274 1596 Mon.
296 1547 319 1597 1.
340 1560 406 1595 eum
424 1558 480 1594 uno
499 1540 557 1595 011,-
571 1543 613 1608 [D.
635 1563 700 1597 cum
720 1562 776 1615 quo
796 1545 959 1615 saepissime
977 1544 1133 1614 conspirat]
1152 1543 1239 1597 habet
1256 1550 1346 1601 actae.

198 1613 261 1667 Duo
280 1621 409 1689 pergunt
427 1614 630 1667 necessitates.
667 1616 727 1668 Mr.

270 1685 370 1753 quibus
394 1685 428 1737 01
455 1691 570 1737 aeterno
594 1691 714 1754 tempore
739 1685 883 1750 fluentibus
907 1687 938 1739 in
963 1683 1131 1750 oeternum]
1176 1685 1244 1739 Ood.
1275 1685 1347 1739 Gud.

199 1756 311 1808 omittit
329 1763 456 1825 tempore,
477 1772 550 1823 quae
569 1766 611 1808 011
626 1756 770 1810 'correctio
790 1757 963 1811 correctoris
982 1756 1149 1819 Christiani,
1178 1757 1229 1824 qui
1252 1772 1351 1814 recor,-

199 1827 317 1878 deretur
341 1844 375 1879 ex
404 1827 502 1878 codice
529 1842 608 1878 sacro
637 1826 793 1880 locutionis
817 1828 851 1882 nb
874 1834 986 1880 aeterno
1013 1828 1043 1880 in
1067 1833 1220 1883 0111101111.-
1252 1827 1297 1879 Ad
1322 1844 1349 1884 v,

198 1897 343 1960 liuentibus
367 1899 404 1948 ef.
424 1897 588 1949 Frotscher.
612 1897 647 1948 ad
665 1896 851 1963 Quinctilian.
878 1898 947 1951 lust.
973 1898 1019 1950 Or.
1038 1899 1071 1950 X.
1094 1901 1117 1952 1.
1136 1916 1165 1967 p.
1185 1901 1228 1952 lo.
1262 1896 1348 1950 codd.

151 2005 153 2020 .
197 1969 373 2026 11111112.
401 1967 475 2020 Gud.
494 1967 589 2019 Duisb.
612 1967 719 2021 habent
743 1976 830 2022 1011111
854 1969 938 2035 ratio,
964 1971 1039 2022 lllon.
1061 1972 1086 2022 1.
1110 1968 1222 2020 omittit
1245 1973 1350 2032 tamen,

105 2064 110 2071 «
197 2039 272 2092 Gud.
301 2048 330 2092 01
351 2038 437 2091 Vind·
456 2041 481 2093 2.
508 2047 636 2112 pergunt
663 2045 688 2092 et
711 2055 795 2095 mene.
839 2040 916 2091 Tum
938 2057 1012 2091 unus
1036 2040 1086 2092 Ox.
1111 2044 1248 2102 moratur,
1275 2038 1349 2090 alius

198 2111 309 2164 omittit
326 2110 413 2162 verba
430 2111 474 2162 vel
489 2107 584 2176 petiae
603 2133 633 2145 -
655 2108 888 2178 circumspiciens.
921 2109 1006 2161 ltlarb.
1027 2107 1144 2162 exhibet
1162 2108 1352 2176 conspiciens

176 2198 252 2253 ¹pro
270 2179 505 2248 circumspiciens.
541 2179 577 2235 ln
601 2179 674 2235 Gud.
694 2182 719 2233 2.
748 2181 826 2234 deest
841 2186 938 2247 partes
962 2181 1098 2232 scribitur
1119 2197 1155 2232 ue
1174 2176 1351 2248 horaeque,

107 2259 113 2275 ¹
169 2280 171 2284 Α
198 2261 228 2304 01
245 2253 285 2304 ita
302 2253 444 2320 scriptum
463 2258 505 2303 est
523 2249 587 2319 (pro
606 2251 735 2316 orasque)
755 2253 785 2302 in
803 2251 876 2303 Edd.
895 2252 967 2302 Ven.
988 2259 1078 2303 nostr.
1122 2267 1160 2302 sc.
1172 2255 1198 2305 1.
1218 2253 1244 2305 2.
1265 2252 1347 2302 Junt.

197 2324 276 2379 Crat.
304 2324 401 2378 Herw.
423 2327 446 2377 1.
466 2324 492 2375 2.
522 2320 628 2374 Sturm.
654 2321 722 2372 Rob.
750 2321 849 2392 steph.
876 2320 1010 2385 Hwolf„
1037 2321 1087 2391 qui
1106 2329 1202 2376 temen
1229 2336 1351 2391 oraeque

198 2395 230 2445 in
246 2393 412 2463 parenthesi
437 2392 565 2443 additum
588 2390 682 2443 hahet.
712 2391 748 2443 ln
765 2409 823 2445 uno
843 2393 892 2444 Ox.
913 2391 991 2443 deest
1009 2391 1108 2445 animi.
1139 2393 1206 2443 Mox
1224 2394 1300 2447 Mon.
1323 2397 1348 2446 1.

198 2471 226 2516 et
245 2467 436 2517 exteriora.
475 2463 620 2515 citeriora
640 2478 698 2523 esse
717 2463 737 2517 i.
758 2481 785 2532 q.
805 2463 956 2516 terrestria
975 2470 1094 2532 apparet
1114 2469 1142 2514 et
1161 2478 1196 2512 ex
1214 2461 1350 2513 adiuncto

198 2533 317 2589 1111010110
337 2544 365 2586 01
384 2552 420 2586 ex
438 2533 568 2602 opposito
587 2533 661 2601 apud
681 2532 740 2584 Cic.
761 2534 795 2585 de
812 2535 881 2602 Rep.
902 2533 926 2584 Ι.
946 2534 989 2587 21.
1010 2550 1039 2602 p.
1057 2534 1101 2588 92.
1128 2531 1171 2584 ed.
1191 2539 1279 2583 nostr.
1302 2533 1351 2583 de-

198 2607 427 2658 decorationem
452 2611 529 2670 team
554 2603 587 2655 de
610 2603 687 2655 caelo
712 2604 750 2655 cd
777 2602 844 2655 llaec
869 2603 987 2656 01111110.Ι
1014 2603 1064 2654 ubi
1082 2601 1139 2654 vid.
1161 2601 1298 2653 Crenzeri
1319 2610 1350 2652 et

197 2685 285 2728 nostr.
306 2683 400 2727 annot.
436 2675 470 2727 ln
494 2689 551 2726 uno
571 2675 620 2726 Ox.
642 2682 684 2725 est
708 2674 896 2729 consideret.
933 2675 999 2736 llos:
1018 2672 1104 2725 ltlarb.
1132 2671 1185 2723 illa
1203 2673 1350 2736 cogito-

198 2746 263 2810 tin,
291 2749 365 2798 illoc.
395 2751 417 2800 1.
444 2745 528 2814 eique
554 2745 617 2796 fere
642 2745 774 2819 geminus
801 2747 851 2799 Ox.
879 2743 1033 2797 uirtutum
1058 2740 1171 2804 1110111,
1197 2758 1270 2791 unus
1296 2740 1348 2791 Ox.

195 2818 349 2871 consistit.
368 2816 404 2868 ln
421 2819 496 2868 Mon.
520 2817 542 2868 l.
556 2815 665 2866 desunt
682 2815 769 2867 verba
793 2816 968 2880 efflorescunt
994 2827 1099 2880 genero
1122 2816 1271 2879 partesque
1289 2809 1351 2863 oir-

195 2893 291 2941 tutum.
315 2888 399 2940 Vind.
420 2891 445 2942 1.
464 2885 633 2955 habetque
652 2887 834 2950 efflorescunt,
854 2886 940 2937 lllarb·
960 2884 1148 2948 eslerescsmt.
1186 2882 1246 2934 Me.
1340 2930 1344 2935 .

266 2993 371 3046 genere
388 2983 535 3044 partesque
552 2971 697 3037 virtutum]
733 2975 800 3039 „Ut
818 2974 939 3037 iustitio,
963 2972 1113 3038 tortitudo,
1136 2968 1293 3036 prudentia
1319 2975 1348 3021 et

100 3060 111 3081 ⁸
195 3051 394 3116 temperentia.-
413 3046 515 3115 quibus
533 3052 633 3115 utpote
651 3040 803 3112 generibus
825 3045 933 3096 multae
955 3043 1061 3112 species
1082 3047 1231 3108 partesque
1258 3039 1348 3091 subii-

195 3119 324 3182 ciuntur,
349 3118 383 3169 de
409 3116 511 3185 quibus
535 3108 647 3184 copiose
671 3115 821 3167 disseritur
846 3114 877 3165 in
901 3113 1023 3166 secundo
1042 3110 1275 3164 rhetoricorum:
1302 3126 1349 3162 co·

194 3189 304 3261 piosius
321 3188 396 3257 apud
412 3186 631 3256 philosophos.“
648 3185 778 3239 Beroald.
798 3184 841 3238 Ad
858 3185 945 3237 verba
964 3183 1031 3251 quid
1048 3182 1096 3246 eit,
1116 3180 1232 3248 quod-
1246 3185 1350 3249 spectet

195 3262 271 3312 conf.
297 3257 447 3313 Docleekii
473 3255 731 3310 Deutsch-Lat.
758 3257 909 3309 Gramm.
935 3272 963 3323 p.
983 3256 1045 3309 249.
1084 3252 1196 3306 Habent
1224 3255 1348 3318 expectet
1374 3268 1377 3275 ·

194 3336 368 3403 prospectet
387 3329 458 3380 Edd.
478 3327 542 3379 Asc.
563 3329 588 3380 2.
609 3328 688 3394 Junt.
709 3326 785 3378 Crat.
806 3327 903 3380 Herw.
927 3329 950 3379 1.
969 3323 994 3376 2.
1015 3326 1157 3400 lnmarg.
1179 3321 1265 3374 Goth.
1287 3328 1347 3374 est:

194 3419 252 3471 „q.
272 3419 299 3452 v.
320 3417 344 3452 o.
365 3405 500 3469 expectet:
527 3414 585 3449 non
609 3395 735 3466 placet.“
770 3398 875 3448 Brutus
894 3397 987 3447 refert
1006 3411 1065 3446 esse
1090 3394 1121 3444 in
1140 3392 1207 3447 (1011.
1228 3391 1346 3462 Gryph.

194 3477 371 3540 expectetur.-
396 3470 472 3530 unde
500 3468 621 3521 coniicit
646 3473 801 3534 expetatur.
838 3466 892 3517 Est
916 3467 1002 3518 etiam
1029 3469 1088 3519 al.
1110 3481 1147 3516 m.
1175 3468 1297 3531 expectet
1316 3463 1349 3533 in

195 3543 269 3597 Gud.
289 3547 315 3597 l.
335 3541 383 3592 sed
400 3541 495 3610 prima
512 3539 629 3607 syllaba,
658 3537 814 3607 praemisso
833 3553 856 3600 s,
875 3537 990 3606 punctis
1009 3542 1115 3586 notata.
1153 3533 1188 3586 ln
1212 3549 1268 3584 uno
1294 3531 1346 3584 Ox.

196 3621 240 3669 est
259 3618 372 3679 expetet.
397 3610 545 3663 <Ceterum
566 3616 646 3661 recte
664 3615 762 3660 rnonet
779 3606 872 3660 Kiihn.
893 3605 1052 3681 significari
1070 3605 1100 3660 h.
1121 3604 1141 3655 l.
1161 3611 1221 3656 tres
1239 3610 1347 3674 partes,

195 3684 227 3734 in
256 3700 325 3751 quas
345 3681 436 3734 Stoici
461 3679 602 3733 moralem
626 3676 838 3747 philosophiam
865 3677 1084 3740 distribuerunt,
1121 3673 1285 3728 doctrinam
1313 3672 1349 3726 de

193 3753 274 3806 bonis
293 3752 339 3817 (de
358 3750 592 3813 summobono),
612 3747 646 3799 de
664 3748 821 3800 virtutibus
840 3755 869 3799 et
887 3747 921 3799 de
941 3745 1056 3800 officiis.
1094 3745 1154 3796 Mr.

266 3841 341 3907 Quid
357 3843 388 3894 in
406 3839 490 3892 malis
508 3836 653 3902 1111111111]
689 3830 793 3911 Vulgo
804 3837 883 3905 quod.
904 3835 944 3888 Ut
963 3835 1104 3888 edidimus
1122 3831 1259 3884 exhibent
1277 3832 1348 3904 Reg.

194 3912 341 3966 Pithoean.
361 3912 433 3963 llled.
455 3920 484 3962 et
502 3908 615 3962 Balliol.
653 3907 689 3960 D.
1269 3917 1272 3923 ’

265 3985 336 4051 puori
362 3981 392 4034 in
415 3981 501 4033 malie
528 3976 687 4042 ultimume]
725 3975 883 4048 „corrigit
906 3976 974 4030 Dav.
1004 3975 1081 4043 quid,
1098 3975 1177 4044 'quia
1195 3973 1237 4025 sic
1255 3981 1298 4025 est
1318 3971 1350 4022 in

97 4109 104 4116 ,
193 4055 345 4109 nonnullis.
362 4052 439 4105 MSS.
460 4068 527 4107 cum
546 4050 648 4118 quihus
666 4048 779 4099 faciunt
797 4047 852 4099 duo
872 4046 1023 4100 heldenses
1049 4055 1078 4099 et
1095 4047 1149 4101 Ed.
1175 4062 1237 4096 mea
1256 4051 1348 4095 vetus.

193 4125 279 4190 Nihil
296 4123 472 4176 mutandum.
509 4122 688 4173 Referuntur
705 4118 777 4177 haec
795 4133 910 4187 quoque
929 4119 964 4170 ad
981 4117 1069 4170 verba
1087 4116 1156 4188 quid
1174 4114 1229 4166 eit.-
1260 4129 1350 4187 eaque

160 4235 166 4242 .
193 4194 312 4265 scriptio
332 4201 376 4246 est
394 4190 585 4266 elegantior.“
603 4188 692 4249 Boub.
718 4189 873 4254 „Davisius
892 4189 959 4254 quid
976 4188 1105 4240 correxit
1123 4194 1224 4238 contra
1242 4184 1349 4237 libros:

192 4265 242 4318 sed
257 4265 288 4315 'id
305 4263 434 4333 postulat
452 4263 520 4331 quid
538 4260 587 4326 eit,
608 4261 639 4311 in
657 4261 789 4320 membro
809 4258 984 4331 superiori.“
1004 4259 1072 4320 Ern.
1093 4257 1168 4310 Gud.
1189 4259 1215 4310 2.
1236 4254 1350 4307 omittit
1404 4324 1407 4328 Δ

194 4342 345 4393 extremum
364 4341 393 4384 01
410 4332 496 4385 habet
515 4349 564 4402 que
584 4349 636 4400 pro
658 4347 727 4398 quo.-
749 4332 814 4383 Mr.

262 4405 342 4475 quid
368 4400 509 4459 inmotis
533 4402 695 4466 0111011011]
732 4401 847 4452 Mireris
872 4416 937 4452 sane
961 4401 1127 4467 Ernestum‚
1160 4398 1212 4468 qui
1237 4395 1351 4464 recepit
