<?xml version="1.0" encoding="UTF-8"?>
<!DOCTYPE html PUBLIC "-//W3C//DTD XHTML 1.0 Transitional//EN"
    "http://www.w3.org/TR/xhtml1/DTD/xhtml1-transitional.dtd">
<html xmlns="http://www.w3.org/1999/xhtml" xml:lang="en" lang="en">
 <head>
  <title>
</title>
<meta http-equiv="Content-Type" content="text/html;charset=utf-8" />
  <meta name='ocr-system' content='tesseract 3.04.00' />
  <meta name='ocr-capabilities' content='ocr_page ocr_carea ocr_par ocr_line ocrx_word'/>
</head>
<body>
  <div class='ocr_page' id='page_1' title='image "./mtulliiciceroni02davigoog/mtulliiciceroni02davigoog_0343.png"; bbox 0 0 2856 5084; ppageno 0'>
   <div class='ocr_carea' id='block_1_1' title="bbox 220 261 1083 335">
    <p class='ocr_par' dir='ltr' id='par_1_1' title="bbox 220 261 1083 335">
     <span class='ocr_line' id='line_1_1' title="bbox 220 261 1083 335; baseline -0.01 0"><span class='ocrx_word' id='word_1_1' title='bbox 220 269 282 335; x_wconf 81' lang='lat'><strong>370</strong></span> <span class='ocrx_word' id='word_1_2' title='bbox 510 262 732 335; x_wconf 83' lang='lat' dir='ltr'><strong>EXGURSUS</strong></span> <span class='ocrx_word' id='word_1_3' title='bbox 754 263 829 328; x_wconf 90' lang='lat' dir='ltr'><strong>Vll.</strong></span> <span class='ocrx_word' id='word_1_4' title='bbox 852 261 955 328; x_wconf 90' lang='lat' dir='ltr'><strong>adli.</strong></span> <span class='ocrx_word' id='word_1_5' title='bbox 978 264 1009 328; x_wconf 82' lang='lat'><strong>8.</strong></span> <span class='ocrx_word' id='word_1_6' title='bbox 1030 265 1083 327; x_wconf 68' lang='grc' dir='ltr'><strong>λθ.</strong></span> 
     </span>
    </p>
   </div>
   <div class='ocr_carea' id='block_1_2' title="bbox 221 423 1379 646">
    <p class='ocr_par' dir='ltr' id='par_1_2' title="bbox 221 423 1379 646">
     <span class='ocr_line' id='line_1_2' title="bbox 291 423 1379 499; baseline -0.006 -17"><span class='ocrx_word' id='word_1_7' title='bbox 291 431 333 484; x_wconf 87' lang='lat' dir='ltr'><strong>De</strong></span> <span class='ocrx_word' id='word_1_8' title='bbox 351 430 517 485; x_wconf 76' lang='lat' dir='ltr'><em>Metrodoro</em></span> <span class='ocrx_word' id='word_1_9' title='bbox 541 429 676 499; x_wconf 90' lang='lat' dir='ltr'><strong>denique,</strong></span> <span class='ocrx_word' id='word_1_10' title='bbox 707 428 862 498; x_wconf 86' lang='lat' dir='ltr'><strong>Epicureo,</strong></span> <span class='ocrx_word' id='word_1_11' title='bbox 891 427 1071 491; x_wconf 83' lang='lat' dir='ltr'>Atheniensi,</span> <span class='ocrx_word' id='word_1_12' title='bbox 1099 426 1212 498; x_wconf 86' lang='lat' dir='ltr'><strong>saepius</strong></span> <span class='ocrx_word' id='word_1_13' title='bbox 1234 424 1266 475; x_wconf 89' lang='lat' dir='ltr'><strong>in</strong></span> <span class='ocrx_word' id='word_1_14' title='bbox 1293 423 1379 477; x_wconf 87' lang='lat' dir='ltr'><strong>libris</strong></span> 
     </span>
     <span class='ocr_line' id='line_1_3' title="bbox 221 496 1377 569; baseline -0.006 -15"><span class='ocrx_word' id='word_1_15' title='bbox 221 501 417 555; x_wconf 76' lang='lat' dir='ltr'><strong>Ciceronianis</strong></span> <span class='ocrx_word' id='word_1_16' title='bbox 435 517 528 554; x_wconf 87' lang='lat' dir='ltr'><strong>sermo</strong></span> <span class='ocrx_word' id='word_1_17' title='bbox 547 509 598 565; x_wconf 86' lang='lat' dir='ltr'><strong>est,</strong></span> <span class='ocrx_word' id='word_1_18' title='bbox 617 516 689 569; x_wconf 89' lang='lat' dir='ltr'><strong>quos</strong></span> <span class='ocrx_word' id='word_1_19' title='bbox 707 500 772 552; x_wconf 86' lang='lat' dir='ltr'><strong>vida</strong></span> <span class='ocrx_word' id='word_1_20' title='bbox 790 500 869 552; x_wconf 89' lang='lat' dir='ltr'><strong>locos</strong></span> <span class='ocrx_word' id='word_1_21' title='bbox 889 500 920 551; x_wconf 90' lang='lat' dir='ltr'><strong>in</strong></span> <span class='ocrx_word' id='word_1_22' title='bbox 938 496 1069 550; x_wconf 79' lang='lat' dir='ltr'><strong>Sahiitzii</strong></span> <span class='ocrx_word' id='word_1_23' title='bbox 1082 499 1150 553; x_wconf 84' lang='lat' dir='ltr'><strong>hex.</strong></span> <span class='ocrx_word' id='word_1_24' title='bbox 1166 496 1227 549; x_wconf 87' lang='lat' dir='ltr'><strong>Cic.</strong></span> <span class='ocrx_word' id='word_1_25' title='bbox 1239 496 1305 565; x_wconf 77' lang='lat' dir='ltr'><strong>LP·</strong></span> <span class='ocrx_word' id='word_1_26' title='bbox 1317 498 1377 551; x_wconf 75' lang='lat'><strong>277.</strong></span> 
     </span>
     <span class='ocr_line' id='line_1_4' title="bbox 221 569 973 646; baseline -0.004 -24"><span class='ocrx_word' id='word_1_27' title='bbox 221 574 242 624; x_wconf 85' lang='lat' dir='ltr'><strong>f.</strong></span> <span class='ocrx_word' id='word_1_28' title='bbox 265 573 440 643; x_wconf 87' lang='lat' dir='ltr'><strong>Interpretes</strong></span> <span class='ocrx_word' id='word_1_29' title='bbox 458 572 494 626; x_wconf 90' lang='lat' dir='ltr'><strong>ad</strong></span> <span class='ocrx_word' id='word_1_30' title='bbox 511 572 593 646; x_wconf 86' lang='lat' dir='ltr'><strong>Diog.</strong></span> <span class='ocrx_word' id='word_1_31' title='bbox 614 573 709 624; x_wconf 75' lang='lat' dir='ltr'><strong>baert.</strong></span> <span class='ocrx_word' id='word_1_32' title='bbox 728 571 761 622; x_wconf 86' lang='lat' dir='ltr'><strong>X.</strong></span> <span class='ocrx_word' id='word_1_33' title='bbox 780 570 823 626; x_wconf 77' lang='lat'><strong>22.</strong></span> <span class='ocrx_word' id='word_1_34' title='bbox 844 597 878 608; x_wconf 93' lang='lat'>-</span> <span class='ocrx_word' id='word_1_35' title='bbox 913 569 973 622; x_wconf 88' lang='lat' dir='ltr'><strong>Mr.</strong></span> 
     </span>
    </p>
   </div>
   <div class='ocr_carea' id='block_1_3' title="bbox 716 721 879 729">
    <p class='ocr_par' dir='ltr' id='par_1_3' title="bbox 716 721 879 729">
     <span class='ocr_line' id='line_1_5' title="bbox 716 721 879 729; baseline 0 0"><span class='ocrx_word' id='word_1_36' title='bbox 716 721 879 729; x_wconf 56' lang='lat'><strong>*-</strong></span> 
     </span>
    </p>
   </div>
   <div class='ocr_carea' id='block_1_4' title="bbox 550 809 1042 938">
    <p class='ocr_par' dir='ltr' id='par_1_4' title="bbox 550 809 1042 938">
     <span class='ocr_line' id='line_1_6' title="bbox 550 809 1042 938; baseline -0.01 0"><span class='ocrx_word' id='word_1_37' title='bbox 550 809 905 938; x_wconf 75' lang='lat' dir='ltr'><strong>excussus</strong></span> <span class='ocrx_word' id='word_1_38' title='bbox 945 862 1042 935; x_wconf 80' lang='lat' dir='ltr'><strong>vu.</strong></span> 
     </span>
    </p>
   </div>
   <div class='ocr_carea' id='block_1_5' title="bbox 371 995 1225 1176">
    <p class='ocr_par' dir='ltr' id='par_1_5' title="bbox 371 995 1225 1176">
     <span class='ocr_line' id='line_1_7' title="bbox 635 995 961 1050; baseline -0.012 0"><span class='ocrx_word' id='word_1_39' title='bbox 635 998 670 1050; x_wconf 90' lang='lat' dir='ltr'><strong>ad</strong></span> <span class='ocrx_word' id='word_1_40' title='bbox 687 995 787 1048; x_wconf 80' lang='lat' dir='ltr'><strong>Tusco.</strong></span> <span class='ocrx_word' id='word_1_41' title='bbox 807 995 846 1046; x_wconf 88' lang='grc' dir='ltr'><strong>ΙΙ.</strong></span> <span class='ocrx_word' id='word_1_42' title='bbox 872 997 898 1049; x_wconf 85' lang='grc'><strong>8.</strong></span> <span class='ocrx_word' id='word_1_43' title='bbox 918 997 961 1048; x_wconf 76' lang='lat'><strong>20.</strong></span> 
     </span>
     <span class='ocr_line' id='line_1_8' title="bbox 371 1100 1225 1176; baseline -0.002 -20"><span class='ocrx_word' id='word_1_44' title='bbox 371 1105 417 1156; x_wconf 83' lang='lat' dir='ltr'><strong>Ex</strong></span> <span class='ocrx_word' id='word_1_45' title='bbox 436 1105 472 1160; x_wconf 84' lang='lat' dir='ltr'><strong>H.</strong></span> <span class='ocrx_word' id='word_1_46' title='bbox 493 1103 632 1173; x_wconf 81' lang='lat' dir='ltr'><strong>Stephani</strong></span> <span class='ocrx_word' id='word_1_47' title='bbox 650 1100 891 1176; x_wconf 76' lang='lat' dir='ltr'><strong>castigationibus</strong></span> <span class='ocrx_word' id='word_1_48' title='bbox 915 1100 945 1152; x_wconf 91' lang='lat' dir='ltr'><strong>in</strong></span> <span class='ocrx_word' id='word_1_49' title='bbox 965 1100 1023 1152; x_wconf 87' lang='lat' dir='ltr'><strong>Cic.</strong></span> <span class='ocrx_word' id='word_1_50' title='bbox 1043 1117 1072 1169; x_wconf 86' lang='lat' dir='ltr'><strong>p.</strong></span> <span class='ocrx_word' id='word_1_51' title='bbox 1092 1102 1225 1155; x_wconf 80' lang='grc'><strong>33-37.</strong></span> 
     </span>
    </p>
   </div>
   <div class='ocr_carea' id='block_1_6' title="bbox 306 1206 1189 1289">
    <p class='ocr_par' dir='ltr' id='par_1_6' title="bbox 306 1206 1189 1289">
     <span class='ocr_line' id='line_1_9' title="bbox 306 1206 1189 1289; baseline -0.007 -19"><span class='ocrx_word' id='word_1_52' title='bbox 306 1211 419 1287; x_wconf 81' lang='lat' dir='ltr'><strong>„Quae</strong></span> <span class='ocrx_word' id='word_1_53' title='bbox 442 1230 573 1289; x_wconf 85' lang='lat' dir='ltr'><strong>corpore</strong></span> <span class='ocrx_word' id='word_1_54' title='bbox 594 1208 763 1272; x_wconf 78' lang='lat' dir='ltr'><em>exanclato</em></span> <span class='ocrx_word' id='word_1_55' title='bbox 785 1217 881 1289; x_wconf 84' lang='lat' dir='ltr'><strong>otqae</strong></span> <span class='ocrx_word' id='word_1_56' title='bbox 902 1211 1005 1270; x_wconf 85' lang='lat' dir='ltr'><strong>oaimo</strong></span> <span class='ocrx_word' id='word_1_57' title='bbox 1025 1206 1155 1286; x_wconf 82' lang='lat' dir='ltr'><strong>pertuli.</strong></span> <span class='ocrx_word' id='word_1_58' title='bbox 1187 1260 1189 1263; x_wconf 90' lang='lat'>.</span> 
     </span>
    </p>
   </div>
   <div class='ocr_carea' id='block_1_7' title="bbox 222 1340 1394 4447">
    <p class='ocr_par' dir='ltr' id='par_1_7' title="bbox 222 1340 1394 4447">
     <span class='ocr_line' id='line_1_10' title="bbox 293 1340 1378 1411; baseline -0.005 -15"><span class='ocrx_word' id='word_1_59' title='bbox 293 1345 401 1396; x_wconf 81' lang='lat' dir='ltr'><strong>Mirum</strong></span> <span class='ocrx_word' id='word_1_60' title='bbox 420 1354 470 1409; x_wconf 89' lang='lat' dir='ltr'><strong>est,</strong></span> <span class='ocrx_word' id='word_1_61' title='bbox 491 1346 522 1396; x_wconf 91' lang='lat' dir='ltr'><strong>in</strong></span> <span class='ocrx_word' id='word_1_62' title='bbox 541 1345 604 1395; x_wconf 86' lang='lat' dir='ltr'><strong>istis</strong></span> <span class='ocrx_word' id='word_1_63' title='bbox 623 1343 891 1400; x_wconf 32' lang='lat' dir='ltr'><strong>etiamfnovissimis</strong></span> <span class='ocrx_word' id='word_1_64' title='bbox 901 1342 1047 1394; x_wconf 84' lang='lat' dir='ltr'><strong>Ciceronis</strong></span> <span class='ocrx_word' id='word_1_65' title='bbox 1066 1358 1187 1411; x_wconf 88' lang='lat' dir='ltr'><strong>operum</strong></span> <span class='ocrx_word' id='word_1_66' title='bbox 1197 1340 1378 1405; x_wconf 89' lang='lat' dir='ltr'><strong>editionibus,</strong></span> 
     </span>
     <span class='ocr_line' id='line_1_11' title="bbox 224 1412 1379 1487; baseline -0.005 -19"><span class='ocrx_word' id='word_1_67' title='bbox 224 1415 381 1468; x_wconf 86' lang='lat' dir='ltr'><strong>emendatis</strong></span> <span class='ocrx_word' id='word_1_68' title='bbox 399 1416 512 1467; x_wconf 89' lang='lat' dir='ltr'><strong>scilicet</strong></span> <span class='ocrx_word' id='word_1_69' title='bbox 531 1415 689 1487; x_wconf 81' lang='lat' dir='ltr'><strong>diligenter</strong></span> <span class='ocrx_word' id='word_1_70' title='bbox 707 1423 793 1482; x_wconf 88' lang='lat' dir='ltr'><strong>atque</strong></span> <span class='ocrx_word' id='word_1_71' title='bbox 812 1413 965 1486; x_wconf 89' lang='lat' dir='ltr'><strong>castigatis,</strong></span> <span class='ocrx_word' id='word_1_72' title='bbox 985 1421 1173 1480; x_wconf 89' lang='lat' dir='ltr'><strong>accurateque</strong></span> <span class='ocrx_word' id='word_1_73' title='bbox 1186 1412 1379 1486; x_wconf 79' lang='lat' dir='ltr'><strong>perpurgatis,</strong></span> 
     </span>
     <span class='ocr_line' id='line_1_12' title="bbox 225 1482 1380 1555; baseline -0.003 -18"><span class='ocrx_word' id='word_1_74' title='bbox 225 1494 254 1538; x_wconf 89' lang='lat' dir='ltr'><strong>et</strong></span> <span class='ocrx_word' id='word_1_75' title='bbox 272 1485 422 1537; x_wconf 80' lang='lat' dir='ltr'><strong>maculatis</strong></span> <span class='ocrx_word' id='word_1_76' title='bbox 446 1484 628 1551; x_wconf 80' lang='lat' dir='ltr'><strong>(emaculatis</strong></span> <span class='ocrx_word' id='word_1_77' title='bbox 650 1485 746 1536; x_wconf 87' lang='lat' dir='ltr'><strong>dicere</strong></span> <span class='ocrx_word' id='word_1_78' title='bbox 769 1484 914 1548; x_wconf 87' lang='lat' dir='ltr'><strong>volebam)</strong></span> <span class='ocrx_word' id='word_1_79' title='bbox 939 1484 1001 1555; x_wconf 86' lang='lat' dir='ltr'><strong>legi</strong></span> <span class='ocrx_word' id='word_1_80' title='bbox 1026 1483 1266 1552; x_wconf 90' lang='lat' dir='ltr'><strong>quemadmodum</strong></span> <span class='ocrx_word' id='word_1_81' title='bbox 1286 1492 1316 1534; x_wconf 91' lang='lat' dir='ltr'><strong>et</strong></span> <span class='ocrx_word' id='word_1_82' title='bbox 1333 1482 1380 1534; x_wconf 92' lang='lat' dir='ltr'><strong>hic</strong></span> 
     </span>
     <span class='ocr_line' id='line_1_13' title="bbox 224 1553 1381 1627; baseline -0.005 -18"><span class='ocrx_word' id='word_1_83' title='bbox 224 1557 380 1609; x_wconf 76' lang='lat' dir='ltr'><strong>exanclato.</strong></span> <span class='ocrx_word' id='word_1_84' title='bbox 418 1558 492 1609; x_wconf 91' lang='lat' dir='ltr'><strong>Nam</strong></span> <span class='ocrx_word' id='word_1_85' title='bbox 519 1557 543 1606; x_wconf 93' lang='lat' dir='ltr'><strong>si</strong></span> <span class='ocrx_word' id='word_1_86' title='bbox 561 1555 722 1625; x_wconf 79' lang='lat' dir='ltr'><strong>superiores</strong></span> <span class='ocrx_word' id='word_1_87' title='bbox 742 1554 818 1614; x_wconf 88' lang='lat' dir='ltr'><strong>illas,</strong></span> <span class='ocrx_word' id='word_1_88' title='bbox 845 1555 1038 1606; x_wconf 87' lang='lat' dir='ltr'><strong>inemendatas</strong></span> <span class='ocrx_word' id='word_1_89' title='bbox 1056 1554 1166 1622; x_wconf 90' lang='lat' dir='ltr'><strong>alioqui</strong></span> <span class='ocrx_word' id='word_1_90' title='bbox 1186 1562 1216 1605; x_wconf 89' lang='lat' dir='ltr'><strong>et</strong></span> <span class='ocrx_word' id='word_1_91' title='bbox 1235 1553 1381 1627; x_wconf 87' lang='lat' dir='ltr'><strong>inelegan-</strong></span> 
     </span>
     <span class='ocr_line' id='line_1_14' title="bbox 222 1623 1380 1710; baseline -0.005 -32"><span class='ocrx_word' id='word_1_92' title='bbox 222 1635 276 1691; x_wconf 88' lang='lat' dir='ltr'><strong>tes,</strong></span> <span class='ocrx_word' id='word_1_93' title='bbox 296 1626 436 1680; x_wconf 87' lang='lat' dir='ltr'><strong>editiones</strong></span> <span class='ocrx_word' id='word_1_94' title='bbox 455 1626 644 1680; x_wconf 90' lang='lat' dir='ltr'><strong>consuluisset</strong></span> <span class='ocrx_word' id='word_1_95' title='bbox 661 1624 861 1710; x_wconf 77' lang='lat' dir='ltr'><strong>typographus</strong></span> <span class='ocrx_word' id='word_1_96' title='bbox 881 1624 960 1692; x_wconf 87' lang='lat' dir='ltr'><strong>(quas</strong></span> <span class='ocrx_word' id='word_1_97' title='bbox 976 1641 1037 1698; x_wconf 83' lang='lat' dir='ltr'><strong>ego,</strong></span> <span class='ocrx_word' id='word_1_98' title='bbox 1057 1624 1125 1674; x_wconf 90' lang='lat' dir='ltr'><strong>dum</strong></span> <span class='ocrx_word' id='word_1_99' title='bbox 1142 1623 1214 1676; x_wconf 88' lang='lat' dir='ltr'><strong>haec</strong></span> <span class='ocrx_word' id='word_1_100' title='bbox 1234 1623 1380 1683; x_wconf 84' lang='lat' dir='ltr'><strong>Ciceronis</strong></span> 
     </span>
     <span class='ocr_line' id='line_1_15' title="bbox 225 1693 1380 1766; baseline -0.003 -18"><span class='ocrx_word' id='word_1_101' title='bbox 225 1694 402 1766; x_wconf 87' lang='lat' dir='ltr'><strong>scriptorum</strong></span> <span class='ocrx_word' id='word_1_102' title='bbox 432 1699 514 1750; x_wconf 91' lang='lat' dir='ltr'><strong>velut</strong></span> <span class='ocrx_word' id='word_1_103' title='bbox 536 1699 754 1766; x_wconf 73' lang='lat' dir='ltr'><strong>daooaaopaua</strong></span> <span class='ocrx_word' id='word_1_104' title='bbox 781 1696 961 1759; x_wconf 87' lang='lat' dir='ltr'><strong>excuderem,</strong></span> <span class='ocrx_word' id='word_1_105' title='bbox 989 1712 1045 1747; x_wconf 89' lang='lat' dir='ltr'><strong>non</strong></span> <span class='ocrx_word' id='word_1_106' title='bbox 1070 1693 1222 1746; x_wconf 85' lang='lat' dir='ltr'><strong>habebam:</strong></span> <span class='ocrx_word' id='word_1_107' title='bbox 1257 1695 1307 1748; x_wconf 89' lang='lat' dir='ltr'><strong>sed</strong></span> <span class='ocrx_word' id='word_1_108' title='bbox 1330 1695 1380 1745; x_wconf 92' lang='lat' dir='ltr'><strong>ille</strong></span> 
     </span>
     <span class='ocr_line' id='line_1_16' title="bbox 224 1764 1380 1836; baseline -0.003 -17"><span class='ocrx_word' id='word_1_109' title='bbox 224 1776 319 1820; x_wconf 87' lang='lat' dir='ltr'><strong>totum</strong></span> <span class='ocrx_word' id='word_1_110' title='bbox 346 1782 449 1836; x_wconf 92' lang='lat' dir='ltr'><strong>corpus</strong></span> <span class='ocrx_word' id='word_1_111' title='bbox 475 1765 626 1832; x_wconf 85' lang='lat' dir='ltr'><strong>excudens,</strong></span> <span class='ocrx_word' id='word_1_112' title='bbox 661 1776 693 1818; x_wconf 91' lang='lat' dir='ltr'><strong>ut</strong></span> <span class='ocrx_word' id='word_1_113' title='bbox 722 1783 807 1834; x_wconf 89' lang='lat' dir='ltr'><strong>quam</strong></span> <span class='ocrx_word' id='word_1_114' title='bbox 834 1766 996 1834; x_wconf 86' lang='lat' dir='ltr'><strong>appetebat,</strong></span> <span class='ocrx_word' id='word_1_115' title='bbox 1021 1773 1183 1834; x_wconf 84' lang='lat' dir='ltr'><strong>reportaret</strong></span> <span class='ocrx_word' id='word_1_116' title='bbox 1211 1764 1265 1816; x_wconf 91' lang='lat' dir='ltr'><strong>dili</strong></span> <span class='ocrx_word' id='word_1_117' title='bbox 1290 1766 1380 1819; x_wconf 86' lang='lat' dir='ltr'><strong>entiae</strong></span> 
     </span>
     <span class='ocr_line' id='line_1_17' title="bbox 224 1783 1382 1903; baseline 0 -15"><span class='ocrx_word' id='word_1_118' title='bbox 224 1838 348 1900; x_wconf 90' lang='lat' dir='ltr'><strong>laudem,</strong></span> <span class='ocrx_word' id='word_1_119' title='bbox 368 1846 397 1890; x_wconf 86' lang='lat' dir='ltr'><strong>et</strong></span> <span class='ocrx_word' id='word_1_120' title='bbox 414 1837 545 1892; x_wconf 87' lang='lat' dir='ltr'><strong>babuisse</strong></span> <span class='ocrx_word' id='word_1_121' title='bbox 565 1846 594 1889; x_wconf 90' lang='lat' dir='ltr'><strong>et</strong></span> <span class='ocrx_word' id='word_1_122' title='bbox 612 1854 722 1889; x_wconf 90' lang='lat' dir='ltr'><strong>summa</strong></span> <span class='ocrx_word' id='word_1_123' title='bbox 740 1853 809 1887; x_wconf 88' lang='lat' dir='ltr'><strong>cura</strong></span> <span class='ocrx_word' id='word_1_124' title='bbox 827 1836 976 1903; x_wconf 90' lang='lat' dir='ltr'><strong>studioque</strong></span> <span class='ocrx_word' id='word_1_125' title='bbox 994 1836 1150 1888; x_wconf 90' lang='lat' dir='ltr'><strong>versavisse</strong></span> <span class='ocrx_word' id='word_1_126' title='bbox 1169 1783 1289 1901; x_wconf 42' lang='lat' dir='ltr'><strong>debuit&amp;</strong></span> <span class='ocrx_word' id='word_1_127' title='bbox 1308 1852 1382 1888; x_wconf 91' lang='lat' dir='ltr'><strong>com·</strong></span> 
     </span>
     <span class='ocr_line' id='line_1_18' title="bbox 225 1905 1382 1976; baseline -0.002 -16"><span class='ocrx_word' id='word_1_128' title='bbox 225 1909 386 1962; x_wconf 85' lang='lat' dir='ltr'><strong>modiorem</strong></span> <span class='ocrx_word' id='word_1_129' title='bbox 405 1917 483 1962; x_wconf 89' lang='lat' dir='ltr'><strong>oerte</strong></span> <span class='ocrx_word' id='word_1_130' title='bbox 501 1907 659 1960; x_wconf 88' lang='lat' dir='ltr'><strong>lectionem</strong></span> <span class='ocrx_word' id='word_1_131' title='bbox 677 1906 830 1976; x_wconf 88' lang='lat' dir='ltr'><strong>reperisset</strong></span> <span class='ocrx_word' id='word_1_132' title='bbox 856 1909 1003 1960; x_wconf 78' lang='lat' dir='ltr'><strong>exantlata.</strong></span> <span class='ocrx_word' id='word_1_133' title='bbox 1041 1906 1097 1958; x_wconf 87' lang='lat' dir='ltr'><strong>Sed</strong></span> <span class='ocrx_word' id='word_1_134' title='bbox 1113 1905 1213 1957; x_wconf 88' lang='lat' dir='ltr'><strong>fallor:</strong></span> <span class='ocrx_word' id='word_1_135' title='bbox 1239 1924 1308 1960; x_wconf 88' lang='lat' dir='ltr'><strong>nam</strong></span> <span class='ocrx_word' id='word_1_136' title='bbox 1326 1906 1382 1958; x_wconf 91' lang='lat' dir='ltr'><strong>edi·</strong></span> 
     </span>
     <span class='ocr_line' id='line_1_19' title="bbox 225 1976 1381 2045; baseline -0.003 -13"><span class='ocrx_word' id='word_1_137' title='bbox 225 1980 319 2041; x_wconf 86' lang='lat' dir='ltr'><strong>tiones</strong></span> <span class='ocrx_word' id='word_1_138' title='bbox 343 1979 408 2030; x_wconf 91' lang='lat' dir='ltr'><strong>illas</strong></span> <span class='ocrx_word' id='word_1_139' title='bbox 431 1979 541 2045; x_wconf 88' lang='lat' dir='ltr'><strong>habuit,</strong></span> <span class='ocrx_word' id='word_1_140' title='bbox 570 1987 599 2031; x_wconf 92' lang='lat' dir='ltr'><strong>et</strong></span> <span class='ocrx_word' id='word_1_141' title='bbox 623 1996 732 2029; x_wconf 90' lang='lat' dir='ltr'><strong>summa</strong></span> <span class='ocrx_word' id='word_1_142' title='bbox 761 1994 829 2028; x_wconf 90' lang='lat' dir='ltr'><strong>cura</strong></span> <span class='ocrx_word' id='word_1_143' title='bbox 860 1978 1012 2045; x_wconf 88' lang='lat' dir='ltr'><strong>studioque</strong></span> <span class='ocrx_word' id='word_1_144' title='bbox 1037 1976 1157 2041; x_wconf 88' lang='lat' dir='ltr'><strong>evolvit,</strong></span> <span class='ocrx_word' id='word_1_145' title='bbox 1189 1994 1295 2029; x_wconf 89' lang='lat' dir='ltr'><strong>verum</strong></span> <span class='ocrx_word' id='word_1_146' title='bbox 1318 1986 1381 2028; x_wconf 88' lang='lat' dir='ltr'><strong>utra</strong></span> 
     </span>
     <span class='ocr_line' id='line_1_20' title="bbox 226 2047 1382 2122; baseline -0.003 -21"><span class='ocrx_word' id='word_1_147' title='bbox 226 2049 316 2105; x_wconf 88' lang='lat' dir='ltr'><strong>lectio</strong></span> <span class='ocrx_word' id='word_1_148' title='bbox 334 2049 432 2119; x_wconf 89' lang='lat' dir='ltr'><strong>potior</strong></span> <span class='ocrx_word' id='word_1_149' title='bbox 451 2057 533 2114; x_wconf 90' lang='lat' dir='ltr'><strong>esset,</strong></span> <span class='ocrx_word' id='word_1_150' title='bbox 552 2049 706 2122; x_wconf 81' lang='lat' dir='ltr'><strong>ignoravit.</strong></span> <span class='ocrx_word' id='word_1_151' title='bbox 731 2049 768 2103; x_wconf 91' lang='lat' dir='ltr'><strong>ln</strong></span> <span class='ocrx_word' id='word_1_152' title='bbox 787 2047 867 2098; x_wconf 87' lang='lat' dir='ltr'><strong>illius</strong></span> <span class='ocrx_word' id='word_1_153' title='bbox 886 2049 979 2121; x_wconf 83' lang='lat' dir='ltr'><strong>igitur</strong></span> <span class='ocrx_word' id='word_1_154' title='bbox 990 2048 1123 2121; x_wconf 85' lang='lat' dir='ltr'><strong>gratiam,</strong></span> <span class='ocrx_word' id='word_1_155' title='bbox 1142 2054 1176 2097; x_wconf 92' lang='lat' dir='ltr'><strong>ut</strong></span> <span class='ocrx_word' id='word_1_156' title='bbox 1191 2047 1250 2100; x_wconf 90' lang='lat' dir='ltr'><strong>hoc</strong></span> <span class='ocrx_word' id='word_1_157' title='bbox 1269 2047 1382 2101; x_wconf 90' lang='lat' dir='ltr'><strong>tandem</strong></span> 
     </span>
     <span class='ocr_line' id='line_1_21' title="bbox 227 2117 1382 2187; baseline -0.003 -15"><span class='ocrx_word' id='word_1_158' title='bbox 227 2120 326 2183; x_wconf 87' lang='lat' dir='ltr'><strong>discat,</strong></span> <span class='ocrx_word' id='word_1_159' title='bbox 360 2119 425 2172; x_wconf 90' lang='lat' dir='ltr'><strong>dico</strong></span> <span class='ocrx_word' id='word_1_160' title='bbox 452 2119 596 2173; x_wconf 75' lang='lat' dir='ltr'><strong>exanolato</strong></span> <span class='ocrx_word' id='word_1_161' title='bbox 624 2136 717 2187; x_wconf 88' lang='lat' dir='ltr'><strong>neque</strong></span> <span class='ocrx_word' id='word_1_162' title='bbox 745 2117 776 2169; x_wconf 90' lang='lat' dir='ltr'><strong>ab</strong></span> <span class='ocrx_word' id='word_1_163' title='bbox 800 2118 863 2169; x_wconf 90' lang='lat' dir='ltr'><strong>ulla</strong></span> <span class='ocrx_word' id='word_1_164' title='bbox 881 2119 991 2183; x_wconf 84' lang='lat' dir='ltr'><strong>Latina,</strong></span> <span class='ocrx_word' id='word_1_165' title='bbox 1018 2135 1112 2185; x_wconf 89' lang='lat' dir='ltr'><strong>neque</strong></span> <span class='ocrx_word' id='word_1_166' title='bbox 1136 2117 1169 2168; x_wconf 90' lang='lat' dir='ltr'><strong>ab</strong></span> <span class='ocrx_word' id='word_1_167' title='bbox 1195 2119 1257 2170; x_wconf 91' lang='lat' dir='ltr'><strong>ulla</strong></span> <span class='ocrx_word' id='word_1_168' title='bbox 1277 2119 1382 2183; x_wconf 83' lang='lat' dir='ltr'><strong>Graeca</strong></span> 
     </span>
     <span class='ocr_line' id='line_1_22' title="bbox 228 2187 1382 2269; baseline -0.002 -26"><span class='ocrx_word' id='word_1_169' title='bbox 228 2207 299 2243; x_wconf 83' lang='lat' dir='ltr'><strong>voce</strong></span> <span class='ocrx_word' id='word_1_170' title='bbox 319 2190 464 2264; x_wconf 85' lang='lat' dir='ltr'><strong>originem</strong></span> <span class='ocrx_word' id='word_1_171' title='bbox 482 2190 588 2242; x_wconf 87' lang='lat' dir='ltr'><strong>habere</strong></span> <span class='ocrx_word' id='word_1_172' title='bbox 606 2205 702 2258; x_wconf 86' lang='lat' dir='ltr'><strong>posse:</strong></span> <span class='ocrx_word' id='word_1_173' title='bbox 730 2195 759 2239; x_wconf 89' lang='lat' dir='ltr'><strong>at</strong></span> <span class='ocrx_word' id='word_1_174' title='bbox 778 2190 919 2269; x_wconf 63' lang='lat' dir='ltr'><strong>eaaatlepa</strong></span> <span class='ocrx_word' id='word_1_175' title='bbox 938 2189 970 2240; x_wconf 90' lang='lat' dir='ltr'><strong>ab</strong></span> <span class='ocrx_word' id='word_1_176' title='bbox 989 2187 1125 2246; x_wconf 80' lang='grc' dir='ltr'><em>ἐξαντλεῖν</em></span> <span class='ocrx_word' id='word_1_177' title='bbox 1151 2187 1309 2241; x_wconf 88' lang='lat' dir='ltr'><strong>deductum</strong></span> <span class='ocrx_word' id='word_1_178' title='bbox 1328 2205 1382 2242; x_wconf 88' lang='lat' dir='ltr'><strong>esse</strong></span> 
     </span>
     <span class='ocr_line' id='line_1_23' title="bbox 227 2258 1382 2331; baseline -0.001 -20"><span class='ocrx_word' id='word_1_179' title='bbox 227 2267 346 2325; x_wconf 88' lang='lat' dir='ltr'><strong>norunt,</strong></span> <span class='ocrx_word' id='word_1_180' title='bbox 366 2277 399 2314; x_wconf 90' lang='lat' dir='ltr'><strong>eo</strong></span> <span class='ocrx_word' id='word_1_181' title='bbox 418 2268 548 2330; x_wconf 85' lang='lat' dir='ltr'><strong>excepto,</strong></span> <span class='ocrx_word' id='word_1_182' title='bbox 568 2276 674 2313; x_wconf 89' lang='lat' dir='ltr'><strong>omnes.</strong></span> <span class='ocrx_word' id='word_1_183' title='bbox 712 2258 887 2327; x_wconf 85' lang='lat' dir='ltr'><strong>Quanquam,</strong></span> <span class='ocrx_word' id='word_1_184' title='bbox 915 2268 949 2310; x_wconf 92' lang='lat' dir='ltr'><strong>ut</strong></span> <span class='ocrx_word' id='word_1_185' title='bbox 967 2259 1091 2331; x_wconf 84' lang='lat' dir='ltr'><strong>ingenue</strong></span> <span class='ocrx_word' id='word_1_186' title='bbox 1109 2260 1211 2324; x_wconf 81' lang='lat' dir='ltr'><strong>fatear,</strong></span> <span class='ocrx_word' id='word_1_187' title='bbox 1240 2277 1332 2329; x_wconf 91' lang='lat' dir='ltr'><strong>quum</strong></span> <span class='ocrx_word' id='word_1_188' title='bbox 1350 2277 1382 2312; x_wconf 80' lang='lat' dir='ltr'><strong>ex</strong></span> 
     </span>
     <span class='ocr_line' id='line_1_24' title="bbox 228 2329 1383 2404; baseline -0.003 -21"><span class='ocrx_word' id='word_1_189' title='bbox 228 2329 283 2383; x_wconf 86' lang='lat' dir='ltr'><strong>hac</strong></span> <span class='ocrx_word' id='word_1_190' title='bbox 302 2331 479 2382; x_wconf 86' lang='lat' dir='ltr'><strong>derivatione</strong></span> <span class='ocrx_word' id='word_1_191' title='bbox 498 2338 698 2399; x_wconf 86' lang='lat' dir='ltr'><strong>consequatur,</strong></span> <span class='ocrx_word' id='word_1_192' title='bbox 724 2337 757 2380; x_wconf 91' lang='lat' dir='ltr'><strong>ut</strong></span> <span class='ocrx_word' id='word_1_193' title='bbox 775 2332 919 2382; x_wconf 83' lang='lat' dir='ltr'><strong>exantlata</strong></span> <span class='ocrx_word' id='word_1_194' title='bbox 945 2330 1092 2404; x_wconf 81' lang='lat' dir='ltr'><strong>significet</strong></span> <span class='ocrx_word' id='word_1_195' title='bbox 1111 2329 1257 2396; x_wconf 87' lang='lat' dir='ltr'><strong>exhausta,</strong></span> <span class='ocrx_word' id='word_1_196' title='bbox 1282 2346 1383 2383; x_wconf 88' lang='lat' dir='ltr'><strong>vereor</strong></span> 
     </span>
     <span class='ocr_line' id='line_1_25' title="bbox 230 2400 1382 2475; baseline 0 -23"><span class='ocrx_word' id='word_1_197' title='bbox 230 2419 266 2454; x_wconf 89' lang='lat' dir='ltr'><strong>ne</strong></span> <span class='ocrx_word' id='word_1_198' title='bbox 286 2404 430 2453; x_wconf 70' lang='lat' dir='ltr'><strong>exantlato</strong></span> <span class='ocrx_word' id='word_1_199' title='bbox 448 2402 544 2470; x_wconf 86' lang='lat' dir='ltr'><strong>potius</strong></span> <span class='ocrx_word' id='word_1_200' title='bbox 563 2401 718 2474; x_wconf 84' lang='lat' dir='ltr'><strong>legendum</strong></span> <span class='ocrx_word' id='word_1_201' title='bbox 735 2400 781 2453; x_wconf 89' lang='lat' dir='ltr'><strong>sit.</strong></span> <span class='ocrx_word' id='word_1_202' title='bbox 816 2402 877 2453; x_wconf 92' lang='lat' dir='ltr'><strong>Nec</strong></span> <span class='ocrx_word' id='word_1_203' title='bbox 897 2401 974 2452; x_wconf 90' lang='lat' dir='ltr'><strong>enim</strong></span> <span class='ocrx_word' id='word_1_204' title='bbox 992 2401 1060 2452; x_wconf 90' lang='lat' dir='ltr'><strong>satis</strong></span> <span class='ocrx_word' id='word_1_205' title='bbox 1079 2400 1224 2475; x_wconf 83' lang='lat' dir='ltr'><strong>intelligo,</strong></span> <span class='ocrx_word' id='word_1_206' title='bbox 1244 2401 1382 2470; x_wconf 85' lang='lat' dir='ltr'><strong>quomodo</strong></span> 
     </span>
     <span class='ocr_line' id='line_1_26' title="bbox 231 2470 1382 2541; baseline -0.002 -16"><span class='ocrx_word' id='word_1_207' title='bbox 231 2472 290 2525; x_wconf 88' lang='lat' dir='ltr'><strong>dici</strong></span> <span class='ocrx_word' id='word_1_208' title='bbox 313 2471 413 2540; x_wconf 87' lang='lat' dir='ltr'><strong>possit,</strong></span> <span class='ocrx_word' id='word_1_209' title='bbox 441 2488 578 2540; x_wconf 91' lang='lat' dir='ltr'><strong>perpessu</strong></span> <span class='ocrx_word' id='word_1_210' title='bbox 601 2488 709 2539; x_wconf 90' lang='lat' dir='ltr'><strong>aspera,</strong></span> <span class='ocrx_word' id='word_1_211' title='bbox 744 2485 815 2538; x_wconf 87' lang='lat' dir='ltr'><strong>quae</strong></span> <span class='ocrx_word' id='word_1_212' title='bbox 842 2471 952 2541; x_wconf 91' lang='lat' dir='ltr'><strong>pertuli</strong></span> <span class='ocrx_word' id='word_1_213' title='bbox 988 2470 1124 2522; x_wconf 85' lang='lat' dir='ltr'><strong>exhausta</strong></span> <span class='ocrx_word' id='word_1_214' title='bbox 1152 2487 1274 2540; x_wconf 89' lang='lat' dir='ltr'><strong>corpore</strong></span> <span class='ocrx_word' id='word_1_215' title='bbox 1301 2480 1382 2540; x_wconf 88' lang='lat' dir='ltr'><strong>atque</strong></span> 
     </span>
     <span class='ocr_line' id='line_1_27' title="bbox 231 2541 1383 2611; baseline 0 -17"><span class='ocrx_word' id='word_1_216' title='bbox 231 2542 335 2605; x_wconf 88' lang='lat' dir='ltr'><strong>animo,</strong></span> <span class='ocrx_word' id='word_1_217' title='bbox 355 2559 388 2593; x_wconf 90' lang='lat' dir='ltr'><strong>ac</strong></span> <span class='ocrx_word' id='word_1_218' title='bbox 406 2541 521 2592; x_wconf 90' lang='lat' dir='ltr'><strong>nullum</strong></span> <span class='ocrx_word' id='word_1_219' title='bbox 541 2558 600 2593; x_wconf 89' lang='lat' dir='ltr'><strong>esse</strong></span> <span class='ocrx_word' id='word_1_220' title='bbox 619 2550 698 2611; x_wconf 89' lang='lat' dir='ltr'><strong>puto,</strong></span> <span class='ocrx_word' id='word_1_221' title='bbox 718 2542 765 2592; x_wconf 93' lang='lat' dir='ltr'><strong>cui</strong></span> <span class='ocrx_word' id='word_1_222' title='bbox 784 2556 841 2593; x_wconf 91' lang='lat' dir='ltr'><strong>non</strong></span> <span class='ocrx_word' id='word_1_223' title='bbox 859 2541 991 2593; x_wconf 88' lang='lat' dir='ltr'><strong>videatur</strong></span> <span class='ocrx_word' id='word_1_224' title='bbox 1003 2541 1155 2593; x_wconf 89' lang='lat' dir='ltr'><strong>dicendum</strong></span> <span class='ocrx_word' id='word_1_225' title='bbox 1174 2543 1261 2594; x_wconf 84' lang='lat' dir='ltr'><strong>fuisse</strong></span> <span class='ocrx_word' id='word_1_226' title='bbox 1280 2543 1383 2610; x_wconf 91' lang='lat' dir='ltr'><strong>potius,</strong></span> 
     </span>
     <span class='ocr_line' id='line_1_28' title="bbox 231 2610 1384 2680; baseline 0 -16"><span class='ocrx_word' id='word_1_227' title='bbox 231 2610 377 2664; x_wconf 73' lang='lat' dir='ltr'><strong>Exhausto</strong></span> <span class='ocrx_word' id='word_1_228' title='bbox 396 2627 513 2678; x_wconf 81' lang='lat' dir='ltr'><strong>corpore</strong></span> <span class='ocrx_word' id='word_1_229' title='bbox 530 2618 616 2680; x_wconf 81' lang='lat' dir='ltr'><strong>atque</strong></span> <span class='ocrx_word' id='word_1_230' title='bbox 635 2613 735 2663; x_wconf 79' lang='lat' dir='ltr'><strong>animo.</strong></span> <span class='ocrx_word' id='word_1_231' title='bbox 771 2611 850 2675; x_wconf 85' lang='lat' dir='ltr'><strong>Quod</strong></span> <span class='ocrx_word' id='word_1_232' title='bbox 868 2611 891 2662; x_wconf 91' lang='lat' dir='ltr'><strong>si</strong></span> <span class='ocrx_word' id='word_1_233' title='bbox 910 2612 950 2662; x_wconf 89' lang='lat' dir='ltr'><strong>ita</strong></span> <span class='ocrx_word' id='word_1_234' title='bbox 969 2620 1020 2677; x_wconf 87' lang='lat' dir='ltr'><strong>est,</strong></span> <span class='ocrx_word' id='word_1_235' title='bbox 1039 2611 1220 2664; x_wconf 89' lang='lat' dir='ltr'><strong>scribendum</strong></span> <span class='ocrx_word' id='word_1_236' title='bbox 1241 2629 1301 2666; x_wconf 88' lang='lat' dir='ltr'><strong>esse</strong></span> <span class='ocrx_word' id='word_1_237' title='bbox 1320 2629 1384 2665; x_wconf 91' lang='lat' dir='ltr'><strong>con·</strong></span> 
     </span>
     <span class='ocr_line' id='line_1_29' title="bbox 232 2681 1385 2766; baseline 0 -31"><span class='ocrx_word' id='word_1_238' title='bbox 232 2690 287 2735; x_wconf 90' lang='lat' dir='ltr'><strong>stat</strong></span> <span class='ocrx_word' id='word_1_239' title='bbox 306 2682 458 2736; x_wconf 78' lang='lat' dir='ltr'><strong>ecantlato,</strong></span> <span class='ocrx_word' id='word_1_240' title='bbox 496 2682 586 2750; x_wconf 84' lang='lat' dir='ltr'><strong>Atqui</strong></span> <span class='ocrx_word' id='word_1_241' title='bbox 606 2682 748 2734; x_wconf 75' lang='lat' dir='ltr'><strong>exantlata</strong></span> <span class='ocrx_word' id='word_1_242' title='bbox 765 2681 990 2750; x_wconf 84' lang='lat' dir='ltr'><strong>(dicetaliquis)</strong></span> <span class='ocrx_word' id='word_1_243' title='bbox 1015 2682 1088 2733; x_wconf 91' lang='lat' dir='ltr'><strong>sumi</strong></span> <span class='ocrx_word' id='word_1_244' title='bbox 1115 2683 1201 2734; x_wconf 87' lang='lat' dir='ltr'><strong>etiam</strong></span> <span class='ocrx_word' id='word_1_245' title='bbox 1221 2690 1318 2752; x_wconf 87' lang='lat' dir='ltr'><strong>potest</strong></span> <span class='ocrx_word' id='word_1_246' title='bbox 1335 2699 1385 2766; x_wconf 90' lang='lat' dir='ltr'><strong>pro</strong></span> 
     </span>
     <span class='ocr_line' id='line_1_30' title="bbox 233 2751 1385 2823; baseline 0 -19"><span class='ocrx_word' id='word_1_247' title='bbox 233 2752 376 2806; x_wconf 83' lang='lat' dir='ltr'><strong>tolerata.&#39;</strong></span> <span class='ocrx_word' id='word_1_248' title='bbox 394 2752 468 2817; x_wconf 86' lang='lat' dir='ltr'><strong>Quin</strong></span> <span class='ocrx_word' id='word_1_249' title='bbox 485 2753 556 2804; x_wconf 91' lang='lat' dir='ltr'><strong>alibi</strong></span> <span class='ocrx_word' id='word_1_250' title='bbox 574 2753 614 2803; x_wconf 88' lang='lat' dir='ltr'><strong>ita</strong></span> <span class='ocrx_word' id='word_1_251' title='bbox 632 2752 799 2821; x_wconf 86' lang='lat' dir='ltr'><strong>accipiatur,</strong></span> <span class='ocrx_word' id='word_1_252' title='bbox 819 2768 876 2804; x_wconf 91' lang='lat' dir='ltr'><strong>non</strong></span> <span class='ocrx_word' id='word_1_253' title='bbox 894 2769 929 2804; x_wconf 92' lang='lat' dir='ltr'><strong>ne</strong></span> <span class='ocrx_word' id='word_1_254' title='bbox 952 2769 978 2817; x_wconf 93' lang='lat' dir='ltr'><strong>o,</strong></span> <span class='ocrx_word' id='word_1_255' title='bbox 998 2751 1113 2804; x_wconf 89' lang='lat' dir='ltr'><strong>sedhic</strong></span> <span class='ocrx_word' id='word_1_256' title='bbox 1132 2753 1172 2804; x_wconf 91' lang='lat' dir='ltr'><strong>ita</strong></span> <span class='ocrx_word' id='word_1_257' title='bbox 1185 2769 1267 2823; x_wconf 90' lang='lat' dir='ltr'><strong>posse</strong></span> <span class='ocrx_word' id='word_1_258' title='bbox 1286 2754 1385 2823; x_wconf 77' lang='lat' dir='ltr'><strong>accipi,</strong></span> 
     </span>
     <span class='ocr_line' id='line_1_31' title="bbox 233 2770 1386 2892; baseline -0.001 -16"><span class='ocrx_word' id='word_1_259' title='bbox 233 2841 270 2876; x_wconf 87' lang='lat' dir='ltr'><strong>ne</strong></span> <span class='ocrx_word' id='word_1_260' title='bbox 293 2839 322 2875; x_wconf 89' lang='lat' dir='ltr'><strong>o:</strong></span> <span class='ocrx_word' id='word_1_261' title='bbox 343 2823 407 2891; x_wconf 91' lang='lat' dir='ltr'><strong>quis</strong></span> <span class='ocrx_word' id='word_1_262' title='bbox 427 2823 504 2875; x_wconf 88' lang='lat' dir='ltr'><strong>enim</strong></span> <span class='ocrx_word' id='word_1_263' title='bbox 523 2840 650 2891; x_wconf 86' lang='lat' dir='ltr'><strong>unquam</strong></span> <span class='ocrx_word' id='word_1_264' title='bbox 669 2823 710 2873; x_wconf 85' lang='lat' dir='ltr'><strong>ita</strong></span> <span class='ocrx_word' id='word_1_265' title='bbox 727 2822 885 2890; x_wconf 86' lang='lat' dir='ltr'><strong>loquatur?</strong></span> <span class='ocrx_word' id='word_1_266' title='bbox 912 2770 1048 2890; x_wconf 67' lang='lat' dir='ltr'><strong>Pirpessu</strong></span> <span class='ocrx_word' id='word_1_267' title='bbox 1069 2839 1178 2891; x_wconf 82' lang='lat' dir='ltr'><strong>aspera,</strong></span> <span class='ocrx_word' id='word_1_268' title='bbox 1197 2840 1265 2891; x_wconf 81' lang='lat' dir='ltr'><strong>qaae</strong></span> <span class='ocrx_word' id='word_1_269' title='bbox 1281 2823 1386 2892; x_wconf 81' lang='lat' dir='ltr'><strong>pertuli</strong></span> 
     </span>
     <span class='ocr_line' id='line_1_32' title="bbox 234 2841 1387 2964; baseline -0.001 -17"><span class='ocrx_word' id='word_1_270' title='bbox 234 2841 359 2947; x_wconf 72' lang='lat' dir='ltr'><strong>tolirata</strong></span> <span class='ocrx_word' id='word_1_271' title='bbox 383 2908 500 2960; x_wconf 80' lang='lat' dir='ltr'><strong>corpore</strong></span> <span class='ocrx_word' id='word_1_272' title='bbox 527 2899 610 2961; x_wconf 80' lang='lat' dir='ltr'><strong>atque</strong></span> <span class='ocrx_word' id='word_1_273' title='bbox 632 2892 734 2945; x_wconf 80' lang='lat' dir='ltr'><strong>animo.</strong></span> <span class='ocrx_word' id='word_1_274' title='bbox 773 2893 894 2945; x_wconf 89' lang='lat' dir='ltr'><strong>Omnino</strong></span> <span class='ocrx_word' id='word_1_275' title='bbox 914 2895 992 2945; x_wconf 90' lang='lat' dir='ltr'><strong>enim</strong></span> <span class='ocrx_word' id='word_1_276' title='bbox 1016 2894 1175 2948; x_wconf 87' lang='lat' dir='ltr'><strong>redundare</strong></span> <span class='ocrx_word' id='word_1_277' title='bbox 1201 2895 1387 2964; x_wconf 87' lang='lat' dir='ltr'><strong>participium</strong></span> 
     </span>
     <span class='ocr_line' id='line_1_33' title="bbox 234 2963 1386 3034; baseline -0.002 -16"><span class='ocrx_word' id='word_1_278' title='bbox 234 2965 316 3018; x_wconf 89' lang='lat' dir='ltr'><strong>illud.</strong></span> <span class='ocrx_word' id='word_1_279' title='bbox 336 2981 449 3017; x_wconf 89' lang='lat' dir='ltr'><strong>necesse</strong></span> <span class='ocrx_word' id='word_1_280' title='bbox 476 2972 557 3016; x_wconf 85' lang='lat' dir='ltr'><strong>esset.</strong></span> <span class='ocrx_word' id='word_1_281' title='bbox 595 2964 635 3015; x_wconf 86' lang='lat' dir='ltr'><strong>Et</strong></span> <span class='ocrx_word' id='word_1_282' title='bbox 659 2963 793 3034; x_wconf 87' lang='lat' dir='ltr'><strong>quoniam</strong></span> <span class='ocrx_word' id='word_1_283' title='bbox 822 2964 852 3015; x_wconf 92' lang='lat' dir='ltr'><strong>in</strong></span> <span class='ocrx_word' id='word_1_284' title='bbox 875 2963 960 3028; x_wconf 81' lang='lat' dir='ltr'><strong>hujus</strong></span> <span class='ocrx_word' id='word_1_285' title='bbox 985 2963 1066 3015; x_wconf 90' lang='lat' dir='ltr'><strong>verbi</strong></span> <span class='ocrx_word' id='word_1_286' title='bbox 1090 2966 1271 3018; x_wconf 87' lang='lat' dir='ltr'><strong>mentionem</strong></span> <span class='ocrx_word' id='word_1_287' title='bbox 1290 2965 1386 3030; x_wconf 91' lang='lat' dir='ltr'><strong>incidi,</strong></span> 
     </span>
     <span class='ocr_line' id='line_1_34' title="bbox 237 3033 1387 3106; baseline -0.001 -17"><span class='ocrx_word' id='word_1_288' title='bbox 237 3035 415 3089; x_wconf 86' lang='lat' dir='ltr'><strong>occasionem</strong></span> <span class='ocrx_word' id='word_1_289' title='bbox 426 3033 539 3087; x_wconf 89' lang='lat' dir='ltr'><strong>dicendi</strong></span> <span class='ocrx_word' id='word_1_290' title='bbox 552 3034 586 3085; x_wconf 88' lang='lat' dir='ltr'><strong>de</strong></span> <span class='ocrx_word' id='word_1_291' title='bbox 598 3049 640 3098; x_wconf 92' lang='lat' dir='ltr'><strong>eo,</strong></span> <span class='ocrx_word' id='word_1_292' title='bbox 659 3051 732 3102; x_wconf 88' lang='lat' dir='ltr'><strong>quae</strong></span> <span class='ocrx_word' id='word_1_293' title='bbox 750 3033 848 3086; x_wconf 88' lang='lat' dir='ltr'><strong>nullus</strong></span> <span class='ocrx_word' id='word_1_294' title='bbox 866 3035 938 3085; x_wconf 90' lang='lat' dir='ltr'><strong>alius</strong></span> <span class='ocrx_word' id='word_1_295' title='bbox 956 3043 1040 3087; x_wconf 90' lang='lat' dir='ltr'><strong>antea</strong></span> <span class='ocrx_word' id='word_1_296' title='bbox 1057 3036 1212 3101; x_wconf 85' lang='lat' dir='ltr'><strong>adnotavit,</strong></span> <span class='ocrx_word' id='word_1_297' title='bbox 1232 3053 1293 3088; x_wconf 90' lang='lat' dir='ltr'><strong>non</strong></span> <span class='ocrx_word' id='word_1_298' title='bbox 1309 3052 1387 3106; x_wconf 87' lang='lat' dir='ltr'><strong>prae·</strong></span> 
     </span>
     <span class='ocr_line' id='line_1_35' title="bbox 236 3103 1389 3177; baseline 0.001 -21"><span class='ocrx_word' id='word_1_299' title='bbox 236 3104 407 3158; x_wconf 89' lang='lat' dir='ltr'><strong>termittam.</strong></span> <span class='ocrx_word' id='word_1_300' title='bbox 445 3105 570 3156; x_wconf 88' lang='lat' dir='ltr'><strong>Verbum</strong></span> <span class='ocrx_word' id='word_1_301' title='bbox 588 3103 745 3157; x_wconf 83' lang='lat' dir='ltr'><strong>anatlare</strong></span> <span class='ocrx_word' id='word_1_302' title='bbox 763 3105 946 3177; x_wconf 87' lang='lat' dir='ltr'><strong>grammatici</strong></span> <span class='ocrx_word' id='word_1_303' title='bbox 964 3123 979 3156; x_wconf 89' lang='lat' dir='ltr'><strong>a</strong></span> <span class='ocrx_word' id='word_1_304' title='bbox 998 3106 1109 3159; x_wconf 88' lang='lat' dir='ltr'><strong>Graeco</strong></span> <span class='ocrx_word' id='word_1_305' title='bbox 1127 3103 1262 3165; x_wconf 76' lang='grc' dir='ltr'><em>ἐξαντλεῖν</em></span> <span class='ocrx_word' id='word_1_306' title='bbox 1281 3106 1389 3158; x_wconf 87' lang='lat' dir='ltr'><strong>deriva-</strong></span> 
     </span>
     <span class='ocr_line' id='line_1_36' title="bbox 237 3172 1388 3247; baseline 0.003 -21"><span class='ocrx_word' id='word_1_307' title='bbox 237 3183 301 3226; x_wconf 88' lang='lat' dir='ltr'><strong>tum</strong></span> <span class='ocrx_word' id='word_1_308' title='bbox 320 3190 378 3225; x_wconf 92' lang='lat' dir='ltr'><strong>esse</strong></span> <span class='ocrx_word' id='word_1_309' title='bbox 397 3172 483 3236; x_wconf 87' lang='lat' dir='ltr'><strong>(siout</strong></span> <span class='ocrx_word' id='word_1_310' title='bbox 500 3172 622 3240; x_wconf 79' lang='lat' dir='ltr'><strong>simplex</strong></span> <span class='ocrx_word' id='word_1_311' title='bbox 642 3173 761 3226; x_wconf 83' lang='lat' dir='ltr'><strong>Antlare</strong></span> <span class='ocrx_word' id='word_1_312' title='bbox 778 3174 812 3226; x_wconf 89' lang='lat' dir='ltr'><strong>ab</strong></span> <span class='ocrx_word' id='word_1_313' title='bbox 831 3176 951 3240; x_wconf 77' lang='grc' dir='ltr'><em>ἀντλεῖν)</em></span> <span class='ocrx_word' id='word_1_314' title='bbox 972 3184 1001 3228; x_wconf 92' lang='lat' dir='ltr'><strong>et</strong></span> <span class='ocrx_word' id='word_1_315' title='bbox 1027 3193 1235 3246; x_wconf 89' lang='lat' dir='ltr'><strong>nonnunquam</strong></span> <span class='ocrx_word' id='word_1_316' title='bbox 1261 3193 1316 3247; x_wconf 85' lang='lat' dir='ltr'><strong>pro</strong></span> <span class='ocrx_word' id='word_1_317' title='bbox 1333 3177 1388 3229; x_wconf 76' lang='lat' dir='ltr'><strong>nx·</strong></span> 
     </span>
     <span class='ocr_line' id='line_1_37' title="bbox 238 3243 1387 3315; baseline 0.003 -21"><span class='ocrx_word' id='word_1_318' title='bbox 238 3244 356 3302; x_wconf 85' lang='lat' dir='ltr'><strong>haurire</strong></span> <span class='ocrx_word' id='word_1_319' title='bbox 374 3243 477 3314; x_wconf 90' lang='lat' dir='ltr'><strong>accipi,</strong></span> <span class='ocrx_word' id='word_1_320' title='bbox 510 3251 544 3294; x_wconf 92' lang='lat' dir='ltr'><strong>ut</strong></span> <span class='ocrx_word' id='word_1_321' title='bbox 562 3243 637 3294; x_wconf 87' lang='lat' dir='ltr'><strong>illud</strong></span> <span class='ocrx_word' id='word_1_322' title='bbox 654 3244 729 3312; x_wconf 89' lang='lat' dir='ltr'><strong>apud</strong></span> <span class='ocrx_word' id='word_1_323' title='bbox 746 3245 885 3298; x_wconf 87' lang='lat' dir='ltr'><strong>Graecos:</strong></span> <span class='ocrx_word' id='word_1_324' title='bbox 913 3262 1118 3315; x_wconf 89' lang='lat' dir='ltr'><strong>nonnunquam</strong></span> <span class='ocrx_word' id='word_1_325' title='bbox 1135 3263 1214 3312; x_wconf 89' lang='lat' dir='ltr'><strong>vero,</strong></span> <span class='ocrx_word' id='word_1_326' title='bbox 1242 3255 1273 3299; x_wconf 91' lang='lat' dir='ltr'><strong>et</strong></span> <span class='ocrx_word' id='word_1_327' title='bbox 1300 3246 1387 3298; x_wconf 88' lang='lat' dir='ltr'><strong>multo</strong></span> 
     </span>
     <span class='ocr_line' id='line_1_38' title="bbox 238 3313 1388 3391; baseline 0 -23"><span class='ocrx_word' id='word_1_328' title='bbox 238 3314 421 3384; x_wconf 84' lang='lat' dir='ltr'><strong>frequentius</strong></span> <span class='ocrx_word' id='word_1_329' title='bbox 438 3329 492 3383; x_wconf 90' lang='lat' dir='ltr'><strong>pro</strong></span> <span class='ocrx_word' id='word_1_330' title='bbox 511 3313 635 3382; x_wconf 88' lang='lat' dir='ltr'><strong>Perpeti,</strong></span> <span class='ocrx_word' id='word_1_331' title='bbox 662 3314 721 3366; x_wconf 90' lang='lat' dir='ltr'><strong>sive</strong></span> <span class='ocrx_word' id='word_1_332' title='bbox 740 3313 877 3368; x_wconf 89' lang='lat' dir='ltr'><strong>Tolerare</strong></span> <span class='ocrx_word' id='word_1_333' title='bbox 895 3316 991 3368; x_wconf 89' lang='lat' dir='ltr'><strong>aiunt:</strong></span> <span class='ocrx_word' id='word_1_334' title='bbox 1020 3325 1049 3368; x_wconf 92' lang='lat' dir='ltr'><strong>et</strong></span> <span class='ocrx_word' id='word_1_335' title='bbox 1067 3314 1148 3368; x_wconf 89' lang='lat' dir='ltr'><strong>illius</strong></span> <span class='ocrx_word' id='word_1_336' title='bbox 1171 3317 1388 3391; x_wconf 80' lang='lat' dir='ltr'><strong>significationis</strong></span> 
     </span>
     <span class='ocr_line' id='line_1_39' title="bbox 239 3383 1390 3455; baseline 0.002 -17"><span class='ocrx_word' id='word_1_337' title='bbox 239 3403 330 3438; x_wconf 90' lang='lat' dir='ltr'><strong>unum</strong></span> <span class='ocrx_word' id='word_1_338' title='bbox 348 3402 384 3436; x_wconf 85' lang='lat' dir='ltr'><strong>ex</strong></span> <span class='ocrx_word' id='word_1_339' title='bbox 402 3384 500 3436; x_wconf 89' lang='lat' dir='ltr'><strong>Plauto</strong></span> <span class='ocrx_word' id='word_1_340' title='bbox 520 3383 683 3453; x_wconf 87' lang='lat' dir='ltr'><strong>exemplum</strong></span> <span class='ocrx_word' id='word_1_341' title='bbox 700 3386 868 3455; x_wconf 77' lang='lat' dir='ltr'><strong>proferunt:</strong></span> <span class='ocrx_word' id='word_1_342' title='bbox 887 3385 973 3450; x_wconf 86' lang='lat' dir='ltr'><strong>hujus</strong></span> <span class='ocrx_word' id='word_1_343' title='bbox 988 3388 1055 3439; x_wconf 90' lang='lat' dir='ltr'><strong>satis</strong></span> <span class='ocrx_word' id='word_1_344' title='bbox 1073 3388 1174 3453; x_wconf 90' lang='lat' dir='ltr'><strong>multa,</strong></span> <span class='ocrx_word' id='word_1_345' title='bbox 1193 3403 1252 3440; x_wconf 90' lang='lat' dir='ltr'><strong>non</strong></span> <span class='ocrx_word' id='word_1_346' title='bbox 1272 3404 1309 3440; x_wconf 86' lang='lat' dir='ltr'><strong>ex</strong></span> <span class='ocrx_word' id='word_1_347' title='bbox 1346 3390 1390 3440; x_wconf 80' lang='lat' dir='ltr'><strong>oli·</strong></span> 
     </span>
     <span class='ocr_line' id='line_1_40' title="bbox 241 3406 1390 3532; baseline 0.002 -24"><span class='ocrx_word' id='word_1_348' title='bbox 241 3457 281 3510; x_wconf 89' lang='lat' dir='ltr'><strong>tis</strong></span> <span class='ocrx_word' id='word_1_349' title='bbox 299 3464 420 3519; x_wconf 89' lang='lat' dir='ltr'><strong>tantum,</strong></span> <span class='ocrx_word' id='word_1_350' title='bbox 448 3454 496 3506; x_wconf 85' lang='lat' dir='ltr'><strong>sed</strong></span> <span class='ocrx_word' id='word_1_351' title='bbox 523 3471 558 3506; x_wconf 87' lang='lat' dir='ltr'><strong>ex</strong></span> <span class='ocrx_word' id='word_1_352' title='bbox 581 3454 591 3504; x_wconf 91' lang='lat' dir='ltr'><strong>i</strong></span> <span class='ocrx_word' id='word_1_353' title='bbox 613 3471 642 3507; x_wconf 92' lang='lat' dir='ltr'><strong>so</strong></span> <span class='ocrx_word' id='word_1_354' title='bbox 669 3455 756 3507; x_wconf 89' lang='lat' dir='ltr'><strong>etiam</strong></span> <span class='ocrx_word' id='word_1_355' title='bbox 775 3455 920 3509; x_wconf 84' lang='lat' dir='ltr'><strong>Cicerone.</strong></span> <span class='ocrx_word' id='word_1_356' title='bbox 958 3457 996 3508; x_wconf 88' lang='lat' dir='ltr'><strong>At</strong></span> <span class='ocrx_word' id='word_1_357' title='bbox 1022 3474 1074 3532; x_wconf 84' lang='lat' dir='ltr'><strong>ego</strong></span> <span class='ocrx_word' id='word_1_358' title='bbox 1098 3458 1129 3508; x_wconf 91' lang='lat' dir='ltr'><strong>in</strong></span> <span class='ocrx_word' id='word_1_359' title='bbox 1153 3475 1197 3525; x_wconf 91' lang='lat' dir='ltr'><strong>eo,</strong></span> <span class='ocrx_word' id='word_1_360' title='bbox 1226 3458 1304 3528; x_wconf 88' lang='lat' dir='ltr'><strong>quod</strong></span> <span class='ocrx_word' id='word_1_361' title='bbox 1325 3406 1390 3512; x_wconf 70' lang='lat' dir='ltr'><strong>duas</strong></span> 
     </span>
     <span class='ocr_line' id='line_1_41' title="bbox 241 3472 1388 3599; baseline 0.003 -22"><span class='ocrx_word' id='word_1_362' title='bbox 241 3526 326 3579; x_wconf 87' lang='lat' dir='ltr'><strong>hasce</strong></span> <span class='ocrx_word' id='word_1_363' title='bbox 344 3524 568 3599; x_wconf 84' lang='lat' dir='ltr'><strong>significationes</strong></span> <span class='ocrx_word' id='word_1_364' title='bbox 592 3472 662 3580; x_wconf 70' lang='lat' dir='ltr'><strong>huic</strong></span> <span class='ocrx_word' id='word_1_365' title='bbox 684 3526 771 3578; x_wconf 92' lang='lat' dir='ltr'><strong>verbo</strong></span> <span class='ocrx_word' id='word_1_366' title='bbox 790 3527 932 3593; x_wconf 90' lang='lat' dir='ltr'><strong>tribuunt,</strong></span> <span class='ocrx_word' id='word_1_367' title='bbox 959 3526 1020 3579; x_wconf 88' lang='lat' dir='ltr'><strong>illis</strong></span> <span class='ocrx_word' id='word_1_368' title='bbox 1044 3528 1196 3583; x_wconf 71' lang='lat' dir='ltr'><strong>assentione</strong></span> <span class='ocrx_word' id='word_1_369' title='bbox 1231 3528 1282 3582; x_wconf 87' lang='lat' dir='ltr'><strong>sed</strong></span> <span class='ocrx_word' id='word_1_370' title='bbox 1300 3529 1331 3580; x_wconf 88' lang='lat' dir='ltr'><strong>in</strong></span> <span class='ocrx_word' id='word_1_371' title='bbox 1349 3544 1388 3593; x_wconf 90' lang='lat' dir='ltr'><strong>eo,</strong></span> 
     </span>
     <span class='ocr_line' id='line_1_42' title="bbox 242 3595 1390 3668; baseline 0.003 -21"><span class='ocrx_word' id='word_1_372' title='bbox 242 3597 318 3665; x_wconf 90' lang='lat' dir='ltr'><strong>quod</strong></span> <span class='ocrx_word' id='word_1_373' title='bbox 344 3612 397 3666; x_wconf 87' lang='lat' dir='ltr'><strong>pro</strong></span> <span class='ocrx_word' id='word_1_374' title='bbox 421 3602 545 3664; x_wconf 90' lang='lat' dir='ltr'><strong>utraque</strong></span> <span class='ocrx_word' id='word_1_375' title='bbox 571 3595 781 3668; x_wconf 84' lang='lat' dir='ltr'><strong>significatione</strong></span> <span class='ocrx_word' id='word_1_376' title='bbox 808 3614 892 3649; x_wconf 86' lang='lat' dir='ltr'><strong>unam</strong></span> <span class='ocrx_word' id='word_1_377' title='bbox 925 3597 993 3649; x_wconf 87' lang='lat' dir='ltr'><strong>dant</strong></span> <span class='ocrx_word' id='word_1_378' title='bbox 1021 3599 1240 3665; x_wconf 82' lang='lat' dir='ltr'><strong>derivationem,</strong></span> <span class='ocrx_word' id='word_1_379' title='bbox 1269 3615 1307 3652; x_wconf 87' lang='lat' dir='ltr'><strong>an</strong></span> <span class='ocrx_word' id='word_1_380' title='bbox 1334 3598 1390 3651; x_wconf 87' lang='lat' dir='ltr'><strong>illis</strong></span> 
     </span>
     <span class='ocr_line' id='line_1_43' title="bbox 243 3665 1390 3740; baseline 0.002 -21"><span class='ocrx_word' id='word_1_381' title='bbox 243 3666 376 3720; x_wconf 87' lang='lat' dir='ltr'><strong>assentiri</strong></span> <span class='ocrx_word' id='word_1_382' title='bbox 399 3665 513 3718; x_wconf 89' lang='lat' dir='ltr'><strong>debeam</strong></span> <span class='ocrx_word' id='word_1_383' title='bbox 541 3667 645 3719; x_wconf 88' lang='lat' dir='ltr'><strong>nescio.</strong></span> <span class='ocrx_word' id='word_1_384' title='bbox 687 3667 762 3718; x_wconf 90' lang='lat' dir='ltr'><strong>Nam</strong></span> <span class='ocrx_word' id='word_1_385' title='bbox 784 3669 859 3736; x_wconf 90' lang='lat' dir='ltr'><strong>apud</strong></span> <span class='ocrx_word' id='word_1_386' title='bbox 885 3668 1018 3719; x_wconf 89' lang='lat' dir='ltr'><strong>Plautum</strong></span> <span class='ocrx_word' id='word_1_387' title='bbox 1046 3670 1163 3738; x_wconf 88' lang='lat' dir='ltr'><strong>quidem</strong></span> <span class='ocrx_word' id='word_1_388' title='bbox 1188 3670 1261 3740; x_wconf 90' lang='lat' dir='ltr'><strong>quin</strong></span> <span class='ocrx_word' id='word_1_389' title='bbox 1293 3668 1390 3725; x_wconf 72' lang='lat' dir='ltr'><strong>Vtram</strong></span> 
     </span>
     <span class='ocr_line' id='line_1_44' title="bbox 243 3734 1390 3810; baseline 0.002 -20"><span class='ocrx_word' id='word_1_390' title='bbox 243 3738 389 3790; x_wconf 77' lang='lat' dir='ltr'><strong>exantlare</strong></span> <span class='ocrx_word' id='word_1_391' title='bbox 407 3735 552 3810; x_wconf 82' lang='lat' dir='ltr'><strong>significet</strong></span> <span class='ocrx_word' id='word_1_392' title='bbox 571 3734 716 3801; x_wconf 72' lang='grc' dir='ltr'><em>ἐξαντλεῖν,</em></span> <span class='ocrx_word' id='word_1_393' title='bbox 735 3737 765 3788; x_wconf 92' lang='lat' dir='ltr'><strong>id</strong></span> <span class='ocrx_word' id='word_1_394' title='bbox 776 3745 818 3789; x_wconf 89' lang='lat' dir='ltr'><strong>est</strong></span> <span class='ocrx_word' id='word_1_395' title='bbox 832 3737 994 3803; x_wconf 84' lang='lat' dir='ltr'><strong>exhaurire,</strong></span> <span class='ocrx_word' id='word_1_396' title='bbox 1014 3757 1072 3791; x_wconf 89' lang='lat' dir='ltr'><strong>non</strong></span> <span class='ocrx_word' id='word_1_397' title='bbox 1083 3739 1196 3801; x_wconf 78' lang='lat' dir='ltr'><strong>dubito:</strong></span> <span class='ocrx_word' id='word_1_398' title='bbox 1218 3738 1304 3810; x_wconf 91' lang='lat' dir='ltr'><strong>(quid</strong></span> <span class='ocrx_word' id='word_1_399' title='bbox 1317 3741 1390 3794; x_wconf 89' lang='lat' dir='ltr'><strong>enim</strong></span> 
     </span>
     <span class='ocr_line' id='line_1_45' title="bbox 243 3806 1391 3876; baseline 0.001 -15"><span class='ocrx_word' id='word_1_400' title='bbox 243 3807 323 3860; x_wconf 89' lang='lat' dir='ltr'><strong>aliud</strong></span> <span class='ocrx_word' id='word_1_401' title='bbox 340 3808 363 3859; x_wconf 90' lang='lat' dir='ltr'><strong>si</strong></span> <span class='ocrx_word' id='word_1_402' title='bbox 387 3806 505 3858; x_wconf 88' lang='lat' dir='ltr'><strong>nificare</strong></span> <span class='ocrx_word' id='word_1_403' title='bbox 523 3807 648 3876; x_wconf 67' lang='lat' dir='ltr'><strong>possiti)</strong></span> <span class='ocrx_word' id='word_1_404' title='bbox 672 3807 720 3858; x_wconf 91' lang='lat' dir='ltr'><strong>sed</strong></span> <span class='ocrx_word' id='word_1_405' title='bbox 739 3807 814 3876; x_wconf 91' lang='lat' dir='ltr'><strong>quod</strong></span> <span class='ocrx_word' id='word_1_406' title='bbox 831 3809 934 3861; x_wconf 85' lang='lat' dir='ltr'><strong>Latine</strong></span> <span class='ocrx_word' id='word_1_407' title='bbox 951 3808 1067 3875; x_wconf 89' lang='lat' dir='ltr'><strong>dicitur,</strong></span> <span class='ocrx_word' id='word_1_408' title='bbox 1095 3809 1253 3865; x_wconf 78' lang='lat' dir='ltr'><strong>Eaaatlare</strong></span> <span class='ocrx_word' id='word_1_409' title='bbox 1273 3812 1391 3872; x_wconf 79' lang='lat' dir='ltr'><strong>laboret,</strong></span> 
     </span>
     <span class='ocr_line' id='line_1_46' title="bbox 244 3825 1392 3951; baseline 0.002 -20"><span class='ocrx_word' id='word_1_410' title='bbox 244 3888 277 3931; x_wconf 92' lang='lat' dir='ltr'><strong>ut</strong></span> <span class='ocrx_word' id='word_1_411' title='bbox 294 3880 346 3930; x_wconf 86' lang='lat' dir='ltr'><strong>vix</strong></span> <span class='ocrx_word' id='word_1_412' title='bbox 364 3825 473 3932; x_wconf 52' lang='lat' dir='ltr'><strong>graece</strong></span> <span class='ocrx_word' id='word_1_413' title='bbox 492 3877 550 3929; x_wconf 88' lang='lat' dir='ltr'><strong>dici</strong></span> <span class='ocrx_word' id='word_1_414' title='bbox 566 3894 648 3947; x_wconf 86' lang='lat' dir='ltr'><strong>posse</strong></span> <span class='ocrx_word' id='word_1_415' title='bbox 667 3878 830 3931; x_wconf 85' lang='lat' dir='ltr'><strong>existimem</strong></span> <span class='ocrx_word' id='word_1_416' title='bbox 848 3878 984 3938; x_wconf 68' lang='grc' dir='ltr'><em>ἐξαντλεῖν</em></span> <span class='ocrx_word' id='word_1_417' title='bbox 1001 3874 1110 3945; x_wconf 85' lang='grc' dir='ltr'><em>πόνους,</em></span> <span class='ocrx_word' id='word_1_418' title='bbox 1135 3881 1206 3932; x_wconf 84' lang='lat' dir='ltr'><strong>facit</strong></span> <span class='ocrx_word' id='word_1_419' title='bbox 1224 3882 1392 3951; x_wconf 84' lang='lat' dir='ltr'><strong>Aeschylus,</strong></span> 
     </span>
     <span class='ocr_line' id='line_1_47' title="bbox 244 3947 1392 4027; baseline 0.003 -26"><span class='ocrx_word' id='word_1_420' title='bbox 244 3950 320 4019; x_wconf 88' lang='lat' dir='ltr'><strong>apud</strong></span> <span class='ocrx_word' id='word_1_421' title='bbox 338 3967 424 4018; x_wconf 89' lang='lat' dir='ltr'><strong>quem</strong></span> <span class='ocrx_word' id='word_1_422' title='bbox 442 3947 557 4020; x_wconf 89' lang='lat' dir='ltr'><strong>reperio</strong></span> <span class='ocrx_word' id='word_1_423' title='bbox 582 3949 702 4001; x_wconf 85' lang='lat' dir='ltr'><strong>verbum</strong></span> <span class='ocrx_word' id='word_1_424' title='bbox 720 3949 873 4015; x_wconf 77' lang='grc' dir='ltr'><em>ἄπαντλτῖν,</em></span> <span class='ocrx_word' id='word_1_425' title='bbox 902 3950 977 4019; x_wconf 91' lang='lat' dir='ltr'><strong>quod</strong></span> <span class='ocrx_word' id='word_1_426' title='bbox 1004 3951 1081 4002; x_wconf 90' lang='lat' dir='ltr'><strong>idem</strong></span> <span class='ocrx_word' id='word_1_427' title='bbox 1105 3967 1223 4020; x_wconf 89' lang='lat' dir='ltr'><strong>prorsus</strong></span> <span class='ocrx_word' id='word_1_428' title='bbox 1242 3952 1392 4027; x_wconf 82' lang='lat' dir='ltr'><strong>significat,</strong></span> 
     </span>
     <span class='ocr_line' id='line_1_48' title="bbox 246 4019 1390 4096; baseline 0.001 -23"><span class='ocrx_word' id='word_1_429' title='bbox 246 4029 276 4073; x_wconf 91' lang='lat' dir='ltr'><strong>et</strong></span> <span class='ocrx_word' id='word_1_430' title='bbox 294 4038 360 4072; x_wconf 89' lang='lat' dir='ltr'><strong>cum</strong></span> <span class='ocrx_word' id='word_1_431' title='bbox 378 4019 477 4073; x_wconf 89' lang='lat' dir='ltr'><strong>eodem</strong></span> <span class='ocrx_word' id='word_1_432' title='bbox 501 4019 617 4076; x_wconf 86' lang='lat' dir='ltr'><strong>nomine</strong></span> <span class='ocrx_word' id='word_1_433' title='bbox 641 4019 781 4084; x_wconf 88' lang='lat' dir='ltr'><strong>junctum,</strong></span> <span class='ocrx_word' id='word_1_434' title='bbox 809 4020 841 4071; x_wconf 88' lang='lat' dir='ltr'><strong>in</strong></span> <span class='ocrx_word' id='word_1_435' title='bbox 864 4020 1009 4072; x_wconf 88' lang='lat' dir='ltr'><strong>contraria</strong></span> <span class='ocrx_word' id='word_1_436' title='bbox 1032 4038 1148 4091; x_wconf 91' lang='lat' dir='ltr'><strong>prorsus</strong></span> <span class='ocrx_word' id='word_1_437' title='bbox 1171 4022 1390 4096; x_wconf 80' lang='lat' dir='ltr'><strong>significatione.</strong></span> 
     </span>
     <span class='ocr_line' id='line_1_49' title="bbox 245 4084 1392 4175; baseline 0.002 -33"><span class='ocrx_word' id='word_1_438' title='bbox 245 4093 320 4147; x_wconf 89' lang='lat' dir='ltr'><strong>Nam</strong></span> <span class='ocrx_word' id='word_1_439' title='bbox 338 4091 412 4160; x_wconf 90' lang='lat' dir='ltr'><strong>apud</strong></span> <span class='ocrx_word' id='word_1_440' title='bbox 431 4107 496 4142; x_wconf 91' lang='lat' dir='ltr'><strong>eum</strong></span> <span class='ocrx_word' id='word_1_441' title='bbox 513 4084 609 4159; x_wconf 77' lang='grc' dir='ltr'><em>κράτος</em></span> <span class='ocrx_word' id='word_1_442' title='bbox 626 4089 796 4144; x_wconf 82' lang='lat' dir='ltr'><strong>Prometheo</strong></span> <span class='ocrx_word' id='word_1_443' title='bbox 814 4090 885 4143; x_wconf 88' lang='lat' dir='ltr'><strong>haec</strong></span> <span class='ocrx_word' id='word_1_444' title='bbox 904 4091 985 4155; x_wconf 93' lang='lat' dir='ltr'><strong>dicit,</strong></span> <span class='ocrx_word' id='word_1_445' title='bbox 1004 4109 1068 4175; x_wconf 82' lang='lat' dir='ltr'><strong>pag.</strong></span> <span class='ocrx_word' id='word_1_446' title='bbox 1090 4096 1132 4146; x_wconf 86' lang='lat'><strong>10.</strong></span> <span class='ocrx_word' id='word_1_447' title='bbox 1152 4110 1233 4145; x_wconf 89' lang='lat' dir='ltr'><strong>meae</strong></span> <span class='ocrx_word' id='word_1_448' title='bbox 1251 4093 1392 4158; x_wconf 90' lang='lat' dir='ltr'><strong>editionis,</strong></span> 
     </span>
     <span class='ocr_line' id='line_1_50' title="bbox 246 4153 1393 4228; baseline 0.001 -14"><span class='ocrx_word' id='word_1_449' title='bbox 246 4194 279 4207; x_wconf 89' lang='lat'><em>-</em></span> <span class='ocrx_word' id='word_1_450' title='bbox 298 4165 371 4216; x_wconf 77' lang='grc' dir='ltr'><em>τίσω</em></span> <span class='ocrx_word' id='word_1_451' title='bbox 390 4153 490 4214; x_wconf 79' lang='grc' dir='ltr'><em>οἷοίτε</em></span> <span class='ocrx_word' id='word_1_452' title='bbox 509 4160 702 4227; x_wconf 68' lang='grc' dir='ltr'><em>θνηταὶτῶντῖ</em></span> <span class='ocrx_word' id='word_1_453' title='bbox 720 4162 891 4228; x_wconf 73' lang='grc' dir='ltr'><em>ἀπαντλῆσαι</em></span> <span class='ocrx_word' id='word_1_454' title='bbox 909 4157 1018 4225; x_wconf 83' lang='grc' dir='ltr'><em>πόνων;</em></span> <span class='ocrx_word' id='word_1_455' title='bbox 1046 4163 1092 4214; x_wconf 76' lang='lat' dir='ltr'><strong>illi</strong></span> <span class='ocrx_word' id='word_1_456' title='bbox 1118 4163 1259 4215; x_wconf 89' lang='lat' dir='ltr'><strong>insultans</strong></span> <span class='ocrx_word' id='word_1_457' title='bbox 1286 4163 1393 4217; x_wconf 78' lang='lat' dir='ltr'><strong>afflicto</strong></span> 
     </span>
     <span class='ocr_line' id='line_1_51' title="bbox 246 4231 1394 4302; baseline 0 -17"><span class='ocrx_word' id='word_1_458' title='bbox 246 4238 286 4285; x_wconf 78' lang='lat' dir='ltr'><strong>et&#39;</strong></span> <span class='ocrx_word' id='word_1_459' title='bbox 295 4250 361 4288; x_wconf 89' lang='lat' dir='ltr'><strong>eum</strong></span> <span class='ocrx_word' id='word_1_460' title='bbox 379 4232 512 4296; x_wconf 84' lang='lat' dir='ltr'><strong>irridens,</strong></span> <span class='ocrx_word' id='word_1_461' title='bbox 532 4232 607 4301; x_wconf 92' lang='lat' dir='ltr'><strong>quod</strong></span> <span class='ocrx_word' id='word_1_462' title='bbox 626 4231 700 4302; x_wconf 88' lang='lat' dir='ltr'><strong>apud</strong></span> <span class='ocrx_word' id='word_1_463' title='bbox 717 4232 852 4285; x_wconf 87' lang='lat' dir='ltr'><strong>mortales</strong></span> <span class='ocrx_word' id='word_1_464' title='bbox 869 4233 944 4285; x_wconf 89' lang='lat' dir='ltr'><strong>male</strong></span> <span class='ocrx_word' id='word_1_465' title='bbox 962 4234 1055 4285; x_wconf 89' lang='lat' dir='ltr'><strong>locata</strong></span> <span class='ocrx_word' id='word_1_466' title='bbox 1073 4233 1193 4286; x_wconf 80' lang='lat' dir='ltr'><strong>fuissent</strong></span> <span class='ocrx_word' id='word_1_467' title='bbox 1216 4234 1266 4286; x_wconf 91' lang='lat' dir='ltr'><strong>illi</strong></span> <span class='ocrx_word' id='word_1_468' title='bbox 1290 4243 1335 4288; x_wconf 92' lang='lat' dir='ltr'><strong>tot</strong></span> <span class='ocrx_word' id='word_1_469' title='bbox 1351 4233 1394 4286; x_wconf 90' lang='lat' dir='ltr'><strong>be-</strong></span> 
     </span>
     <span class='ocr_line' id='line_1_52' title="bbox 246 4302 1393 4373; baseline 0.002 -19"><span class='ocrx_word' id='word_1_470' title='bbox 246 4302 361 4355; x_wconf 82' lang='lat' dir='ltr'><strong>neficia:</strong></span> <span class='ocrx_word' id='word_1_471' title='bbox 390 4311 491 4373; x_wconf 90' lang='lat' dir='ltr'><strong>utpote</strong></span> <span class='ocrx_word' id='word_1_472' title='bbox 510 4318 634 4372; x_wconf 88' lang='lat' dir='ltr'><strong>quorum</strong></span> <span class='ocrx_word' id='word_1_473' title='bbox 668 4319 720 4372; x_wconf 89' lang='lat' dir='ltr'><strong>ope</strong></span> <span class='ocrx_word' id='word_1_474' title='bbox 748 4303 825 4355; x_wconf 88' lang='lat' dir='ltr'><strong>nihil</strong></span> <span class='ocrx_word' id='word_1_475' title='bbox 850 4304 965 4356; x_wconf 90' lang='lat' dir='ltr'><strong>omnino</strong></span> <span class='ocrx_word' id='word_1_476' title='bbox 991 4303 1084 4355; x_wconf 89' lang='lat' dir='ltr'><strong>minui</strong></span> <span class='ocrx_word' id='word_1_477' title='bbox 1109 4305 1143 4357; x_wconf 90' lang='lat' dir='ltr'><strong>de</strong></span> <span class='ocrx_word' id='word_1_478' title='bbox 1169 4303 1230 4368; x_wconf 89' lang='lat' dir='ltr'><strong>ejus</strong></span> <span class='ocrx_word' id='word_1_479' title='bbox 1253 4302 1393 4360; x_wconf 86' lang='lat' dir='ltr'><strong>aerumnis</strong></span> 
     </span>
     <span class='ocr_line' id='line_1_53' title="bbox 249 4369 1394 4447; baseline 0 -21"><span class='ocrx_word' id='word_1_480' title='bbox 249 4381 350 4447; x_wconf 86' lang='lat' dir='ltr'><strong>posset.</strong></span> <span class='ocrx_word' id='word_1_481' title='bbox 388 4371 420 4429; x_wconf 81' lang='lat' dir='ltr'><strong>st</strong></span> <span class='ocrx_word' id='word_1_482' title='bbox 438 4372 531 4446; x_wconf 77' lang='lat' dir='ltr'><strong>igitur</strong></span> <span class='ocrx_word' id='word_1_483' title='bbox 556 4371 706 4428; x_wconf 74' lang='grc' dir='ltr'><em>ἀπαντλτῖν</em></span> <span class='ocrx_word' id='word_1_484' title='bbox 729 4375 788 4430; x_wconf 88' lang='lat' dir='ltr'><strong>sive</strong></span> <span class='ocrx_word' id='word_1_485' title='bbox 814 4372 949 4435; x_wconf 73' lang='grc' dir='ltr'><em>ἐξαντλεῖν</em></span> <span class='ocrx_word' id='word_1_486' title='bbox 971 4369 1073 4437; x_wconf 76' lang='grc' dir='ltr'><em>πόνους</em></span> <span class='ocrx_word' id='word_1_487' title='bbox 1097 4375 1221 4431; x_wconf 87' lang='lat' dir='ltr'><strong>sumitur</strong></span> <span class='ocrx_word' id='word_1_488' title='bbox 1239 4377 1344 4443; x_wconf 81' lang='lat' dir='ltr'><strong>active,</strong></span> <span class='ocrx_word' id='word_1_489' title='bbox 1368 4381 1394 4428; x_wconf 87' lang='lat' dir='ltr'><strong>et</strong></span> 
     </span>
    </p>
   </div>
   <div class='ocr_carea' id='block_1_8' title="bbox 0 0 1467 5084">
    <p class='ocr_par' dir='ltr' id='par_1_8' title="bbox 0 0 1467 5084">
     <span class='ocr_line' id='line_1_54' title="bbox 0 0 1467 5084; baseline 0 0"><span class='ocrx_word' id='word_1_490' title='bbox 0 0 1467 5084; x_wconf 95' lang='lat' dir='ltr'><strong> </strong></span> 
     </span>
    </p>
   </div>
  </div>
 </body>
</html>
