2856 5084
217 272 277 335 154
401 265 632 331 CICERONIS
654 265 907 359 TUSCULAN.
924 267 1152 333 DISPUTAT.

216 433 409 494 versariusz
432 432 459 492 is
481 429 634 494 ardente
643 432 730 493 faces
752 435 906 509 intentat,
928 435 958 494 is
971 432 1215 510 fortitudinem,
1238 435 1366 518 magni-

134 513 195 568 .⁷⁷·
219 513 367 575 tudinem
389 515 503 591 animi,
525 515 719 596 patientiam
745 535 779 574 se
807 514 1068 576 debilitaturum
1087 517 1233 578 minatur
1246 536 1259 575 :-
1287 515 1368 576 huic

216 596 322 682 igitur
343 595 536 656 succumbet
555 594 686 656 virtus?
708 595 787 656 huie
809 597 905 656 beata
936 599 1095 677 sapientis
1124 605 1159 657 et
1186 599 1368 660 constantis

216 679 286 739 uiri
306 678 376 738 vita
398 675 493 737 cedet
501 674 513 735 'l
557 677 661 739 (luam
682 675 800 757 turpe?
824 677 844 737 0
866 676 914 738 dii
934 679 1022 739 boni:
1064 680 1167 741 Pueri
1178 678 1367 760 Spartiatae
1393 693 1395 695 '

216 843 374 896 adiectivo:
406 859 460 896 nec
482 850 577 894 tamen
601 842 712 910 aliquid
729 841 779 898 hic
800 843 924 910 suspecti
943 850 993 894 est.
1032 840 1067 894 ln
1087 841 1155 894 eod.
1176 844 1249 894 Mon.
1272 845 1296 897 l.
1324 851 1367 894 est

215 913 337 966 intendit
363 929 416 984 pro
445 911 574 965 intentat.
604 913 677 966 Gud.
705 911 791 964 habet
821 911 1110 980 magnitudinemque
1137 910 1236 975 animi,
1268 912 1366 963 Duisb.

216 984 307 1037 anana
325 990 356 1036 et
371 983 544 1050 patientiam.
567 982 650 1034 Vind.
673 987 696 1037 l.
721 991 876 1051 utrumque
901 983 997 1054 iungit
1016 981 1166 1034 exhibens:
1197 980 1369 1049 magnitudi-

215 1070 344 1124 nemque
363 1055 500 1107 auimiet
516 1050 689 1121 patientiam.
722 1053 756 1103 ln
774 1068 831 1104 uno
844 1053 892 1105 Ox.
915 1052 994 1105 deest
1010 1052 1241 1118 magnitudinem,
1261 1053 1292 1104 in
1310 1053 1367 1105 alio
1416 1109 1420 1114 ,

215 1126 311 1180 animi.
332 1126 406 1176 non.
428 1127 451 1179 1.
471 1122 557 1175 habet
572 1122 719 1190 patientia.
758 1123 817 1175 Mr.

286 1211 315 1246 se
334 1193 544 1248 debilitaturum
562 1191 717 1257 minatum]
754 1190 888 1256 „Maliaci
907 1192 982 1246 liber
1000 1193 1208 1250 debellaturum.
1246 1195 1368 1246 Utrum-

215 1282 273 1335 que
291 1273 379 1318 recte.
399 1265 490 1347 magis
509 1273 605 1317 tamen
622 1264 710 1334 probo
731 1261 949 1330 debilitaturum,
968 1272 1089 1334 propter
1107 1265 1227 1317 verbum
1245 1279 1369 1317 succum-

215 1335 271 1402 ter,
291 1335 367 1404 quod
384 1334 547 1404 sequitur.“
564 1333 596 1386 P.
618 1335 726 1387 Munut.
752 1335 916 1399 „Manutius
935 1353 1025 1404 quum
1041 1335 1188 1406 vulgatam
1206 1334 1260 1387 sibi
1277 1336 1368 1410 magis

213 1406 332 1477 probaui
356 1405 484 1469 dixisset,
511 1405 690 1474 quam'quod
709 1404 801 1456 estin
818 1403 931 1457 Maffaei
955 1405 1054 1467 libro,
1070 1423 1147 1457 nunc
1174 1414 1272 1458 tamen
1293 1405 1368 1458 idem

215 1476 425 1541 debellaturum,
444 1475 535 1527 altero
555 1474 608 1528 illo
628 1474 714 1527 eiecto
732 1473 894 1542 reposuit.“
911 1475 973 1528 Fre.
987 1477 1072 1528 Febr.
1100 1476 1135 1526 In
1153 1474 1366 1549 inarg.ha1nbb.

215 1555 246 1599 et
264 1545 352 1599 Goth.
372 1545 550 1599 delectione
569 1544 639 1597 libri
657 1543 732 1596 Maff.
753 1543 930 1613 adscriptum
948 1545 1088 1599 iudicium
1107 1553 1164 1598 est:
1198 1562 1251 1599 non
1271 1548 1367 1614 placet.

214 1615 370 1669 Bouhierio
389 1623 493 1668 neutra
510 1615 627 1668 videtur
643 1614 730 1667 lectio
747 1622 892 1682 praestare
910 1615 1003 1667 alteri.
1042 1616 1100 1668 Mr.

287 1685 454 1739 Patientiam
480 1701 510 1738 se
537 1685 754 1737 debilitaturum
771 1684 909 1750 minatur]
939 1685 1048 1738 Eliens.
1070 1702 1131 1748 ‚sen
1152 1685 1367 1738 debellaturum:

216 1755 392 1825 eandemque
420 1757 575 1808 lectionem
605 1755 636 1805 in
653 1752 765 1805 Maffaei
791 1754 867 1807 libro
892 1764 1036 1824 repertam
1063 1753 1195 1824 probavit
1212 1757 1368 1810 Manucius.

216 1828 281 1896 lpse
299 1843 357 1878 non
377 1825 463 1878 itemt
496 1842 562 1877 cum
586 1824 701 1876 Tullius
724 1824 846 1876 alteram
869 1822 1008 1894 loquendi
1029 1826 1172 1878 rationem
1194 1826 1298 1895 passim
1323 1826 1370 1878 ad·

215 1896 321 1949 hibent.
358 1896 395 1948 D.
813 1946 817 1955 ,
1350 1901 1358 1907 ”
1398 1914 1400 1918 ’

288 1963 568 2030 eructaturum]
601 1963 678 2018 MSS.
707 1964 822 2034 quidam
841 1965 1052 2031 debellaturum,
1077 1966 1152 2032 quod
1176 1967 1267 2020 edidit
1284 1966 1369 2020 Davi-

217 2036 284 2091 sius.
322 2031 400 2100 [Nou
418 2036 459 2095 ita
478 2035 568 2087 edidit
585 2034 666 2100 Dav„
686 2043 764 2087 certe
784 2034 815 2085 in
833 2035 905 2087 Edd.
925 2039 951 2090 2.
970 2038 997 2090 3.
1023 2043 1052 2088 et
1070 2037 1120 2089 Ox.
1141 2039 1219 2093 1805.
1245 2054 1317 2105 quae
1336 2037 1370 2089 ad

171 2127 179 2140 ·
215 2123 334 2159 manum
351 2113 432 2157 sunt:
463 2105 549 2174 idque
569 2105 593 2155 si
611 2105 642 2154 in
659 2105 755 2175 prima
773 2112 846 2156 esset
863 2106 983 2173 factum,
1008 2105 1186 2180 Verburgius
1205 2107 1265 2159 sine
1285 2107 1369 2159 dubio

215 2183 383 2230 annotasset.
421 2173 477 2227 Sed
501 2182 544 2226 est
571 2188 653 2226 error
670 2173 796 2237 Ernesti,
829 2175 879 2243 qui
907 2175 1016 2226 Davisii
1040 2192 1145 2228 nomen
1171 2193 1225 2247 pro
1248 2177 1370 2230 Manutii

215 2247 332 2301 nomine
349 2245 459 2314 posuit:
490 2244 691 2296 debellaturum
716 2252 795 2296 certe
817 2243 904 2296 habet
926 2240 1040 2296 Aldina
1060 2255 1166 2312 nostra,
1196 2265 1370 2316 quamquam

215 2319 285 2370 sola.
305 2315 378 2380 Mu]
415 2313 471 2368 Sed
489 2323 518 2366 et
535 2314 687 2388 vulgatum
704 2314 811 2365 bonum
830 2323 881 2378 est,
900 2322 932 2364 ut
950 2322 1028 2367 recte
1043 2315 1195 2369 Buherius.
1214 2317 1277 2380 vid.
1289 2317 1367 2369 Glav.

217 2388 248 2439 in
265 2384 297 2437 h.
316 2404 343 2438 v.
372 2393 402 2437 et
424 2384 455 2434 in
483 2382 677 2436 debilitatus.“
701 2383 769 2435 Era.
805 2385 858 2435 Est
884 2385 971 2435 etiam
998 2384 1198 2438 debellaturum
1216 2387 1246 2438 in
1264 2387 1371 2439 duobus

216 2457 287 2510 Oxx.
316 2463 345 2507 et
368 2470 426 2506 uno
448 2451 606 2504 Bouhierii.
651 2453 742 2504 Habet
767 2452 820 2505 Ed.
839 2453 866 2506 S.
897 2453 1121 2521 deliberaturum.
1151 2458 1225 2510 Mon.
1246 2460 1272 2510 2.
1301 2473 1370 2524 ergo

215 2542 270 2597 pro
293 2524 394 2592 igitur.
432 2525 486 2574 Pro
512 2521 636 2574 minatur
660 2523 736 2574 sulus
760 2523 844 2574 Vind.
866 2527 891 2577 l.
919 2525 1077 2588 confirmat.-
1107 2526 1202 2578 nescio
1226 2544 1282 2594 qua
1308 2544 1371 2580 cor-

216 2595 339 2649 rectoris
357 2593 479 2646 alicuius
498 2593 659 2665 sagacitate.
697 2594 777 2645 Unus
796 2594 846 2646 Ox.
867 2591 1005 2658 miratum
1034 2595 1105 2646 alius
1128 2595 1176 2648 rub
1199 2602 1291 2648 tamen
1317 2613 1372 2666 pro

216 2664 374 2718 succumbet.
394 2661 482 2716 Rehd.
502 2662 581 2714 beata
600 2668 631 2712 et
649 2661 792 2729 supientia,
811 2664 886 2715 blan.
908 2667 930 2716 1.
951 2664 1038 2716 beata
1055 2669 1087 2716 et
1112 2665 1266 2731 sapiens.
1294 2667 1369 2718 Gud.

218 2744 248 2789 et
270 2733 354 2786 Vind.
382 2737 406 2788 l.
437 2731 577 2784 omittunt
600 2730 670 2783 uiri.
703 2735 777 2784 Mon.
798 2737 823 2787 1.
852 2732 1021 2787 habet'nita
1045 2734 1149 2786 beata
1172 2736 1266 2798 cedet5
1299 2737 1371 2811 Reg.

217 2805 323 2858 caedet.
360 2804 419 2857 Mr.
637 2805 638 2809 ’
1039 2818 1041 2822 ’
1253 2815 1256 2819 ’

289 2873 375 2928 Ptreri
392 2871 557 2940 Spartiatae
583 2886 639 2922 non
664 2871 853 2939 ingemiscunt
868 2872 1022 2937 ,verberum
1045 2874 1140 2929 dolare
1164 2874 1289 2940 laniati]
1327 2876 1372 2928 Ad

218 2963 297 2998 aram
315 2943 432 3002 Orthiae
450 2941 498 2993 vel
517 2939 665 2994 Orthosiae
683 2942 804 3007 Dianam
825 2960 891 2994 nam
910 2945 1128 2998 Lacedaemonii
1147 2947 1240 3001 solent
1260 2944 1305 2997 inl
1322 2941 1373 2998 τὸν

218 3011 317 3085 βωμὸν
335 3015 380 3080 τῆς
396 3011 510 3083 Ὀρθίας
528 3010 632 3077 ὁμοίως
649 3009 702 3078 μὲν
720 3011 844 3077 δούλους,
864 3013 966 3079 ὁμοίως
985 3014 1016 3067 di
1034 3012 1189 3084 ἐλευθέρους
1206 3013 1323 3084 ἀνάγειν
1337 3044 1371 3053 -

220 3090 363 3151 μαστίγων
388 3079 442 3151 γὰρ
470 3081 500 3134 τὸ
524 3075 673 3149 7ἀγωίἰσμοι
705 3084 752 3134 aul
774 3078 960 3152 ἁστέφανος.
1002 3085 1095 3136 Verba
1122 3094 1189 3149 sunt
1212 3086 1372 3153 Themistii

221 3155 297 3208 Orat.
317 3153 389 3205 xxl.
409 3170 473 3226 pag.
494 3153 554 3206 250.
592 3151 735 3203 Musonius
760 3154 833 3220 apud
852 3153 1003 3206 Stoba'eum
1021 3153 1111 3210 Serm'.
1130 3157 1203 3207 xlx.
1223 3175 1287 3229 pag.
1310 3158 1370 3212 169.

219 3225 266 3285 Ὡς
284 3221 317 3277 di
335 3217 536 3291 oitt'aa'uxpdu
553 3220 622 3274 odra
635 3217 789 3292 ὑβριστικὸν
813 3223 911 3290 ἔχουσι
930 3224 1053 3291 (πληγαὶ)
1071 3224 1170 3292 μηδέν,
1194 3225 1297 3293 δηλοῦν
1308 3223 1373 3276 Λα·

220 3294 402 3362 κεδαιμονίων
419 3290 521 3350 παῖδας
539 3290 658 3359 δημοσίᾳ
675 3292 918 3360 μαστιγουμένους,
938 3295 984 3346 καὶ
1002 3291 1040 3346 ἐπ’
1062 3293 1135 3362 αὐτῷ
1153 3291 1238 3360 τούτῳ
1257 3299 1374 3366 dyallo·

219 3365 327 3436 μένους.
358 3362 520 3432 Alciphron
538 3362 587 3412 lib.
608 3362 660 3414 111.
680 3363 771 3432 Epist.
792 3366 833 3419 54.
867 3364 958 3430 Ἢμην
982 3364 1029 3416 olai
1052 3383 1090 3424 τις
1108 3366 1280 3435 Σπαρτιάτης
1292 3362 1373 3437 ἀνὴρ

220 3432 268 3490 tut
285 3439 335 3491 τοῦ
352 3437 451 3502 βωμοῦ
469 3437 515 3499 τῆς
530 3428 644 3503 Ὀρθίας
663 3431 716 3495 (sic
734 3441 813 3485 recte
829 3433 872 3487 ol.
885 3434 1051 3508 Berglerus)
1069 3435 1242 3501 τυπτόμενος.
1270 3437 1373 3491 Sextus

220 3507 277 3561 Em
297 3506 385 3558 iricus
402 3502 506 3572 Pyrrh.
526 3503 633 3570 Hypot.
653 3501 702 3552 lib.
723 3503 775 3554 111.
796 3520 855 3574 cap.
875 3506 918 3558 24.
950 3504 1079 3567 Λάκωνες
1097 3505 1129 3559 δὲ
1146 3505 1192 3559 ἐπὶ
1209 3508 1257 3561 τοῦ
1275 3507 1373 3575 βωμοῦ

220 3577 267 3698 {ii
284 3570 1374 3715 ..ttttaltt‘ttt,ttttittttttattitulataattat

220 3717 297 3769 locos
321 3708 509 3767 indicavimus
533 3713 567 3764 ad
592 3711 641 3762 lib.
662 3711 699 3762 11.
719 3730 779 3784 cap.
800 3717 843 3769 13.
872 3714 951 3768 .Vide
972 3714 1010 3766 sis
1030 3723 1059 3767 et
1078 3716 1204 3769 eiusdem
1223 3718 1292 3770 libri
1312 3735 1373 3787 cap.

220 3791 263 3842 19.
291 3787 382 3838 Huius
400 3792 496 3836 antem
514 3780 690 3834 saevissimae
709 3783 922 3835 consuetudinis
940 3784 1085 3858 originem
1112 3785 1373 3842 dicet'Lactantius

220 3857 349 3910 Placidus
368 3855 402 3908 ad
420 3853 513 3907 Statii·
523 3850 659 3906 Thebaid.
678 3851 729 3906 lib.
748 3852 827 3904 Vlll.
846 3870 910 3927 pag.
930 3855 1374 3913 371111.(διἰιοραῃεω,’01)ὶῑὲῃι

221 3928 390 3981 emendetur
408 3925 484 3977 idem
502 3921 541 3973 ad
556 3920 604 3974 lib.
625 3920 649 3983 I,
670 3923 729 3974 118.
767 3921 1150 3992 Οαίὸνε(1.εοε(11ειηοιιίἰε)
1176 3928 1308 3983 uirtuti
1333 3935 1374 3980 est

219 3998 250 4053 in
268 3997 359 4050 sacris
385 3995 466 4048 caedi
488 3992 650 4054 uerberibus,
679 3990 741 4043 sine
768 3995 894 4059 corporis
917 4001 1000 4047 motu.
1039 3997 1116 4070 Lego
1135 3998 1166 4050 in
1185 4014 1236 4051 usu
1257 4007 1298 4052 eat
1317 4007 1372 4050 etc.

222 4066 378 4138 [Improbat
395 4062 484 4117 Bouh.
503 4062 579 4113 hanc
598 4061 825 4115 emendationem
851 4065 948 4116 dicens
967 4081 1025 4118 non
1043 4068 1207 4123 meminisse
1225 4069 1375 4121 Davisium

220 4139 393 4201 verborum,
406 4150 476 4203 quae
495 4132 601 4184 duobus
623 4132 781 4205 iungantur
798 4132 930 4199 Dativis]
967 4134 1023 4188 Adi
1042 4136 1078 4188 sis
1097 4138 1284 4190 Plutarchum
1303 4140 1372 4192 lust.

220 4208 324 4261 bacam
351 4206 434 4257 Tam.
454 4202 492 4255 11.
519 4219 584 4276 pag.
604 4202 665 4255 239.
702 4203 739 4255 D.
1212 4262 1215 4266 ,
1239 4263 1242 4269 ,

154 4304 156 4317 .
291 4273 377 4330 Pueri
399 4271 563 4342 Spartiatae
590 4287 645 4324 non
668 4272 871 4342 ingemiscunt]
908 4275 952 4330 Ad
973 4276 1002 4328 h.
1022 4278 1043 4328 l.
1069 4278 1127 4330 vid.
1156 4279 1316 4334 Gonsalum
1339 4280 1374 4334 de

221 4344 300 4401 Salas
319 4346 354 4399 ad
370 4347 483 4398 Patron.
502 4362 531 4413 p.
551 4345 611 4399 250.
633 4360 672 4411 sq.
693 4345 763 4414 ibiq.
788 4346 881 4399 laudd.
907 4347 996 4400 Plaut.
1017 4346 1096 4417 Capt.
1116 4348 1169 4404 111.
1191 4355 1215 4405 l.
1253 4351 1374 4405 Meursii
