<?xml version="1.0" encoding="UTF-8"?>
<!DOCTYPE html PUBLIC "-//W3C//DTD XHTML 1.0 Transitional//EN"
    "http://www.w3.org/TR/xhtml1/DTD/xhtml1-transitional.dtd">
<html xmlns="http://www.w3.org/1999/xhtml" xml:lang="en" lang="en">
 <head>
  <title>
</title>
<meta http-equiv="Content-Type" content="text/html;charset=utf-8" />
  <meta name='ocr-system' content='tesseract 3.04.00' />
  <meta name='ocr-capabilities' content='ocr_page ocr_carea ocr_par ocr_line ocrx_word'/>
</head>
<body>
  <div class='ocr_page' id='page_1' title='image "./mtulliiciceroni02davigoog/mtulliiciceroni02davigoog_0156.png"; bbox 0 0 2856 5084; ppageno 0'>
   <div class='ocr_carea' id='block_1_1' title="bbox 574 251 1329 332">
    <p class='ocr_par' dir='ltr' id='par_1_1' title="bbox 574 251 1329 332">
     <span class='ocr_line' id='line_1_1' title="bbox 574 251 1329 332; baseline -0.003 -10"><span class='ocrx_word' id='word_1_1' title='bbox 574 311 578 322; x_wconf 87' lang='grc'><em>,</em></span> <span class='ocrx_word' id='word_1_2' title='bbox 625 251 754 315; x_wconf 75' lang='lat' dir='ltr'><strong>utana</strong></span> <span class='ocrx_word' id='word_1_3' title='bbox 773 253 817 332; x_wconf 92' lang='lat' dir='ltr'><strong>v,</strong></span> <span class='ocrx_word' id='word_1_4' title='bbox 839 254 889 319; x_wconf 83' lang='lat' dir='ltr'><strong>u.</strong></span> <span class='ocrx_word' id='word_1_5' title='bbox 1269 255 1329 321; x_wconf 82' lang='lat' dir='ltr'><strong>ma</strong></span> 
     </span>
    </p>
   </div>
   <div class='ocr_carea' id='block_1_2' title="bbox 177 410 1329 907">
    <p class='ocr_par' dir='ltr' id='par_1_2' title="bbox 177 410 1329 907">
     <span class='ocr_line' id='line_1_2' title="bbox 181 410 1328 499; baseline 0.003 -23"><span class='ocrx_word' id='word_1_6' title='bbox 181 432 248 476; x_wconf 90' lang='lat' dir='ltr'><strong>non</strong></span> <span class='ocrx_word' id='word_1_7' title='bbox 275 410 497 499; x_wconf 83' lang='lat' dir='ltr'><strong>ingemiscunt</strong></span> <span class='ocrx_word' id='word_1_8' title='bbox 523 414 702 477; x_wconf 85' lang='lat' dir='ltr'><strong>verberum</strong></span> <span class='ocrx_word' id='word_1_9' title='bbox 730 416 846 478; x_wconf 88' lang='lat' dir='ltr'><strong>dolore</strong></span> <span class='ocrx_word' id='word_1_10' title='bbox 878 416 1003 477; x_wconf 87' lang='lat' dir='ltr'><strong>laniati.</strong></span> <span class='ocrx_word' id='word_1_11' title='bbox 1058 413 1328 479; x_wconf 87' lang='lat' dir='ltr'><strong>Adolescentium</strong></span> 
     </span>
     <span class='ocr_line' id='line_1_3' title="bbox 181 496 1328 581; baseline 0.003 -25"><span class='ocrx_word' id='word_1_12' title='bbox 181 515 298 581; x_wconf 82' lang='lat' dir='ltr'><strong>greges</strong></span> <span class='ocrx_word' id='word_1_13' title='bbox 332 496 581 558; x_wconf 81' lang='lat' dir='ltr'><strong>Lacedaemone</strong></span> <span class='ocrx_word' id='word_1_14' title='bbox 609 497 755 559; x_wconf 88' lang='lat' dir='ltr'><strong>vidimus</strong></span> <span class='ocrx_word' id='word_1_15' title='bbox 786 499 861 577; x_wconf 89' lang='lat' dir='ltr'><strong>ipsi,</strong></span> <span class='ocrx_word' id='word_1_16' title='bbox 892 497 1085 559; x_wconf 85' lang='lat' dir='ltr'><strong>incredibili</strong></span> <span class='ocrx_word' id='word_1_17' title='bbox 1115 501 1328 562; x_wconf 81' lang='lat' dir='ltr'><strong>contentione</strong></span> 
     </span>
     <span class='ocr_line' id='line_1_4' title="bbox 181 578 1328 663; baseline 0.004 -26"><span class='ocrx_word' id='word_1_18' title='bbox 181 587 345 639; x_wconf 76' lang='lat' dir='ltr'><strong>certantes</strong></span> <span class='ocrx_word' id='word_1_19' title='bbox 366 580 497 661; x_wconf 79' lang='lat' dir='ltr'><strong>pugnis,</strong></span> <span class='ocrx_word' id='word_1_20' title='bbox 520 580 674 656; x_wconf 91' lang='lat' dir='ltr'><strong>calcibus,</strong></span> <span class='ocrx_word' id='word_1_21' title='bbox 696 579 876 663; x_wconf 88' lang='lat' dir='ltr'><strong>unguibus,</strong></span> <span class='ocrx_word' id='word_1_22' title='bbox 898 599 1013 641; x_wconf 90' lang='lat' dir='ltr'><strong>morsu</strong></span> <span class='ocrx_word' id='word_1_23' title='bbox 1041 578 1195 660; x_wconf 85' lang='lat' dir='ltr'><strong>denique,</strong></span> <span class='ocrx_word' id='word_1_24' title='bbox 1226 601 1328 660; x_wconf 87' lang='lat' dir='ltr'><strong>quum</strong></span> 
     </span>
     <span class='ocr_line' id='line_1_5' title="bbox 181 660 1329 742; baseline 0.003 -23"><span class='ocrx_word' id='word_1_25' title='bbox 181 660 465 737; x_wconf 86' lang='lat' dir='ltr'><strong>exanimarentur,</strong></span> <span class='ocrx_word' id='word_1_26' title='bbox 486 661 590 741; x_wconf 90' lang='lat' dir='ltr'><strong>prius,</strong></span> <span class='ocrx_word' id='word_1_27' title='bbox 613 681 710 742; x_wconf 88' lang='lat' dir='ltr'><strong>quam</strong></span> <span class='ocrx_word' id='word_1_28' title='bbox 731 664 840 722; x_wconf 79' lang='lat' dir='ltr'><strong>victos</strong></span> <span class='ocrx_word' id='word_1_29' title='bbox 862 681 897 722; x_wconf 86' lang='lat' dir='ltr'><strong>se</strong></span> <span class='ocrx_word' id='word_1_30' title='bbox 918 663 1117 726; x_wconf 78' lang='lat' dir='ltr'><strong>faterentur.</strong></span> <span class='ocrx_word' id='word_1_31' title='bbox 1141 662 1230 724; x_wconf 84' lang='lat' dir='ltr'><strong>Quae</strong></span> <span class='ocrx_word' id='word_1_32' title='bbox 1252 663 1329 722; x_wconf 92' lang='lat' dir='ltr'><strong>bar-</strong></span> 
     </span>
     <span class='ocr_line' id='line_1_6' title="bbox 179 738 1328 829; baseline 0.002 -27"><span class='ocrx_word' id='word_1_33' title='bbox 179 739 277 802; x_wconf 90' lang='lat' dir='ltr'><strong>baria</strong></span> <span class='ocrx_word' id='word_1_34' title='bbox 299 738 393 801; x_wconf 71' lang='lat' dir='ltr'><strong>India</strong></span> <span class='ocrx_word' id='word_1_35' title='bbox 413 743 540 803; x_wconf 81' lang='lat' dir='ltr'><strong>vastior</strong></span> <span class='ocrx_word' id='word_1_36' title='bbox 561 752 620 803; x_wconf 87' lang='lat' dir='ltr'><strong>ant</strong></span> <span class='ocrx_word' id='word_1_37' title='bbox 641 741 825 826; x_wconf 73' lang='lat' dir='ltr'><strong>agrestior?</strong></span> <span class='ocrx_word' id='word_1_38' title='bbox 868 742 905 801; x_wconf 93' lang='lat' dir='ltr'><strong>In</strong></span> <span class='ocrx_word' id='word_1_39' title='bbox 935 761 973 803; x_wconf 89' lang='lat' dir='ltr'><strong>ea</strong></span> <span class='ocrx_word' id='word_1_40' title='bbox 994 751 1105 803; x_wconf 91' lang='lat' dir='ltr'><strong>tamen</strong></span> <span class='ocrx_word' id='word_1_41' title='bbox 1134 751 1232 829; x_wconf 81' lang='lat' dir='ltr'><strong>gente</strong></span> <span class='ocrx_word' id='word_1_42' title='bbox 1259 746 1328 825; x_wconf 89' lang='lat' dir='ltr'><strong>pri-</strong></span> 
     </span>
     <span class='ocr_line' id='line_1_7' title="bbox 177 821 1329 907; baseline 0.002 -25"><span class='ocrx_word' id='word_1_43' title='bbox 177 840 269 882; x_wconf 88' lang='lat' dir='ltr'><strong>mum</strong></span> <span class='ocrx_word' id='word_1_44' title='bbox 298 825 340 900; x_wconf 92' lang='lat' dir='ltr'><strong>ei,</strong></span> <span class='ocrx_word' id='word_1_45' title='bbox 371 824 428 904; x_wconf 89' lang='lat' dir='ltr'><strong>qui</strong></span> <span class='ocrx_word' id='word_1_46' title='bbox 456 825 620 903; x_wconf 84' lang='lat' dir='ltr'><strong>sapientes</strong></span> <span class='ocrx_word' id='word_1_47' title='bbox 647 823 825 899; x_wconf 89' lang='lat' dir='ltr'><strong>habentur,</strong></span> <span class='ocrx_word' id='word_1_48' title='bbox 859 821 941 884; x_wconf 92' lang='lat' dir='ltr'><strong>nudi</strong></span> <span class='ocrx_word' id='word_1_49' title='bbox 970 831 1112 884; x_wconf 88' lang='lat' dir='ltr'><strong>aetatem</strong></span> <span class='ocrx_word' id='word_1_50' title='bbox 1148 835 1262 907; x_wconf 89' lang='lat' dir='ltr'><strong>agunt,</strong></span> <span class='ocrx_word' id='word_1_51' title='bbox 1294 831 1329 885; x_wconf 86' lang='lat' dir='ltr'><strong>et</strong></span> 
     </span>
    </p>
   </div>
   <div class='ocr_carea' id='block_1_3' title="bbox 124 999 1328 2116">
    <p class='ocr_par' dir='ltr' id='par_1_3' title="bbox 124 999 1328 1563">
     <span class='ocr_line' id='line_1_8' title="bbox 178 999 1327 1072; baseline 0 -19"><span class='ocrx_word' id='word_1_52' title='bbox 178 999 280 1054; x_wconf 86' lang='lat' dir='ltr'><strong>Graec.</strong></span> <span class='ocrx_word' id='word_1_53' title='bbox 300 1003 407 1054; x_wconf 85' lang='lat' dir='ltr'><strong>Feriat.</strong></span> <span class='ocrx_word' id='word_1_54' title='bbox 427 1004 464 1055; x_wconf 93' lang='grc'><strong>11.</strong></span> <span class='ocrx_word' id='word_1_55' title='bbox 484 1011 512 1056; x_wconf 88' lang='lat' dir='ltr'><strong>et</strong></span> <span class='ocrx_word' id='word_1_56' title='bbox 531 1021 602 1072; x_wconf 78' lang='lat' dir='ltr'><strong>quae</strong></span> <span class='ocrx_word' id='word_1_57' title='bbox 620 1003 765 1072; x_wconf 86' lang='lat' dir='ltr'><strong>posuimus</strong></span> <span class='ocrx_word' id='word_1_58' title='bbox 783 1019 869 1071; x_wconf 88' lang='lat' dir='ltr'><strong>supra</strong></span> <span class='ocrx_word' id='word_1_59' title='bbox 886 1001 922 1054; x_wconf 93' lang='lat' dir='ltr'><strong>ad</strong></span> <span class='ocrx_word' id='word_1_60' title='bbox 940 1002 975 1054; x_wconf 91' lang='lat' dir='ltr'><strong>ll.</strong></span> <span class='ocrx_word' id='word_1_61' title='bbox 998 1003 1040 1056; x_wconf 97' lang='grc'><strong>14.</strong></span> <span class='ocrx_word' id='word_1_62' title='bbox 1058 1004 1103 1056; x_wconf 86' lang='grc'><strong>34.</strong></span> <span class='ocrx_word' id='word_1_63' title='bbox 1124 1029 1157 1038; x_wconf 96' lang='grc'>-</span> <span class='ocrx_word' id='word_1_64' title='bbox 1193 1003 1246 1053; x_wconf 90' lang='lat' dir='ltr'><strong>Pro</strong></span> <span class='ocrx_word' id='word_1_65' title='bbox 1264 1017 1327 1054; x_wconf 83' lang='lat' dir='ltr'><strong>aer·</strong></span> 
     </span>
     <span class='ocr_line' id='line_1_9' title="bbox 177 1068 1328 1137; baseline 0.002 -15"><span class='ocrx_word' id='word_1_66' title='bbox 177 1072 272 1123; x_wconf 85' lang='lat' dir='ltr'><strong>berum</strong></span> <span class='ocrx_word' id='word_1_67' title='bbox 290 1080 332 1124; x_wconf 89' lang='lat' dir='ltr'><strong>est</strong></span> <span class='ocrx_word' id='word_1_68' title='bbox 349 1073 493 1125; x_wconf 83' lang='lat' dir='ltr'><strong>verboram</strong></span> <span class='ocrx_word' id='word_1_69' title='bbox 511 1073 543 1123; x_wconf 92' lang='lat' dir='ltr'><strong>in</strong></span> <span class='ocrx_word' id='word_1_70' title='bbox 561 1089 617 1124; x_wconf 88' lang='lat' dir='ltr'><strong>uno</strong></span> <span class='ocrx_word' id='word_1_71' title='bbox 637 1073 698 1137; x_wconf 67' lang='lat' dir='ltr'><strong>Ox,</strong></span> <span class='ocrx_word' id='word_1_72' title='bbox 716 1072 826 1125; x_wconf 83' lang='lat' dir='ltr'><strong>verbam</strong></span> <span class='ocrx_word' id='word_1_73' title='bbox 843 1073 875 1123; x_wconf 91' lang='lat' dir='ltr'><strong>in</strong></span> <span class='ocrx_word' id='word_1_74' title='bbox 892 1072 957 1124; x_wconf 86' lang='lat' dir='ltr'><strong>alio.</strong></span> <span class='ocrx_word' id='word_1_75' title='bbox 983 1073 1058 1123; x_wconf 85' lang='lat' dir='ltr'><strong>Mon.</strong></span> <span class='ocrx_word' id='word_1_76' title='bbox 1070 1075 1096 1126; x_wconf 90' lang='lat'><strong>1.</strong></span> <span class='ocrx_word' id='word_1_77' title='bbox 1117 1068 1189 1125; x_wconf 86' lang='lat' dir='ltr'><strong>lani</strong></span> <span class='ocrx_word' id='word_1_78' title='bbox 1195 1071 1226 1124; x_wconf 88' lang='lat' dir='ltr'><strong>ti.</strong></span> <span class='ocrx_word' id='word_1_79' title='bbox 1251 1071 1328 1124; x_wconf 83' lang='lat' dir='ltr'><strong>Ado-</strong></span> 
     </span>
     <span class='ocr_line' id='line_1_10' title="bbox 177 1139 1328 1208; baseline 0.001 -18"><span class='ocrx_word' id='word_1_80' title='bbox 177 1140 335 1195; x_wconf 69' lang='lat' dir='ltr'><strong>lescentia.</strong></span> <span class='ocrx_word' id='word_1_81' title='bbox 355 1141 428 1193; x_wconf 84' lang='lat' dir='ltr'><strong>Gud.</strong></span> <span class='ocrx_word' id='word_1_82' title='bbox 448 1142 679 1208; x_wconf 82' lang='lat' dir='ltr'><strong>Adolescentum.</strong></span> <span class='ocrx_word' id='word_1_83' title='bbox 701 1143 783 1193; x_wconf 86' lang='lat' dir='ltr'><strong>Vind.</strong></span> <span class='ocrx_word' id='word_1_84' title='bbox 805 1147 828 1196; x_wconf 90' lang='lat' dir='ltr'><strong>l.</strong></span> <span class='ocrx_word' id='word_1_85' title='bbox 849 1139 1118 1206; x_wconf 77' lang='lat' dir='ltr'><strong>Lacedaemoniae,</strong></span> <span class='ocrx_word' id='word_1_86' title='bbox 1137 1144 1211 1193; x_wconf 83' lang='lat' dir='ltr'><strong>Mon.</strong></span> <span class='ocrx_word' id='word_1_87' title='bbox 1226 1146 1251 1194; x_wconf 89' lang='lat' dir='ltr'><strong>l.</strong></span> <span class='ocrx_word' id='word_1_88' title='bbox 1272 1140 1328 1192; x_wconf 81' lang='lat' dir='ltr'><strong>La·</strong></span> 
     </span>
     <span class='ocr_line' id='line_1_11' title="bbox 176 1210 1328 1280; baseline 0.003 -20"><span class='ocrx_word' id='word_1_89' title='bbox 176 1211 366 1264; x_wconf 87' lang='lat' dir='ltr'><strong>cedaemanie.</strong></span> <span class='ocrx_word' id='word_1_90' title='bbox 399 1212 471 1264; x_wconf 89' lang='lat' dir='ltr'><strong>Gud.</strong></span> <span class='ocrx_word' id='word_1_91' title='bbox 492 1215 517 1266; x_wconf 82' lang='grc'><strong>2.</strong></span> <span class='ocrx_word' id='word_1_92' title='bbox 543 1211 695 1265; x_wconf 81' lang='lat' dir='ltr'><strong>uidemus.</strong></span> <span class='ocrx_word' id='word_1_93' title='bbox 727 1212 799 1264; x_wconf 88' lang='lat' dir='ltr'><strong>Gud.</strong></span> <span class='ocrx_word' id='word_1_94' title='bbox 819 1216 843 1267; x_wconf 90' lang='lat'><strong>1.</strong></span> <span class='ocrx_word' id='word_1_95' title='bbox 875 1210 1058 1274; x_wconf 84' lang='lat' dir='ltr'><strong>conditione,</strong></span> <span class='ocrx_word' id='word_1_96' title='bbox 1091 1211 1140 1262; x_wconf 89' lang='lat' dir='ltr'><strong>sed</strong></span> <span class='ocrx_word' id='word_1_97' title='bbox 1163 1210 1271 1280; x_wconf 78' lang='lat' dir='ltr'><strong>syllaba</strong></span> <span class='ocrx_word' id='word_1_98' title='bbox 1297 1211 1328 1263; x_wconf 84' lang='lat' dir='ltr'><strong>di</strong></span> 
     </span>
     <span class='ocr_line' id='line_1_12' title="bbox 175 1280 1327 1350; baseline 0.003 -20"><span class='ocrx_word' id='word_1_99' title='bbox 175 1281 293 1348; x_wconf 87' lang='lat' dir='ltr'><strong>punctis</strong></span> <span class='ocrx_word' id='word_1_100' title='bbox 312 1289 422 1345; x_wconf 78' lang='lat' dir='ltr'><strong>notata,</strong></span> <span class='ocrx_word' id='word_1_101' title='bbox 445 1282 485 1334; x_wconf 84' lang='lat' dir='ltr'><strong>Re</strong></span> <span class='ocrx_word' id='word_1_102' title='bbox 508 1320 514 1332; x_wconf 86' lang='lat'><strong>.</strong></span> <span class='ocrx_word' id='word_1_103' title='bbox 536 1284 690 1345; x_wconf 84' lang='lat' dir='ltr'><strong>contione,</strong></span> <span class='ocrx_word' id='word_1_104' title='bbox 717 1282 789 1334; x_wconf 89' lang='lat' dir='ltr'><strong>Gud.</strong></span> <span class='ocrx_word' id='word_1_105' title='bbox 809 1283 834 1337; x_wconf 88' lang='grc'><strong>2.</strong></span> <span class='ocrx_word' id='word_1_106' title='bbox 855 1282 1008 1335; x_wconf 76' lang='lat' dir='ltr'><strong>concione.</strong></span> <span class='ocrx_word' id='word_1_107' title='bbox 1029 1307 1063 1316; x_wconf 91' lang='lat'><em>-</em></span> <span class='ocrx_word' id='word_1_108' title='bbox 1078 1328 1080 1332; x_wconf 24' lang='lat'><strong><em>⁴</em></strong></span> <span class='ocrx_word' id='word_1_109' title='bbox 1098 1281 1140 1332; x_wconf 90' lang='lat' dir='ltr'><strong>De</strong></span> <span class='ocrx_word' id='word_1_110' title='bbox 1157 1280 1204 1332; x_wconf 90' lang='lat' dir='ltr'><strong>his</strong></span> <span class='ocrx_word' id='word_1_111' title='bbox 1221 1296 1327 1350; x_wconf 90' lang='lat' dir='ltr'><strong>puero·</strong></span> 
     </span>
     <span class='ocr_line' id='line_1_13' title="bbox 175 1299 1326 1423; baseline 0.003 -24"><span class='ocrx_word' id='word_1_112' title='bbox 175 1366 242 1399; x_wconf 88' lang='lat' dir='ltr'><strong>rum</strong></span> <span class='ocrx_word' id='word_1_113' title='bbox 261 1351 463 1402; x_wconf 85' lang='lat' dir='ltr'><strong>certaminibus</strong></span> <span class='ocrx_word' id='word_1_114' title='bbox 481 1299 650 1403; x_wconf 53' lang='lat' dir='ltr'><strong>danhierius</strong></span> <span class='ocrx_word' id='word_1_115' title='bbox 676 1351 773 1403; x_wconf 90' lang='lat' dir='ltr'><strong>laudat</strong></span> <span class='ocrx_word' id='word_1_116' title='bbox 795 1352 958 1402; x_wconf 88' lang='lat' dir='ltr'><strong>Pausaniam</strong></span> <span class='ocrx_word' id='word_1_117' title='bbox 981 1351 1034 1403; x_wconf 87' lang='lat'>111.</span> <span class='ocrx_word' id='word_1_118' title='bbox 1055 1351 1095 1404; x_wconf 87' lang='grc'><strong>14.</strong></span> <span class='ocrx_word' id='word_1_119' title='bbox 1134 1348 1272 1423; x_wconf 81' lang='lat' dir='ltr'><strong>Oragium</strong></span> <span class='ocrx_word' id='word_1_120' title='bbox 1291 1350 1326 1403; x_wconf 86' lang='lat' dir='ltr'><strong>de</strong></span> 
     </span>
     <span class='ocr_line' id='line_1_14' title="bbox 134 1417 1325 1488; baseline 0 -18"><span class='ocrx_word' id='word_1_121' title='bbox 134 1440 143 1487; x_wconf 55' lang='grc' dir='ltr'><strong>χ</strong></span> <span class='ocrx_word' id='word_1_122' title='bbox 174 1418 244 1487; x_wconf 84' lang='lat' dir='ltr'><strong>Rep.</strong></span> <span class='ocrx_word' id='word_1_123' title='bbox 264 1421 364 1472; x_wconf 85' lang='lat' dir='ltr'><strong>Laced.</strong></span> <span class='ocrx_word' id='word_1_124' title='bbox 384 1422 445 1473; x_wconf 86' lang='lat' dir='ltr'><strong>Lib.</strong></span> <span class='ocrx_word' id='word_1_125' title='bbox 466 1422 517 1472; x_wconf 88' lang='lat'>111.</span> <span class='ocrx_word' id='word_1_126' title='bbox 538 1424 564 1476; x_wconf 89' lang='grc'><strong>9.</strong></span> <span class='ocrx_word' id='word_1_127' title='bbox 584 1424 610 1476; x_wconf 80' lang='grc'><strong>5.</strong></span> <span class='ocrx_word' id='word_1_128' title='bbox 635 1430 664 1472; x_wconf 87' lang='lat' dir='ltr'><strong>et</strong></span> <span class='ocrx_word' id='word_1_129' title='bbox 681 1421 767 1488; x_wconf 83' lang='lat' dir='ltr'><strong>Fabri</strong></span> <span class='ocrx_word' id='word_1_130' title='bbox 793 1419 817 1471; x_wconf 90' lang='lat' dir='ltr'><strong>A</strong></span> <span class='ocrx_word' id='word_1_131' title='bbox 839 1422 922 1472; x_wconf 89' lang='lat' dir='ltr'><strong>onist.</strong></span> <span class='ocrx_word' id='word_1_132' title='bbox 943 1421 965 1472; x_wconf 89' lang='lat' dir='ltr'><strong>l.</strong></span> <span class='ocrx_word' id='word_1_133' title='bbox 988 1423 1028 1475; x_wconf 90' lang='grc'><strong>12-</strong></span> <span class='ocrx_word' id='word_1_134' title='bbox 1066 1417 1135 1471; x_wconf 87' lang='lat' dir='ltr'><strong>Fuit</strong></span> <span class='ocrx_word' id='word_1_135' title='bbox 1158 1421 1214 1472; x_wconf 90' lang='lat' dir='ltr'><strong>hoc</strong></span> <span class='ocrx_word' id='word_1_136' title='bbox 1242 1420 1325 1471; x_wconf 84' lang='lat' dir='ltr'><strong>insti-</strong></span> 
     </span>
     <span class='ocr_line' id='line_1_15' title="bbox 124 1437 935 1563; baseline 0.002 -25"><span class='ocrx_word' id='word_1_137' title='bbox 124 1504 152 1514; x_wconf 92' lang='lat'><strong>··</strong></span> <span class='ocrx_word' id='word_1_138' title='bbox 175 1495 272 1539; x_wconf 88' lang='lat' dir='ltr'><strong>tutum</strong></span> <span class='ocrx_word' id='word_1_139' title='bbox 290 1491 428 1563; x_wconf 79' lang='lat' dir='ltr'><strong>Lycurgi.</strong></span> <span class='ocrx_word' id='word_1_140' title='bbox 452 1488 757 1543; x_wconf 88' lang='lat' dir='ltr'><strong>Add.l·lerodot.V11.</strong></span> <span class='ocrx_word' id='word_1_141' title='bbox 778 1437 838 1546; x_wconf 64' lang='grc' dir='ltr'><strong>22ξ.</strong></span> <span class='ocrx_word' id='word_1_142' title='bbox 874 1490 935 1543; x_wconf 78' lang='grc' dir='ltr'><strong>Μν.</strong></span> 
     </span>
    </p>

    <p class='ocr_par' dir='ltr' id='par_1_4' title="bbox 173 1558 1325 1895">
     <span class='ocr_line' id='line_1_16' title="bbox 245 1558 1322 1628; baseline 0.002 -20"><span class='ocrx_word' id='word_1_143' title='bbox 245 1575 339 1612; x_wconf 81' lang='lat' dir='ltr'><strong>morsu</strong></span> <span class='ocrx_word' id='word_1_144' title='bbox 358 1559 474 1628; x_wconf 76' lang='lat' dir='ltr'><strong>denique</strong></span> <span class='ocrx_word' id='word_1_145' title='bbox 491 1567 527 1613; x_wconf 91' lang='lat' dir='ltr'><strong>ut</strong></span> <span class='ocrx_word' id='word_1_146' title='bbox 546 1559 792 1624; x_wconf 67' lang='lat' dir='ltr'><strong>exanimarentan]</strong></span> <span class='ocrx_word' id='word_1_147' title='bbox 818 1558 888 1625; x_wconf 88' lang='lat' dir='ltr'><strong>„Sic</strong></span> <span class='ocrx_word' id='word_1_148' title='bbox 906 1559 1030 1611; x_wconf 84' lang='lat' dir='ltr'><strong>Victorii</strong></span> <span class='ocrx_word' id='word_1_149' title='bbox 1049 1559 1138 1611; x_wconf 89' lang='lat' dir='ltr'><strong>editio</strong></span> <span class='ocrx_word' id='word_1_150' title='bbox 1157 1577 1223 1611; x_wconf 89' lang='lat' dir='ltr'><strong>cum</strong></span> <span class='ocrx_word' id='word_1_151' title='bbox 1241 1577 1259 1611; x_wconf 91' lang='lat' dir='ltr'><strong>v</strong></span> <span class='ocrx_word' id='word_1_152' title='bbox 1315 1597 1322 1610; x_wconf 89' lang='lat'>.</span> 
     </span>
     <span class='ocr_line' id='line_1_17' title="bbox 175 1627 1325 1698; baseline 0.002 -20"><span class='ocrx_word' id='word_1_153' title='bbox 175 1627 261 1695; x_wconf 84' lang='lat' dir='ltr'><strong>plene</strong></span> <span class='ocrx_word' id='word_1_154' title='bbox 286 1630 458 1698; x_wconf 86' lang='lat' dir='ltr'><strong>conspirans.</strong></span> <span class='ocrx_word' id='word_1_155' title='bbox 502 1630 558 1683; x_wconf 90' lang='lat' dir='ltr'><strong>Sed</strong></span> <span class='ocrx_word' id='word_1_156' title='bbox 581 1630 612 1680; x_wconf 92' lang='lat' dir='ltr'><strong>in</strong></span> <span class='ocrx_word' id='word_1_157' title='bbox 638 1630 768 1682; x_wconf 88' lang='lat' dir='ltr'><strong>omnibus</strong></span> <span class='ocrx_word' id='word_1_158' title='bbox 792 1630 869 1683; x_wconf 85' lang='lat' dir='ltr'>MSS.</span> <span class='ocrx_word' id='word_1_159' title='bbox 896 1639 939 1682; x_wconf 90' lang='lat' dir='ltr'><strong>est</strong></span> <span class='ocrx_word' id='word_1_160' title='bbox 968 1628 1325 1698; x_wconf 68' lang='lat' dir='ltr'><strong>cum&#39;eranimarentur.‘</strong></span> 
     </span>
     <span class='ocr_line' id='line_1_18' title="bbox 175 1697 1324 1771; baseline 0.001 -22"><span class='ocrx_word' id='word_1_161' title='bbox 175 1697 255 1767; x_wconf 71' lang='lat' dir='ltr'><strong>Geta.</strong></span> <span class='ocrx_word' id='word_1_162' title='bbox 293 1701 359 1752; x_wconf 92' lang='lat' dir='ltr'><strong>Non</strong></span> <span class='ocrx_word' id='word_1_163' title='bbox 381 1699 487 1752; x_wconf 85' lang='lat' dir='ltr'><strong>habent</strong></span> <span class='ocrx_word' id='word_1_164' title='bbox 506 1700 592 1753; x_wconf 80' lang='lat' dir='ltr'><strong>codd.</strong></span> <span class='ocrx_word' id='word_1_165' title='bbox 619 1715 716 1751; x_wconf 90' lang='lat' dir='ltr'><strong>omnes</strong></span> <span class='ocrx_word' id='word_1_166' title='bbox 735 1714 802 1750; x_wconf 90' lang='lat' dir='ltr'><strong>cam.</strong></span> <span class='ocrx_word' id='word_1_167' title='bbox 840 1701 865 1751; x_wconf 87' lang='lat' dir='ltr'>E</span> <span class='ocrx_word' id='word_1_168' title='bbox 887 1715 903 1752; x_wconf 91' lang='grc' dir='ltr'>ο</span> <span class='ocrx_word' id='word_1_169' title='bbox 927 1699 1045 1771; x_wconf 85' lang='lat' dir='ltr'><strong>inReg.</strong></span> <span class='ocrx_word' id='word_1_170' title='bbox 1066 1699 1220 1768; x_wconf 86' lang='lat' dir='ltr'><strong>reperiat,</strong></span> <span class='ocrx_word' id='word_1_171' title='bbox 1247 1697 1324 1767; x_wconf 90' lang='lat' dir='ltr'><strong>quod</strong></span> 
     </span>
     <span class='ocr_line' id='line_1_19' title="bbox 173 1768 1323 1840; baseline 0 -22"><span class='ocrx_word' id='word_1_172' title='bbox 173 1775 305 1836; x_wconf 87' lang='lat' dir='ltr'><strong>praestat,</strong></span> <span class='ocrx_word' id='word_1_173' title='bbox 324 1769 500 1840; x_wconf 83' lang='lat' dir='ltr'><strong>poniturque</strong></span> <span class='ocrx_word' id='word_1_174' title='bbox 519 1786 572 1840; x_wconf 88' lang='lat' dir='ltr'><strong>pro</strong></span> <span class='ocrx_word' id='word_1_175' title='bbox 590 1769 632 1822; x_wconf 86' lang='lat' dir='ltr'><strong>ita</strong></span> <span class='ocrx_word' id='word_1_176' title='bbox 649 1769 709 1822; x_wconf 89' lang='lat' dir='ltr'><strong>ut.“</strong></span> <span class='ocrx_word' id='word_1_177' title='bbox 725 1768 815 1822; x_wconf 83' lang='lat' dir='ltr'><strong>Boab.</strong></span> <span class='ocrx_word' id='word_1_178' title='bbox 852 1805 871 1834; x_wconf 92' lang='lat'><strong>,‚</strong></span> <span class='ocrx_word' id='word_1_179' title='bbox 902 1769 930 1822; x_wconf 85' lang='lat' dir='ltr'><strong>S.</strong></span> <span class='ocrx_word' id='word_1_180' title='bbox 950 1769 1045 1822; x_wconf 88' lang='lat' dir='ltr'><strong>Guelf.</strong></span> <span class='ocrx_word' id='word_1_181' title='bbox 1067 1785 1135 1831; x_wconf 87' lang='lat' dir='ltr'><strong>cum,</strong></span> <span class='ocrx_word' id='word_1_182' title='bbox 1163 1776 1197 1820; x_wconf 89' lang='lat' dir='ltr'><strong>ut</strong></span> <span class='ocrx_word' id='word_1_183' title='bbox 1216 1769 1323 1820; x_wconf 86' lang='lat' dir='ltr'><strong>etalii.</strong></span> 
     </span>
     <span class='ocr_line' id='line_1_20' title="bbox 177 1835 1177 1895; baseline 0.005 -6"><span class='ocrx_word' id='word_1_184' title='bbox 177 1835 213 1890; x_wconf 79' lang='lat' dir='ltr'><strong>Ut</strong></span> <span class='ocrx_word' id='word_1_185' title='bbox 232 1837 335 1889; x_wconf 90' lang='lat' dir='ltr'><strong>melius</strong></span> <span class='ocrx_word' id='word_1_186' title='bbox 358 1839 505 1895; x_wconf 88' lang='lat' dir='ltr'><strong>videtur.“</strong></span> <span class='ocrx_word' id='word_1_187' title='bbox 531 1840 601 1892; x_wconf 77' lang='lat' dir='ltr'><strong>Era.</strong></span> <span class='ocrx_word' id='word_1_188' title='bbox 1173 1889 1177 1894; x_wconf 93' lang='lat'><em>.</em></span> 
     </span>
    </p>

    <p class='ocr_par' dir='ltr' id='par_1_5' title="bbox 172 1906 1322 2116">
     <span class='ocr_line' id='line_1_21' title="bbox 244 1906 1322 1990; baseline -0.002 -29"><span class='ocrx_word' id='word_1_189' title='bbox 244 1909 344 1961; x_wconf 84' lang='lat' dir='ltr'><strong>Morsu</strong></span> <span class='ocrx_word' id='word_1_190' title='bbox 368 1909 497 1977; x_wconf 80' lang='lat' dir='ltr'><strong>dariique3</strong></span> <span class='ocrx_word' id='word_1_191' title='bbox 529 1925 590 1961; x_wconf 87' lang='lat' dir='ltr'><strong>cum</strong></span> <span class='ocrx_word' id='word_1_192' title='bbox 614 1908 861 1973; x_wconf 75' lang='lat' dir='ltr'><strong>exanimarentur]</strong></span> <span class='ocrx_word' id='word_1_193' title='bbox 897 1910 990 1990; x_wconf 85' lang='lat' dir='ltr'><strong>Vulgo</strong></span> <span class='ocrx_word' id='word_1_194' title='bbox 1015 1923 1120 1971; x_wconf 72' lang='lat' dir='ltr'><strong>morsm</strong></span> <span class='ocrx_word' id='word_1_195' title='bbox 1155 1906 1272 1976; x_wconf 82' lang='lat' dir='ltr'><strong>denique</strong></span> <span class='ocrx_word' id='word_1_196' title='bbox 1289 1915 1322 1960; x_wconf 89' lang='lat' dir='ltr'><strong>ut</strong></span> 
     </span>
     <span class='ocr_line' id='line_1_22' title="bbox 175 1978 1321 2042; baseline -0.001 -14"><span class='ocrx_word' id='word_1_197' title='bbox 175 1979 409 2030; x_wconf 77' lang='lat' dir='ltr'><strong>exanimarentur.</strong></span> <span class='ocrx_word' id='word_1_198' title='bbox 447 1981 505 2031; x_wconf 92' lang='lat' dir='ltr'><strong>Nos</strong></span> <span class='ocrx_word' id='word_1_199' title='bbox 523 1988 617 2031; x_wconf 87' lang='lat' dir='ltr'><strong>autem</strong></span> <span class='ocrx_word' id='word_1_200' title='bbox 636 1980 778 2031; x_wconf 88' lang='lat' dir='ltr'><strong>sententia</strong></span> <span class='ocrx_word' id='word_1_201' title='bbox 796 1978 885 2042; x_wconf 86' lang='lat' dir='ltr'><strong>ducti,</strong></span> <span class='ocrx_word' id='word_1_202' title='bbox 905 1979 1120 2030; x_wconf 77' lang='lat' dir='ltr'><strong>distinctionem</strong></span> <span class='ocrx_word' id='word_1_203' title='bbox 1139 1978 1321 2041; x_wconf 88' lang='lat' dir='ltr'><strong>mutavimus,</strong></span> 
     </span>
     <span class='ocr_line' id='line_1_23' title="bbox 172 2046 1217 2116; baseline -0.002 -17"><span class='ocrx_word' id='word_1_204' title='bbox 172 2047 420 2116; x_wconf 88' lang='lat' dir='ltr'><strong>penultimamque</strong></span> <span class='ocrx_word' id='word_1_205' title='bbox 438 2064 548 2114; x_wconf 88' lang='lat' dir='ltr'><strong>vocem,</strong></span> <span class='ocrx_word' id='word_1_206' title='bbox 567 2057 600 2101; x_wconf 89' lang='lat' dir='ltr'><strong>ut</strong></span> <span class='ocrx_word' id='word_1_207' title='bbox 619 2049 767 2113; x_wconf 86' lang='lat' dir='ltr'><strong>edidimus,</strong></span> <span class='ocrx_word' id='word_1_208' title='bbox 786 2048 924 2100; x_wconf 87' lang='lat' dir='ltr'><strong>exhibent</strong></span> <span class='ocrx_word' id='word_1_209' title='bbox 942 2064 1038 2100; x_wconf 80' lang='lat' dir='ltr'><strong>ornnes</strong></span> <span class='ocrx_word' id='word_1_210' title='bbox 1056 2047 1144 2098; x_wconf 87' lang='lat' dir='ltr'><strong>Mssti.</strong></span> <span class='ocrx_word' id='word_1_211' title='bbox 1181 2046 1217 2097; x_wconf 90' lang='lat' dir='ltr'><strong>D.</strong></span> 
     </span>
    </p>
   </div>
   <div class='ocr_carea' id='block_1_4' title="bbox 172 2134 1323 2346">
    <p class='ocr_par' dir='ltr' id='par_1_6' title="bbox 172 2134 1323 2346">
     <span class='ocr_line' id='line_1_24' title="bbox 242 2134 1323 2204; baseline -0.001 -18"><span class='ocrx_word' id='word_1_212' title='bbox 242 2150 338 2186; x_wconf 86' lang='lat' dir='ltr'><strong>morsu</strong></span> <span class='ocrx_word' id='word_1_213' title='bbox 362 2135 487 2204; x_wconf 80' lang='lat' dir='ltr'><strong>denique,</strong></span> <span class='ocrx_word' id='word_1_214' title='bbox 515 2146 612 2204; x_wconf 82' lang='lat' dir='ltr'><strong>quum</strong></span> <span class='ocrx_word' id='word_1_215' title='bbox 638 2135 864 2189; x_wconf 79' lang='lat' dir='ltr'><strong>exanimarentur</strong></span> <span class='ocrx_word' id='word_1_216' title='bbox 886 2134 994 2202; x_wconf 69' lang='lat' dir='ltr'><strong>priua]</strong></span> <span class='ocrx_word' id='word_1_217' title='bbox 1030 2135 1089 2187; x_wconf 84' lang='lat' dir='ltr'><strong>Gur</strong></span> <span class='ocrx_word' id='word_1_218' title='bbox 1112 2141 1143 2186; x_wconf 89' lang='lat' dir='ltr'><strong>ut</strong></span> <span class='ocrx_word' id='word_1_219' title='bbox 1161 2135 1323 2204; x_wconf 85' lang='lat' dir='ltr'><strong>praeferret</strong></span> 
     </span>
     <span class='ocr_line' id='line_1_25' title="bbox 173 2203 1322 2277; baseline -0.001 -22"><span class='ocrx_word' id='word_1_220' title='bbox 173 2205 243 2255; x_wconf 87' lang='lat' dir='ltr'><strong>Ern.</strong></span> <span class='ocrx_word' id='word_1_221' title='bbox 264 2222 330 2256; x_wconf 81' lang='lat' dir='ltr'><strong>curn</strong></span> <span class='ocrx_word' id='word_1_222' title='bbox 348 2205 438 2258; x_wconf 82' lang='lat' dir='ltr'><strong>Geth.</strong></span> <span class='ocrx_word' id='word_1_223' title='bbox 459 2215 488 2258; x_wconf 85' lang='lat' dir='ltr'><strong>et</strong></span> <span class='ocrx_word' id='word_1_224' title='bbox 505 2206 670 2271; x_wconf 87' lang='lat' dir='ltr'><strong>Bouhierio‚</strong></span> <span class='ocrx_word' id='word_1_225' title='bbox 696 2207 773 2275; x_wconf 89' lang='lat' dir='ltr'><strong>quod</strong></span> <span class='ocrx_word' id='word_1_226' title='bbox 791 2205 941 2258; x_wconf 87' lang='lat' dir='ltr'><strong>manifesto</strong></span> <span class='ocrx_word' id='word_1_227' title='bbox 960 2205 1080 2257; x_wconf 85' lang='lat' dir='ltr'><strong>debetur</strong></span> <span class='ocrx_word' id='word_1_228' title='bbox 1103 2205 1255 2277; x_wconf 77' lang='lat' dir='ltr'><strong>glossatori</strong></span> <span class='ocrx_word' id='word_1_229' title='bbox 1273 2203 1322 2255; x_wconf 89' lang='lat' dir='ltr'><strong>vel</strong></span> 
     </span>
     <span class='ocr_line' id='line_1_26' title="bbox 172 2273 1322 2346; baseline -0.002 -20"><span class='ocrx_word' id='word_1_230' title='bbox 172 2276 339 2344; x_wconf 75' lang='lat' dir='ltr'><strong>correctori,</strong></span> <span class='ocrx_word' id='word_1_231' title='bbox 359 2276 438 2326; x_wconf 87' lang='lat' dir='ltr'><strong>nulla</strong></span> <span class='ocrx_word' id='word_1_232' title='bbox 456 2276 540 2345; x_wconf 87' lang='lat' dir='ltr'><strong>plane</strong></span> <span class='ocrx_word' id='word_1_233' title='bbox 559 2285 600 2328; x_wconf 88' lang='lat' dir='ltr'><strong>est</strong></span> <span class='ocrx_word' id='word_1_234' title='bbox 618 2276 692 2327; x_wconf 87' lang='lat' dir='ltr'><strong>iusta</strong></span> <span class='ocrx_word' id='word_1_235' title='bbox 707 2292 796 2326; x_wconf 88' lang='lat' dir='ltr'><strong>causa.</strong></span> <span class='ocrx_word' id='word_1_236' title='bbox 834 2276 897 2346; x_wconf 84' lang='lat' dir='ltr'><strong>Ego</strong></span> <span class='ocrx_word' id='word_1_237' title='bbox 924 2290 993 2326; x_wconf 90' lang='lat' dir='ltr'><strong>vero</strong></span> <span class='ocrx_word' id='word_1_238' title='bbox 1021 2291 1118 2326; x_wconf 89' lang='lat' dir='ltr'><strong>errare</strong></span> <span class='ocrx_word' id='word_1_239' title='bbox 1135 2273 1322 2325; x_wconf 90' lang='lat' dir='ltr'><strong>Bouhierium</strong></span> 
     </span>
    </p>
   </div>
   <div class='ocr_carea' id='block_1_5' title="bbox 172 2343 1416 2417">
    <p class='ocr_par' dir='ltr' id='par_1_7' title="bbox 172 2343 1416 2417">
     <span class='ocr_line' id='line_1_27' title="bbox 172 2343 1416 2417; baseline -0.002 -21"><span class='ocrx_word' id='word_1_240' title='bbox 172 2345 305 2396; x_wconf 86' lang='lat' dir='ltr'><strong>existimo</strong></span> <span class='ocrx_word' id='word_1_241' title='bbox 325 2345 468 2397; x_wconf 87' lang='lat' dir='ltr'><strong>dicentem</strong></span> <span class='ocrx_word' id='word_1_242' title='bbox 494 2352 525 2397; x_wconf 89' lang='lat' dir='ltr'><strong>at</strong></span> <span class='ocrx_word' id='word_1_243' title='bbox 550 2362 607 2398; x_wconf 84' lang='lat' dir='ltr'><strong>esse</strong></span> <span class='ocrx_word' id='word_1_244' title='bbox 631 2345 662 2395; x_wconf 89' lang='lat' dir='ltr'><strong>in</strong></span> <span class='ocrx_word' id='word_1_245' title='bbox 679 2345 784 2417; x_wconf 83' lang='lat' dir='ltr'><strong>Regio:</strong></span> <span class='ocrx_word' id='word_1_246' title='bbox 812 2360 871 2396; x_wconf 88' lang='lat' dir='ltr'><strong>non</strong></span> <span class='ocrx_word' id='word_1_247' title='bbox 896 2343 971 2412; x_wconf 89' lang='lat' dir='ltr'><strong>quod</strong></span> <span class='ocrx_word' id='word_1_248' title='bbox 994 2343 1111 2395; x_wconf 90' lang='lat' dir='ltr'><strong>collatio</strong></span> <span class='ocrx_word' id='word_1_249' title='bbox 1130 2351 1227 2395; x_wconf 87' lang='lat' dir='ltr'><strong>nostra</strong></span> <span class='ocrx_word' id='word_1_250' title='bbox 1244 2351 1322 2395; x_wconf 91' lang='lat' dir='ltr'><strong>tacet</strong></span> <span class='ocrx_word' id='word_1_251' title='bbox 1400 2383 1416 2389; x_wconf 50' lang='grc'><strong>«-</strong></span> 
     </span>
    </p>
   </div>
   <div class='ocr_carea' id='block_1_6' title="bbox 171 2411 1319 2549">
    <p class='ocr_par' dir='ltr' id='par_1_8' title="bbox 171 2411 1319 2549">
     <span class='ocr_line' id='line_1_28' title="bbox 172 2411 1319 2482; baseline -0.001 -18"><span class='ocrx_word' id='word_1_252' title='bbox 172 2411 265 2478; x_wconf 88' lang='lat' dir='ltr'><strong>(tacet</strong></span> <span class='ocrx_word' id='word_1_253' title='bbox 284 2415 362 2465; x_wconf 90' lang='lat' dir='ltr'><strong>enim</strong></span> <span class='ocrx_word' id='word_1_254' title='bbox 380 2416 456 2467; x_wconf 90' lang='lat' dir='ltr'><strong>iusto</strong></span> <span class='ocrx_word' id='word_1_255' title='bbox 475 2415 608 2482; x_wconf 86' lang='lat' dir='ltr'><strong>saepius),</strong></span> <span class='ocrx_word' id='word_1_256' title='bbox 627 2414 675 2466; x_wconf 87' lang='lat' dir='ltr'><strong>scd</strong></span> <span class='ocrx_word' id='word_1_257' title='bbox 693 2415 858 2482; x_wconf 70' lang='lat' dir='ltr'><strong>quiequam</strong></span> <span class='ocrx_word' id='word_1_258' title='bbox 877 2422 919 2465; x_wconf 88' lang='lat' dir='ltr'><strong>est</strong></span> <span class='ocrx_word' id='word_1_259' title='bbox 938 2413 969 2463; x_wconf 88' lang='lat' dir='ltr'><strong>in</strong></span> <span class='ocrx_word' id='word_1_260' title='bbox 987 2413 1060 2464; x_wconf 86' lang='lat' dir='ltr'><strong>Gud.</strong></span> <span class='ocrx_word' id='word_1_261' title='bbox 1082 2417 1107 2467; x_wconf 89' lang='lat'><strong>1.</strong></span> <span class='ocrx_word' id='word_1_262' title='bbox 1133 2413 1217 2468; x_wconf 88' lang='lat' dir='ltr'><strong>Bern.</strong></span> <span class='ocrx_word' id='word_1_263' title='bbox 1244 2412 1319 2474; x_wconf 89' lang='lat' dir='ltr'><strong>(al.</strong></span> 
     </span>
     <span class='ocr_line' id='line_1_29' title="bbox 171 2481 1319 2549; baseline 0.001 -16"><span class='ocrx_word' id='word_1_264' title='bbox 171 2501 221 2547; x_wconf 79' lang='grc' dir='ltr'><strong>ιιι,</strong></span> <span class='ocrx_word' id='word_1_265' title='bbox 241 2501 257 2534; x_wconf 93' lang='lat' dir='ltr'><strong>a</strong></span> <span class='ocrx_word' id='word_1_266' title='bbox 274 2485 300 2536; x_wconf 98' lang='grc'><strong>2.</strong></span> <span class='ocrx_word' id='word_1_267' title='bbox 322 2491 362 2534; x_wconf 92' lang='lat' dir='ltr'><strong>est</strong></span> <span class='ocrx_word' id='word_1_268' title='bbox 386 2491 454 2548; x_wconf 88' lang='lat' dir='ltr'><strong>tum,</strong></span> <span class='ocrx_word' id='word_1_269' title='bbox 486 2491 519 2535; x_wconf 88' lang='lat' dir='ltr'><strong>ut</strong></span> <span class='ocrx_word' id='word_1_270' title='bbox 546 2484 577 2534; x_wconf 89' lang='lat' dir='ltr'><strong>in</strong></span> <span class='ocrx_word' id='word_1_271' title='bbox 602 2483 709 2536; x_wconf 91' lang='lat' dir='ltr'><strong>duobus</strong></span> <span class='ocrx_word' id='word_1_272' title='bbox 735 2484 816 2549; x_wconf 82' lang='lat' dir='ltr'><strong>Oxx.)</strong></span> <span class='ocrx_word' id='word_1_273' title='bbox 840 2483 926 2535; x_wconf 85' lang='lat' dir='ltr'><strong>Marb.</strong></span> <span class='ocrx_word' id='word_1_274' title='bbox 952 2482 1024 2536; x_wconf 90' lang='lat' dir='ltr'><strong>Gud.</strong></span> <span class='ocrx_word' id='word_1_275' title='bbox 1046 2485 1070 2536; x_wconf 90' lang='grc'><strong>2.</strong></span> <span class='ocrx_word' id='word_1_276' title='bbox 1096 2485 1171 2535; x_wconf 85' lang='lat' dir='ltr'><strong>Mon.</strong></span> <span class='ocrx_word' id='word_1_277' title='bbox 1192 2487 1216 2536; x_wconf 89' lang='lat'><strong>1.</strong></span> <span class='ocrx_word' id='word_1_278' title='bbox 1244 2481 1319 2535; x_wconf 87' lang='lat' dir='ltr'><strong>Gud.</strong></span> 
     </span>
    </p>
   </div>
   <div class='ocr_carea' id='block_1_7' title="bbox 130 2551 1417 2621">
    <p class='ocr_par' dir='ltr' id='par_1_9' title="bbox 130 2551 1417 2621">
     <span class='ocr_line' id='line_1_30' title="bbox 130 2551 1417 2621; baseline 0.002 -19"><span class='ocrx_word' id='word_1_279' title='bbox 130 2600 132 2602; x_wconf 83' lang='lat'>.</span> <span class='ocrx_word' id='word_1_280' title='bbox 170 2552 267 2604; x_wconf 90' lang='lat' dir='ltr'><strong>Duisb.</strong></span> <span class='ocrx_word' id='word_1_281' title='bbox 293 2553 383 2604; x_wconf 90' lang='lat' dir='ltr'><strong>tribus</strong></span> <span class='ocrx_word' id='word_1_282' title='bbox 402 2555 471 2608; x_wconf 85' lang='lat' dir='ltr'><strong>Oxx.</strong></span> <span class='ocrx_word' id='word_1_283' title='bbox 498 2562 527 2605; x_wconf 91' lang='lat' dir='ltr'><strong>et</strong></span> <span class='ocrx_word' id='word_1_284' title='bbox 547 2561 603 2607; x_wconf 90' lang='lat' dir='ltr'><strong>vet.</strong></span> <span class='ocrx_word' id='word_1_285' title='bbox 624 2552 690 2607; x_wconf 81' lang='lat' dir='ltr'><strong>Cod.</strong></span> <span class='ocrx_word' id='word_1_286' title='bbox 716 2551 838 2606; x_wconf 89' lang='lat' dir='ltr'><strong>Schotti.</strong></span> <span class='ocrx_word' id='word_1_287' title='bbox 858 2554 915 2605; x_wconf 77' lang='lat' dir='ltr'><strong>-Et</strong></span> <span class='ocrx_word' id='word_1_288' title='bbox 941 2552 1014 2605; x_wconf 89' lang='lat' dir='ltr'><strong>dicit</strong></span> <span class='ocrx_word' id='word_1_289' title='bbox 1037 2569 1095 2605; x_wconf 88' lang='lat' dir='ltr'><strong>esse</strong></span> <span class='ocrx_word' id='word_1_290' title='bbox 1114 2568 1198 2621; x_wconf 80' lang='lat' dir='ltr'><strong>quum</strong></span> <span class='ocrx_word' id='word_1_291' title='bbox 1215 2553 1246 2604; x_wconf 90' lang='lat' dir='ltr'><strong>in</strong></span> <span class='ocrx_word' id='word_1_292' title='bbox 1264 2553 1321 2605; x_wconf 90' lang='lat' dir='ltr'><strong>suis</strong></span> <span class='ocrx_word' id='word_1_293' title='bbox 1416 2608 1417 2612; x_wconf 56' lang='grc'>,</span> 
     </span>
    </p>
   </div>
   <div class='ocr_carea' id='block_1_8' title="bbox 117 2619 1321 3044">
    <p class='ocr_par' dir='ltr' id='par_1_10' title="bbox 117 2619 1321 3044">
     <span class='ocr_line' id='line_1_31' title="bbox 170 2619 1318 2696; baseline 0 -21"><span class='ocrx_word' id='word_1_294' title='bbox 170 2623 311 2687; x_wconf 86' lang='lat' dir='ltr'><strong>Davisius,</strong></span> <span class='ocrx_word' id='word_1_295' title='bbox 331 2623 362 2673; x_wconf 87' lang='lat' dir='ltr'><strong>in</strong></span> <span class='ocrx_word' id='word_1_296' title='bbox 381 2624 559 2691; x_wconf 82' lang='lat' dir='ltr'><strong>quibus-fuit</strong></span> <span class='ocrx_word' id='word_1_297' title='bbox 584 2619 671 2676; x_wconf 85' lang='lat' dir='ltr'><strong>etiam</strong></span> <span class='ocrx_word' id='word_1_298' title='bbox 688 2624 757 2696; x_wconf 83' lang='lat' dir='ltr'><strong>Reg.</strong></span> <span class='ocrx_word' id='word_1_299' title='bbox 777 2625 832 2675; x_wconf 86' lang='lat' dir='ltr'><strong>-Et</strong></span> <span class='ocrx_word' id='word_1_300' title='bbox 857 2631 1005 2692; x_wconf 89' lang='lat' dir='ltr'><strong>receptum</strong></span> <span class='ocrx_word' id='word_1_301' title='bbox 1033 2631 1075 2673; x_wconf 87' lang='lat' dir='ltr'><strong>est</strong></span> <span class='ocrx_word' id='word_1_302' title='bbox 1101 2637 1182 2691; x_wconf 83' lang='lat' dir='ltr'><strong>quum</strong></span> <span class='ocrx_word' id='word_1_303' title='bbox 1206 2640 1222 2673; x_wconf 91' lang='lat' dir='ltr'><strong>a</strong></span> <span class='ocrx_word' id='word_1_304' title='bbox 1244 2623 1318 2675; x_wconf 77' lang='lat' dir='ltr'><strong>tall.</strong></span> 
     </span>
     <span class='ocr_line' id='line_1_32' title="bbox 169 2691 1321 2764; baseline -0.001 -18"><span class='ocrx_word' id='word_1_305' title='bbox 169 2693 264 2750; x_wconf 82' lang='lat' dir='ltr'><strong>Wolf.</strong></span> <span class='ocrx_word' id='word_1_306' title='bbox 285 2692 368 2745; x_wconf 89' lang='lat' dir='ltr'><strong>Schz.</strong></span> <span class='ocrx_word' id='word_1_307' title='bbox 384 2697 430 2748; x_wconf 85' lang='lat' dir='ltr'><strong>Or.</strong></span> <span class='ocrx_word' id='word_1_308' title='bbox 459 2696 513 2746; x_wconf 90' lang='lat' dir='ltr'><strong>Pro</strong></span> <span class='ocrx_word' id='word_1_309' title='bbox 528 2692 625 2761; x_wconf 80' lang='lat' dir='ltr'><strong>prius,</strong></span> <span class='ocrx_word' id='word_1_310' title='bbox 639 2708 717 2761; x_wconf 83' lang='lat' dir='ltr'><strong>qaam</strong></span> <span class='ocrx_word' id='word_1_311' title='bbox 736 2693 818 2756; x_wconf 65' lang='lat' dir='ltr'><strong>(Dan</strong></span> <span class='ocrx_word' id='word_1_312' title='bbox 831 2692 1005 2761; x_wconf 82' lang='lat' dir='ltr'><strong>priusquam)</strong></span> <span class='ocrx_word' id='word_1_313' title='bbox 1024 2691 1136 2764; x_wconf 87' lang='lat' dir='ltr'><strong>legitur</strong></span> <span class='ocrx_word' id='word_1_314' title='bbox 1150 2698 1321 2763; x_wconf 75' lang='lat' dir='ltr'><strong>postquam</strong></span> 
     </span>
     <span class='ocr_line' id='line_1_33' title="bbox 171 2761 1319 2831; baseline 0.001 -18"><span class='ocrx_word' id='word_1_315' title='bbox 171 2763 202 2814; x_wconf 89' lang='lat' dir='ltr'><strong>in</strong></span> <span class='ocrx_word' id='word_1_316' title='bbox 220 2765 294 2814; x_wconf 86' lang='lat' dir='ltr'><strong>Mon.</strong></span> <span class='ocrx_word' id='word_1_317' title='bbox 316 2767 340 2816; x_wconf 89' lang='lat'><strong>1.</strong></span> <span class='ocrx_word' id='word_1_318' title='bbox 361 2772 393 2831; x_wconf 86' lang='lat' dir='ltr'><strong>et</strong></span> <span class='ocrx_word' id='word_1_319' title='bbox 409 2765 459 2816; x_wconf 85' lang='lat' dir='ltr'><strong>Ox.</strong></span> <span class='ocrx_word' id='word_1_320' title='bbox 478 2764 511 2815; x_wconf 90' lang='lat' dir='ltr'><strong>D.</strong></span> <span class='ocrx_word' id='word_1_321' title='bbox 549 2763 634 2816; x_wconf 88' lang='lat' dir='ltr'><strong>Nihil</strong></span> <span class='ocrx_word' id='word_1_322' title='bbox 652 2779 769 2815; x_wconf 88' lang='lat' dir='ltr'><strong>monens</strong></span> <span class='ocrx_word' id='word_1_323' title='bbox 787 2762 867 2814; x_wconf 87' lang='lat' dir='ltr'><strong>dedit</strong></span> <span class='ocrx_word' id='word_1_324' title='bbox 885 2763 931 2814; x_wconf 83' lang='lat' dir='ltr'><strong>Or.</strong></span> <span class='ocrx_word' id='word_1_325' title='bbox 961 2778 1027 2813; x_wconf 91' lang='lat' dir='ltr'><strong>cum</strong></span> <span class='ocrx_word' id='word_1_326' title='bbox 1045 2761 1168 2829; x_wconf 81' lang='lat' dir='ltr'><strong>reliquis</strong></span> <span class='ocrx_word' id='word_1_327' title='bbox 1190 2762 1319 2815; x_wconf 74' lang='lat' dir='ltr'><strong>clunibus</strong></span> 
     </span>
     <span class='ocr_line' id='line_1_34' title="bbox 117 2829 1320 2906; baseline 0 -23"><span class='ocrx_word' id='word_1_328' title='bbox 117 2894 119 2898; x_wconf 16' lang='lat' dir='ltr'>v</span> <span class='ocrx_word' id='word_1_329' title='bbox 169 2848 198 2884; x_wconf 88' lang='lat' dir='ltr'><strong>se</strong></span> <span class='ocrx_word' id='word_1_330' title='bbox 215 2833 310 2885; x_wconf 82' lang='lat' dir='ltr'><strong>victas.</strong></span> <span class='ocrx_word' id='word_1_331' title='bbox 348 2835 411 2906; x_wconf 85' lang='lat' dir='ltr'><strong>Ego</strong></span> <span class='ocrx_word' id='word_1_332' title='bbox 429 2851 498 2886; x_wconf 90' lang='lat' dir='ltr'><strong>vero</strong></span> <span class='ocrx_word' id='word_1_333' title='bbox 516 2830 622 2902; x_wconf 85' lang='lat' dir='ltr'><strong>scripsi</strong></span> <span class='ocrx_word' id='word_1_334' title='bbox 637 2849 705 2900; x_wconf 87' lang='lat' dir='ltr'><strong>cum</strong></span> <span class='ocrx_word' id='word_1_335' title='bbox 721 2832 789 2884; x_wconf 85' lang='lat' dir='ltr'><strong>Dav.</strong></span> <span class='ocrx_word' id='word_1_336' title='bbox 817 2832 879 2900; x_wconf 90' lang='lat' dir='ltr'><strong>(qui</strong></span> <span class='ocrx_word' id='word_1_337' title='bbox 902 2831 933 2882; x_wconf 89' lang='lat' dir='ltr'><strong>in</strong></span> <span class='ocrx_word' id='word_1_338' title='bbox 952 2847 985 2883; x_wconf 91' lang='lat' dir='ltr'><strong>eo</strong></span> <span class='ocrx_word' id='word_1_339' title='bbox 1011 2832 1071 2883; x_wconf 88' lang='lat' dir='ltr'><strong>sine</strong></span> <span class='ocrx_word' id='word_1_340' title='bbox 1090 2829 1174 2882; x_wconf 88' lang='lat' dir='ltr'><strong>dubio</strong></span> <span class='ocrx_word' id='word_1_341' title='bbox 1196 2833 1320 2884; x_wconf 86' lang='lat' dir='ltr'><strong>auctori·</strong></span> 
     </span>
     <span class='ocr_line' id='line_1_35' title="bbox 169 2899 1318 2966; baseline 0.003 -15"><span class='ocrx_word' id='word_1_342' title='bbox 169 2908 259 2954; x_wconf 86' lang='lat' dir='ltr'><strong>tatem</strong></span> <span class='ocrx_word' id='word_1_343' title='bbox 277 2902 389 2955; x_wconf 84' lang='lat' dir='ltr'><strong>Codicis</strong></span> <span class='ocrx_word' id='word_1_344' title='bbox 400 2902 447 2956; x_wconf 76' lang='lat' dir='ltr'><strong>&#39;Re</strong></span> <span class='ocrx_word' id='word_1_345' title='bbox 470 2944 476 2957; x_wconf 93' lang='lat'>.</span> <span class='ocrx_word' id='word_1_346' title='bbox 500 2904 588 2954; x_wconf 88' lang='lat' dir='ltr'><strong>tacite</strong></span> <span class='ocrx_word' id='word_1_347' title='bbox 613 2910 726 2954; x_wconf 89' lang='lat' dir='ltr'><strong>secutus</strong></span> <span class='ocrx_word' id='word_1_348' title='bbox 752 2903 812 2966; x_wconf 87' lang='lat' dir='ltr'><strong>est)</strong></span> <span class='ocrx_word' id='word_1_349' title='bbox 835 2899 923 2954; x_wconf 85' lang='lat' dir='ltr'><strong>victas</strong></span> <span class='ocrx_word' id='word_1_350' title='bbox 941 2917 970 2954; x_wconf 86' lang='lat' dir='ltr'><strong>se</strong></span> <span class='ocrx_word' id='word_1_351' title='bbox 994 2917 1030 2952; x_wconf 87' lang='lat' dir='ltr'><strong>ex</strong></span> <span class='ocrx_word' id='word_1_352' title='bbox 1048 2899 1134 2954; x_wconf 69' lang='lat' dir='ltr'><strong>Codd,</strong></span> <span class='ocrx_word' id='word_1_353' title='bbox 1153 2900 1225 2953; x_wconf 84' lang='lat' dir='ltr'><strong>Gud.</strong></span> <span class='ocrx_word' id='word_1_354' title='bbox 1247 2905 1272 2957; x_wconf 88' lang='lat'><strong>1.</strong></span> <span class='ocrx_word' id='word_1_355' title='bbox 1291 2903 1318 2957; x_wconf 91' lang='grc'><strong>2.</strong></span> 
     </span>
     <span class='ocr_line' id='line_1_36' title="bbox 168 2921 575 3044; baseline 0 -20"><span class='ocrx_word' id='word_1_356' title='bbox 168 2971 257 3024; x_wconf 87' lang='lat' dir='ltr'><strong>Rehd.</strong></span> <span class='ocrx_word' id='word_1_357' title='bbox 277 2972 374 3024; x_wconf 88' lang='lat' dir='ltr'><strong>Duisb.</strong></span> <span class='ocrx_word' id='word_1_358' title='bbox 393 2921 479 3044; x_wconf 65' lang='lat' dir='ltr'><strong>Marb.</strong></span> <span class='ocrx_word' id='word_1_359' title='bbox 516 2973 575 3025; x_wconf 86' lang='lat' dir='ltr'><strong>Mr.</strong></span> 
     </span>
    </p>
   </div>
   <div class='ocr_carea' id='block_1_9' title="bbox 132 3056 1408 3972">
    <p class='ocr_par' dir='ltr' id='par_1_11' title="bbox 132 3056 1324 3813">
     <span class='ocr_line' id='line_1_37' title="bbox 240 3056 1319 3132; baseline -0.004 -17"><span class='ocrx_word' id='word_1_360' title='bbox 240 3061 315 3115; x_wconf 82' lang='lat' dir='ltr'><strong>Quae</strong></span> <span class='ocrx_word' id='word_1_361' title='bbox 333 3059 468 3113; x_wconf 82' lang='lat' dir='ltr'><strong>barbaria</strong></span> <span class='ocrx_word' id='word_1_362' title='bbox 485 3057 572 3113; x_wconf 81' lang='lat' dir='ltr'><strong>Indid</strong></span> <span class='ocrx_word' id='word_1_363' title='bbox 590 3059 697 3115; x_wconf 85' lang='lat' dir='ltr'><strong>castior</strong></span> <span class='ocrx_word' id='word_1_364' title='bbox 714 3067 763 3113; x_wconf 79' lang='lat' dir='ltr'><strong>atet</strong></span> <span class='ocrx_word' id='word_1_365' title='bbox 780 3056 958 3127; x_wconf 69' lang='lat' dir='ltr'><strong>agrestiori]</strong></span> <span class='ocrx_word' id='word_1_366' title='bbox 985 3056 1144 3132; x_wconf 85' lang='lat' dir='ltr'><strong>Regionem</strong></span> <span class='ocrx_word' id='word_1_367' title='bbox 1161 3075 1177 3109; x_wconf 92' lang='lat' dir='ltr'><strong>a</strong></span> <span class='ocrx_word' id='word_1_368' title='bbox 1195 3057 1319 3111; x_wconf 83' lang='lat' dir='ltr'><strong>barbaris</strong></span> 
     </span>
     <span class='ocr_line' id='line_1_38' title="bbox 170 3127 1319 3203; baseline 0.002 -23"><span class='ocrx_word' id='word_1_369' title='bbox 170 3129 283 3188; x_wconf 66' lang='lat' dir='ltr'><strong>cultam¹</strong></span> <span class='ocrx_word' id='word_1_370' title='bbox 296 3131 459 3198; x_wconf 87' lang='lat' dir='ltr'><strong>saepissime</strong></span> <span class='ocrx_word' id='word_1_371' title='bbox 477 3146 547 3182; x_wconf 89' lang='lat' dir='ltr'><strong>voce</strong></span> <span class='ocrx_word' id='word_1_372' title='bbox 565 3129 715 3182; x_wconf 82' lang='lat' dir='ltr'><strong>barbariae</strong></span> <span class='ocrx_word' id='word_1_373' title='bbox 733 3130 877 3203; x_wconf 84' lang='lat' dir='ltr'><strong>significat</strong></span> <span class='ocrx_word' id='word_1_374' title='bbox 896 3127 1009 3181; x_wconf 87' lang='lat' dir='ltr'><strong>Cicero&#39;:</strong></span> <span class='ocrx_word' id='word_1_375' title='bbox 1037 3137 1079 3181; x_wconf 87' lang='lat' dir='ltr'><strong>est</strong></span> <span class='ocrx_word' id='word_1_376' title='bbox 1102 3136 1199 3181; x_wconf 87' lang='lat' dir='ltr'><strong>tamen</strong></span> <span class='ocrx_word' id='word_1_377' title='bbox 1216 3127 1319 3182; x_wconf 87' lang='lat' dir='ltr'><strong>ubide</strong></span> 
     </span>
     <span class='ocr_line' id='line_1_39' title="bbox 168 3197 1318 3268; baseline 0.002 -19"><span class='ocrx_word' id='word_1_378' title='bbox 168 3201 306 3251; x_wconf 89' lang='lat' dir='ltr'><strong>sermonis</strong></span> <span class='ocrx_word' id='word_1_379' title='bbox 323 3201 397 3252; x_wconf 85' lang='lat' dir='ltr'><strong>vitio</strong></span> <span class='ocrx_word' id='word_1_380' title='bbox 415 3207 547 3268; x_wconf 83' lang='lat' dir='ltr'><strong>ponatur,</strong></span> <span class='ocrx_word' id='word_1_381' title='bbox 566 3200 660 3255; x_wconf 88' lang='lat' dir='ltr'><strong>veluti</strong></span> <span class='ocrx_word' id='word_1_382' title='bbox 679 3201 759 3250; x_wconf 85' lang='lat' dir='ltr'><strong>Brut.</strong></span> <span class='ocrx_word' id='word_1_383' title='bbox 780 3202 830 3264; x_wconf 73' lang='lat'><strong>743</strong></span> <span class='ocrx_word' id='word_1_384' title='bbox 855 3200 983 3267; x_wconf 83' lang='lat' dir='ltr'><strong>itemque</strong></span> <span class='ocrx_word' id='word_1_385' title='bbox 1001 3197 1036 3250; x_wconf 85' lang='lat' dir='ltr'><strong>de</strong></span> <span class='ocrx_word' id='word_1_386' title='bbox 1053 3214 1168 3253; x_wconf 75' lang='lat' dir='ltr'><strong>snorum</strong></span> <span class='ocrx_word' id='word_1_387' title='bbox 1186 3198 1318 3264; x_wconf 67' lang='lat' dir='ltr'><strong>feritate,</strong></span> 
     </span>
     <span class='ocr_line' id='line_1_40' title="bbox 167 3267 1317 3339; baseline 0.002 -21"><span class='ocrx_word' id='word_1_388' title='bbox 167 3269 209 3320; x_wconf 89' lang='lat' dir='ltr'><strong>sic</strong></span> <span class='ocrx_word' id='word_1_389' title='bbox 227 3269 272 3322; x_wconf 89' lang='lat' dir='ltr'><strong>Or.</strong></span> <span class='ocrx_word' id='word_1_390' title='bbox 292 3286 345 3339; x_wconf 87' lang='lat' dir='ltr'><strong>pro</strong></span> <span class='ocrx_word' id='word_1_391' title='bbox 363 3270 440 3321; x_wconf 84' lang='lat' dir='ltr'><strong>Balb·</strong></span> <span class='ocrx_word' id='word_1_392' title='bbox 461 3273 512 3325; x_wconf 74' lang='grc'><strong>19.</strong></span> <span class='ocrx_word' id='word_1_393' title='bbox 524 3296 557 3307; x_wconf 89' lang='grc'><strong>-</strong></span> <span class='ocrx_word' id='word_1_394' title='bbox 593 3268 740 3322; x_wconf 81' lang='lat' dir='ltr'><strong>Scribitur</strong></span> <span class='ocrx_word' id='word_1_395' title='bbox 756 3268 907 3322; x_wconf 82' lang='lat' dir='ltr'><strong>barbarica</strong></span> <span class='ocrx_word' id='word_1_396' title='bbox 925 3270 956 3319; x_wconf 92' lang='lat' dir='ltr'><strong>in</strong></span> <span class='ocrx_word' id='word_1_397' title='bbox 975 3268 1042 3320; x_wconf 84' lang='lat' dir='ltr'><strong>God.</strong></span> <span class='ocrx_word' id='word_1_398' title='bbox 1062 3269 1137 3320; x_wconf 83' lang='lat' dir='ltr'><strong>Mon.</strong></span> <span class='ocrx_word' id='word_1_399' title='bbox 1157 3271 1193 3322; x_wconf 80' lang='grc'><strong>1.,</strong></span> <span class='ocrx_word' id='word_1_400' title='bbox 1214 3267 1263 3319; x_wconf 86' lang='lat' dir='ltr'><strong>Ox.</strong></span> <span class='ocrx_word' id='word_1_401' title='bbox 1283 3267 1317 3320; x_wconf 87' lang='lat' dir='ltr'><strong>D.</strong></span> 
     </span>
     <span class='ocr_line' id='line_1_41' title="bbox 132 3335 1316 3406; baseline -0.001 -16"><span class='ocrx_word' id='word_1_402' title='bbox 132 3383 138 3397; x_wconf 81' lang='grc'><em>,</em></span> <span class='ocrx_word' id='word_1_403' title='bbox 160 3337 267 3403; x_wconf 83' lang='lat' dir='ltr'><strong>&#39;Rehd.,</strong></span> <span class='ocrx_word' id='word_1_404' title='bbox 295 3340 326 3390; x_wconf 90' lang='lat' dir='ltr'><strong>in</strong></span> <span class='ocrx_word' id='word_1_405' title='bbox 352 3356 409 3395; x_wconf 88' lang='lat' dir='ltr'><strong>uno</strong></span> <span class='ocrx_word' id='word_1_406' title='bbox 429 3341 479 3392; x_wconf 82' lang='lat' dir='ltr'><strong>Ox.</strong></span> <span class='ocrx_word' id='word_1_407' title='bbox 508 3340 640 3405; x_wconf 84' lang='lat' dir='ltr'><strong>barbara,</strong></span> <span class='ocrx_word' id='word_1_408' title='bbox 669 3340 700 3390; x_wconf 90' lang='lat' dir='ltr'><strong>in</strong></span> <span class='ocrx_word' id='word_1_409' title='bbox 727 3339 784 3390; x_wconf 86' lang='lat' dir='ltr'><strong>alio</strong></span> <span class='ocrx_word' id='word_1_410' title='bbox 808 3347 851 3392; x_wconf 91' lang='lat' dir='ltr'><strong>est</strong></span> <span class='ocrx_word' id='word_1_411' title='bbox 876 3337 1020 3392; x_wconf 84' lang='lat' dir='ltr'><strong>vastacicr</strong></span> <span class='ocrx_word' id='word_1_412' title='bbox 1037 3337 1102 3400; x_wconf 84' lang='lat' dir='ltr'><strong>(sic)</strong></span> <span class='ocrx_word' id='word_1_413' title='bbox 1125 3335 1316 3406; x_wconf 80' lang='lat' dir='ltr'><strong>provectior.</strong></span> 
     </span>
     <span class='ocr_line' id='line_1_42' title="bbox 168 3405 1316 3479; baseline 0 -20"><span class='ocrx_word' id='word_1_414' title='bbox 168 3409 248 3459; x_wconf 89' lang='lat' dir='ltr'><strong>Unus</strong></span> <span class='ocrx_word' id='word_1_415' title='bbox 265 3409 351 3461; x_wconf 86' lang='lat' dir='ltr'><strong>habet</strong></span> <span class='ocrx_word' id='word_1_416' title='bbox 368 3416 394 3461; x_wconf 89' lang='lat' dir='ltr'><strong>et</strong></span> <span class='ocrx_word' id='word_1_417' title='bbox 410 3426 463 3479; x_wconf 90' lang='lat' dir='ltr'><strong>pro</strong></span> <span class='ocrx_word' id='word_1_418' title='bbox 482 3417 539 3464; x_wconf 88' lang='lat' dir='ltr'><strong>aut.</strong></span> <span class='ocrx_word' id='word_1_419' title='bbox 575 3410 617 3462; x_wconf 86' lang='lat' dir='ltr'><strong>De</strong></span> <span class='ocrx_word' id='word_1_420' title='bbox 635 3408 777 3461; x_wconf 88' lang='lat' dir='ltr'><strong>sententia</strong></span> <span class='ocrx_word' id='word_1_421' title='bbox 794 3409 872 3462; x_wconf 88' lang='lat' dir='ltr'><strong>vocis</strong></span> <span class='ocrx_word' id='word_1_422' title='bbox 890 3407 1014 3474; x_wconf 79' lang='lat' dir='ltr'><strong>agrestis</strong></span> <span class='ocrx_word' id='word_1_423' title='bbox 1028 3406 1089 3462; x_wconf 87' lang='lat' dir='ltr'><strong>vid.</strong></span> <span class='ocrx_word' id='word_1_424' title='bbox 1101 3407 1177 3460; x_wconf 81' lang='lat' dir='ltr'><strong>Cart.</strong></span> <span class='ocrx_word' id='word_1_425' title='bbox 1198 3405 1316 3476; x_wconf 79' lang='lat' dir='ltr'><strong>adsall.</strong></span> 
     </span>
     <span class='ocr_line' id='line_1_43' title="bbox 167 3476 1319 3549; baseline -0.001 -17"><span class='ocrx_word' id='word_1_426' title='bbox 167 3477 216 3528; x_wconf 82' lang='lat' dir='ltr'><strong>Vl.</strong></span> <span class='ocrx_word' id='word_1_427' title='bbox 237 3483 260 3532; x_wconf 91' lang='grc'><strong>1.</strong></span> <span class='ocrx_word' id='word_1_428' title='bbox 285 3498 313 3549; x_wconf 89' lang='lat' dir='ltr'><strong>p.</strong></span> <span class='ocrx_word' id='word_1_429' title='bbox 334 3482 377 3533; x_wconf 82' lang='grc'><strong>40.</strong></span> <span class='ocrx_word' id='word_1_430' title='bbox 398 3506 431 3517; x_wconf 89' lang='grc'><strong>-</strong></span> <span class='ocrx_word' id='word_1_431' title='bbox 468 3479 511 3531; x_wconf 90' lang='lat' dir='ltr'><strong>Ad</strong></span> <span class='ocrx_word' id='word_1_432' title='bbox 535 3480 712 3533; x_wconf 87' lang='lat' dir='ltr'><strong>locutionem</strong></span> <span class='ocrx_word' id='word_1_433' title='bbox 734 3477 767 3531; x_wconf 84' lang='lat' dir='ltr'><strong>in</strong></span> <span class='ocrx_word' id='word_1_434' title='bbox 791 3496 825 3532; x_wconf 89' lang='lat' dir='ltr'><strong>ea</strong></span> <span class='ocrx_word' id='word_1_435' title='bbox 847 3484 984 3543; x_wconf 79' lang='lat' dir='ltr'><strong>-gente</strong></span> <span class='ocrx_word' id='word_1_436' title='bbox 1010 3478 1085 3528; x_wconf 86' lang='lat' dir='ltr'><strong>conf.</strong></span> <span class='ocrx_word' id='word_1_437' title='bbox 1101 3476 1319 3549; x_wconf 23' lang='lat' dir='ltr'><strong>,Stuerenburg</strong></span> 
     </span>
     <span class='ocr_line' id='line_1_44' title="bbox 168 3545 1324 3618; baseline 0.002 -20"><span class='ocrx_word' id='word_1_438' title='bbox 168 3547 203 3598; x_wconf 88' lang='lat' dir='ltr'><strong>ad</strong></span> <span class='ocrx_word' id='word_1_439' title='bbox 221 3547 280 3599; x_wconf 81' lang='lat' dir='ltr'><strong>Cic.</strong></span> <span class='ocrx_word' id='word_1_440' title='bbox 307 3565 360 3617; x_wconf 86' lang='lat' dir='ltr'><strong>pro</strong></span> <span class='ocrx_word' id='word_1_441' title='bbox 378 3549 530 3614; x_wconf 64' lang='lat' dir='ltr'><strong>Arcu-1⁰,</strong></span> <span class='ocrx_word' id='word_1_442' title='bbox 549 3552 593 3605; x_wconf 86' lang='grc'><strong>23.</strong></span> <span class='ocrx_word' id='word_1_443' title='bbox 606 3578 609 3583; x_wconf 87' lang='grc'><em>·</em></span> <span class='ocrx_word' id='word_1_444' title='bbox 621 3567 649 3618; x_wconf 87' lang='lat' dir='ltr'><strong>p.</strong></span> <span class='ocrx_word' id='word_1_445' title='bbox 671 3552 731 3612; x_wconf 89' lang='grc'><strong>131,</strong></span> <span class='ocrx_word' id='word_1_446' title='bbox 749 3550 808 3604; x_wconf 74' lang='grc' dir='ltr'><strong>ιι1ιὶ</strong></span> <span class='ocrx_word' id='word_1_447' title='bbox 854 3550 922 3600; x_wconf 82' lang='lat' dir='ltr'><strong>lura</strong></span> <span class='ocrx_word' id='word_1_448' title='bbox 942 3546 1027 3604; x_wconf 84' lang='lat' dir='ltr'><strong>habes</strong></span> <span class='ocrx_word' id='word_1_449' title='bbox 1045 3563 1080 3598; x_wconf 81' lang='lat' dir='ltr'><strong>ex</strong></span> <span class='ocrx_word' id='word_1_450' title='bbox 1098 3546 1159 3615; x_wconf 89' lang='lat' dir='ltr'><strong>ipso</strong></span> <span class='ocrx_word' id='word_1_451' title='bbox 1179 3545 1324 3600; x_wconf 79' lang='lat' dir='ltr'><strong>Cicerone</strong></span> 
     </span>
     <span class='ocr_line' id='line_1_45' title="bbox 168 3566 1319 3694; baseline 0.002 -24"><span class='ocrx_word' id='word_1_452' title='bbox 168 3617 229 3670; x_wconf 88' lang='lat' dir='ltr'><strong>eius</strong></span> <span class='ocrx_word' id='word_1_453' title='bbox 248 3619 387 3694; x_wconf 77' lang='lat' dir='ltr'><strong>exetnpla,</strong></span> <span class='ocrx_word' id='word_1_454' title='bbox 407 3620 439 3670; x_wconf 90' lang='lat' dir='ltr'><strong>in</strong></span> <span class='ocrx_word' id='word_1_455' title='bbox 457 3619 502 3679; x_wconf 81' lang='lat' dir='ltr'><strong>his</strong></span> <span class='ocrx_word' id='word_1_456' title='bbox 522 3620 556 3673; x_wconf 91' lang='lat' dir='ltr'><strong>de</strong></span> <span class='ocrx_word' id='word_1_457' title='bbox 574 3620 638 3675; x_wconf 86' lang='lat' dir='ltr'><strong>Div.</strong></span> <span class='ocrx_word' id='word_1_458' title='bbox 659 3620 682 3682; x_wconf 88' lang='lat' dir='ltr'><strong>l,</strong></span> <span class='ocrx_word' id='word_1_459' title='bbox 701 3622 745 3680; x_wconf 86' lang='grc'><strong>41,</strong></span> <span class='ocrx_word' id='word_1_460' title='bbox 765 3622 809 3674; x_wconf 82' lang='lat'><strong>9⁰.</strong></span> <span class='ocrx_word' id='word_1_461' title='bbox 828 3566 862 3670; x_wconf 75' lang='lat' dir='ltr'><strong>de</strong></span> <span class='ocrx_word' id='word_1_462' title='bbox 880 3619 949 3686; x_wconf 85' lang='lat' dir='ltr'><strong>Rep.</strong></span> <span class='ocrx_word' id='word_1_463' title='bbox 970 3617 1024 3669; x_wconf 90' lang='lat'>111.</span> <span class='ocrx_word' id='word_1_464' title='bbox 1044 3619 1069 3671; x_wconf 88' lang='grc'><strong>9.</strong></span> <span class='ocrx_word' id='word_1_465' title='bbox 1089 3619 1132 3687; x_wconf 77' lang='grc'><strong>14.</strong></span> <span class='ocrx_word' id='word_1_466' title='bbox 1170 3618 1234 3669; x_wconf 89' lang='lat' dir='ltr'><strong>Post</strong></span> <span class='ocrx_word' id='word_1_467' title='bbox 1252 3620 1319 3686; x_wconf 81' lang='lat' dir='ltr'><strong>pri·</strong></span> 
     </span>
     <span class='ocr_line' id='line_1_46' title="bbox 1188 3690 1214 3741; baseline -0.003 67.446"><span class='ocrx_word' id='word_1_468' title='bbox 1188 3690 1214 3741; x_wconf 71' lang='lat'><strong>2·</strong></span> 
     </span>
    </p>

    <p class='ocr_par' dir='ltr' id='par_1_12' title="bbox 167 3773 1408 3972">
     <span class='ocr_line' id='line_1_47' title="bbox 187 3773 1316 3814; baseline -0.001 -5"><span class='ocrx_word' id='word_1_469' title='bbox 187 3773 427 3809; x_wconf 85' lang='lat' dir='ltr'><strong>.u.1s.·</strong></span> <span class='ocrx_word' id='word_1_470' title='bbox 703 3775 1316 3814; x_wconf 83' lang='grc' dir='ltr'><strong>,....ιιιι</strong></span> 
     </span>
     <span class='ocr_line' id='line_1_48' title="bbox 167 3774 1318 3900; baseline 0.002 -22"><span class='ocrx_word' id='word_1_471' title='bbox 167 3827 230 3878; x_wconf 88' lang='lat' dir='ltr'><strong>Asc.</strong></span> <span class='ocrx_word' id='word_1_472' title='bbox 251 3830 277 3880; x_wconf 88' lang='lat' dir='ltr'><strong>l.</strong></span> <span class='ocrx_word' id='word_1_473' title='bbox 297 3829 322 3880; x_wconf 89' lang='grc'><strong>2.</strong></span> <span class='ocrx_word' id='word_1_474' title='bbox 343 3793 452 3900; x_wconf 62' lang='lat' dir='ltr'><strong>(madg.</strong></span> <span class='ocrx_word' id='word_1_475' title='bbox 471 3776 598 3893; x_wconf 43' lang='lat' dir='ltr'><strong>diffidi]</strong></span> <span class='ocrx_word' id='word_1_476' title='bbox 608 3775 688 3881; x_wconf 56' lang='lat' dir='ltr'><strong>duni.</strong></span> <span class='ocrx_word' id='word_1_477' title='bbox 708 3776 805 3882; x_wconf 47' lang='lat' dir='ltr'><strong>Herbi.</strong></span> <span class='ocrx_word' id='word_1_478' title='bbox 824 3829 891 3883; x_wconf 89' lang='lat' dir='ltr'><strong>Rob.</strong></span> <span class='ocrx_word' id='word_1_479' title='bbox 910 3827 1009 3898; x_wconf 89' lang='lat' dir='ltr'><strong>Steph.</strong></span> <span class='ocrx_word' id='word_1_480' title='bbox 1047 3775 1172 3895; x_wconf 67' lang='lat' dir='ltr'><strong>Reliquie</strong></span> <span class='ocrx_word' id='word_1_481' title='bbox 1183 3825 1217 3879; x_wconf 86' lang='lat' dir='ltr'><strong>ii.</strong></span> <span class='ocrx_word' id='word_1_482' title='bbox 1249 3774 1318 3880; x_wconf 52' lang='lat' dir='ltr'><strong>(dub</strong></span> 
     </span>
     <span class='ocr_line' id='line_1_49' title="bbox 168 3894 1408 3972; baseline -0.002 -21"><span class='ocrx_word' id='word_1_483' title='bbox 168 3900 236 3953; x_wconf 83' lang='lat' dir='ltr'><strong>Oxx.</strong></span> <span class='ocrx_word' id='word_1_484' title='bbox 264 3894 437 3951; x_wconf 72' lang='lat' dir='ltr'><strong>haberentur.</strong></span> <span class='ocrx_word' id='word_1_485' title='bbox 474 3899 573 3971; x_wconf 78' lang='lat' dir='ltr'><strong>Pergit</strong></span> <span class='ocrx_word' id='word_1_486' title='bbox 596 3916 668 3953; x_wconf 87' lang='lat' dir='ltr'><strong>unus</strong></span> <span class='ocrx_word' id='word_1_487' title='bbox 693 3898 741 3952; x_wconf 80' lang='lat' dir='ltr'><strong>Ox.</strong></span> <span class='ocrx_word' id='word_1_488' title='bbox 770 3897 970 3972; x_wconf 77' lang='lat' dir='ltr'><strong>nuditatem</strong></span> <span class='ocrx_word' id='word_1_489' title='bbox 993 3903 1083 3964; x_wconf 83' lang='lat' dir='ltr'><strong>agunt</strong></span> <span class='ocrx_word' id='word_1_490' title='bbox 1109 3913 1176 3948; x_wconf 90' lang='lat' dir='ltr'><strong>cum</strong></span> <span class='ocrx_word' id='word_1_491' title='bbox 1194 3897 1267 3950; x_wconf 90' lang='lat' dir='ltr'><strong>Gud.</strong></span> <span class='ocrx_word' id='word_1_492' title='bbox 1289 3905 1318 3951; x_wconf 88' lang='lat' dir='ltr'><strong>et</strong></span> <span class='ocrx_word' id='word_1_493' title='bbox 1406 3923 1408 3930; x_wconf 34' lang='grc' dir='ltr'><strong>ι</strong></span> 
     </span>
    </p>
   </div>
   <div class='ocr_carea' id='block_1_10' title="bbox 166 3967 353 4021">
    <p class='ocr_par' dir='ltr' id='par_1_13' title="bbox 166 3967 353 4021">
     <span class='ocr_line' id='line_1_50' title="bbox 166 3967 353 4021; baseline -0.011 0"><span class='ocrx_word' id='word_1_494' title='bbox 166 3967 254 4021; x_wconf 88' lang='lat' dir='ltr'><strong>Rehd.</strong></span> <span class='ocrx_word' id='word_1_495' title='bbox 294 3969 353 4021; x_wconf 86' lang='lat' dir='ltr'><strong>Mr.</strong></span> 
     </span>
    </p>
   </div>
   <div class='ocr_carea' id='block_1_11' title="bbox 238 4035 1406 4108">
    <p class='ocr_par' dir='ltr' id='par_1_14' title="bbox 238 4035 1406 4108">
     <span class='ocr_line' id='line_1_51' title="bbox 238 4035 1406 4108; baseline 0 -18"><span class='ocrx_word' id='word_1_496' title='bbox 238 4039 283 4102; x_wconf 85' lang='lat' dir='ltr'><strong>Ei,</strong></span> <span class='ocrx_word' id='word_1_497' title='bbox 303 4040 351 4107; x_wconf 83' lang='lat' dir='ltr'><strong>qai</strong></span> <span class='ocrx_word' id='word_1_498' title='bbox 369 4035 509 4104; x_wconf 84' lang='lat' dir='ltr'><strong>rapientes</strong></span> <span class='ocrx_word' id='word_1_499' title='bbox 526 4035 663 4090; x_wconf 79' lang='lat' dir='ltr'><strong>labentur</strong></span> <span class='ocrx_word' id='word_1_500' title='bbox 683 4067 715 4076; x_wconf 90' lang='lat'><strong>—</strong></span> <span class='ocrx_word' id='word_1_501' title='bbox 733 4038 792 4092; x_wconf 86' lang='lat' dir='ltr'><strong>sine</strong></span> <span class='ocrx_word' id='word_1_502' title='bbox 809 4039 914 4104; x_wconf 76' lang='lat' dir='ltr'><strong>gemitu</strong></span> <span class='ocrx_word' id='word_1_503' title='bbox 933 4035 1101 4100; x_wconf 85' lang='lat' dir='ltr'><strong>adorantur]</strong></span> <span class='ocrx_word' id='word_1_504' title='bbox 1128 4035 1316 4090; x_wconf 84' lang='lat' dir='ltr'><strong>Brachmanas</strong></span> <span class='ocrx_word' id='word_1_505' title='bbox 1405 4105 1406 4108; x_wconf 8' lang='grc' dir='ltr'><strong>Ἴ</strong></span> 
     </span>
    </p>
   </div>
   <div class='ocr_carea' id='block_1_12' title="bbox 166 4105 1317 4386">
    <p class='ocr_par' dir='ltr' id='par_1_15' title="bbox 166 4105 1317 4386">
     <span class='ocr_line' id='line_1_52' title="bbox 167 4105 1317 4178; baseline -0.003 -17"><span class='ocrx_word' id='word_1_506' title='bbox 167 4126 216 4161; x_wconf 92' lang='lat' dir='ltr'><strong>seu</strong></span> <span class='ocrx_word' id='word_1_507' title='bbox 235 4108 489 4178; x_wconf 73' lang='lat' dir='ltr'><strong>Gymnosophistai</strong></span> <span class='ocrx_word' id='word_1_508' title='bbox 508 4108 588 4172; x_wconf 84' lang='lat' dir='ltr'><strong>dicit,</strong></span> <span class='ocrx_word' id='word_1_509' title='bbox 607 4109 658 4175; x_wconf 86' lang='lat' dir='ltr'><strong>qui</strong></span> <span class='ocrx_word' id='word_1_510' title='bbox 676 4109 744 4162; x_wconf 87' lang='lat' dir='ltr'><strong>nudi</strong></span> <span class='ocrx_word' id='word_1_511' title='bbox 764 4124 816 4175; x_wconf 81' lang='lat' dir='ltr'><strong>per</strong></span> <span class='ocrx_word' id='word_1_512' title='bbox 834 4123 935 4175; x_wconf 81' lang='lat' dir='ltr'><strong>opacae</strong></span> <span class='ocrx_word' id='word_1_513' title='bbox 953 4107 1052 4161; x_wconf 87' lang='lat' dir='ltr'><strong>Indiae</strong></span> <span class='ocrx_word' id='word_1_514' title='bbox 1074 4105 1237 4159; x_wconf 79' lang='lat' dir='ltr'><strong>solitudines</strong></span> <span class='ocrx_word' id='word_1_515' title='bbox 1253 4123 1317 4174; x_wconf 83' lang='lat' dir='ltr'><strong>per-</strong></span> 
     </span>
     <span class='ocr_line' id='line_1_53' title="bbox 166 4176 1316 4249; baseline 0.001 -20"><span class='ocrx_word' id='word_1_516' title='bbox 166 4177 296 4232; x_wconf 73' lang='lat' dir='ltr'><strong>hibentur</strong></span> <span class='ocrx_word' id='word_1_517' title='bbox 311 4177 514 4247; x_wconf 80' lang='lat' dir='ltr'><strong>pbilosopltaai‚</strong></span> <span class='ocrx_word' id='word_1_518' title='bbox 537 4186 624 4248; x_wconf 88' lang='lat' dir='ltr'><strong>prout</strong></span> <span class='ocrx_word' id='word_1_519' title='bbox 642 4179 683 4229; x_wconf 89' lang='lat' dir='ltr'><strong>ait</strong></span> <span class='ocrx_word' id='word_1_520' title='bbox 708 4179 832 4230; x_wconf 87' lang='lat' dir='ltr'><strong>Isidorus</strong></span> <span class='ocrx_word' id='word_1_521' title='bbox 852 4177 931 4249; x_wconf 84' lang='lat' dir='ltr'><strong>Orig.</strong></span> <span class='ocrx_word' id='word_1_522' title='bbox 950 4177 1001 4229; x_wconf 89' lang='lat' dir='ltr'><strong>lib.</strong></span> <span class='ocrx_word' id='word_1_523' title='bbox 1021 4176 1099 4228; x_wconf 88' lang='lat' dir='ltr'><strong>Vlll.</strong></span> <span class='ocrx_word' id='word_1_524' title='bbox 1120 4193 1184 4246; x_wconf 65' lang='lat' dir='ltr'><strong>cap,</strong></span> <span class='ocrx_word' id='word_1_525' title='bbox 1200 4179 1226 4232; x_wconf 85' lang='lat'><strong>6.</strong></span> <span class='ocrx_word' id='word_1_526' title='bbox 1262 4179 1316 4230; x_wconf 80' lang='lat' dir='ltr'><strong>Va-</strong></span> 
     </span>
     <span class='ocr_line' id='line_1_54' title="bbox 167 4246 1316 4317; baseline 0 -17"><span class='ocrx_word' id='word_1_527' title='bbox 167 4249 256 4300; x_wconf 88' lang='lat' dir='ltr'><strong>lerius</strong></span> <span class='ocrx_word' id='word_1_528' title='bbox 274 4251 412 4302; x_wconf 82' lang='lat' dir='ltr'><strong>Maximus</strong></span> <span class='ocrx_word' id='word_1_529' title='bbox 430 4250 480 4302; x_wconf 90' lang='lat' dir='ltr'><strong>lib.</strong></span> <span class='ocrx_word' id='word_1_530' title='bbox 503 4249 556 4301; x_wconf 93' lang='grc'><strong>111.</strong></span> <span class='ocrx_word' id='word_1_531' title='bbox 579 4265 639 4317; x_wconf 90' lang='lat' dir='ltr'><strong>cap.</strong></span> <span class='ocrx_word' id='word_1_532' title='bbox 661 4249 714 4312; x_wconf 88' lang='lat'><strong>111,</strong></span> <span class='ocrx_word' id='word_1_533' title='bbox 734 4253 759 4304; x_wconf 84' lang='grc'><strong>6.</strong></span> <span class='ocrx_word' id='word_1_534' title='bbox 780 4256 836 4300; x_wconf 84' lang='lat' dir='ltr'><strong>ext.</strong></span> <span class='ocrx_word' id='word_1_535' title='bbox 872 4247 955 4313; x_wconf 82' lang='lat' dir='ltr'><strong>Apud</strong></span> <span class='ocrx_word' id='word_1_536' title='bbox 971 4248 1056 4300; x_wconf 83' lang='lat' dir='ltr'><strong>Indos</strong></span> <span class='ocrx_word' id='word_1_537' title='bbox 1077 4263 1141 4300; x_wconf 83' lang='lat' dir='ltr'><strong>cern</strong></span> <span class='ocrx_word' id='word_1_538' title='bbox 1162 4246 1316 4316; x_wconf 85' lang='lat' dir='ltr'><strong>patientiae</strong></span> 
     </span>
     <span class='ocr_line' id='line_1_55' title="bbox 166 4317 1316 4386; baseline 0.001 -15"><span class='ocrx_word' id='word_1_539' title='bbox 166 4320 309 4373; x_wconf 79' lang='lat' dir='ltr'><strong>meditatio</strong></span> <span class='ocrx_word' id='word_1_540' title='bbox 327 4328 386 4373; x_wconf 82' lang='lat' dir='ltr'><strong>tam</strong></span> <span class='ocrx_word' id='word_1_541' title='bbox 402 4320 539 4375; x_wconf 79' lang='lat' dir='ltr'><strong>obstinate</strong></span> <span class='ocrx_word' id='word_1_542' title='bbox 556 4317 690 4386; x_wconf 84' lang='lat' dir='ltr'><strong>usurpari</strong></span> <span class='ocrx_word' id='word_1_543' title='bbox 707 4318 841 4384; x_wconf 86' lang='lat' dir='ltr'><strong>creditur,</strong></span> <span class='ocrx_word' id='word_1_544' title='bbox 860 4323 891 4369; x_wconf 90' lang='lat' dir='ltr'><strong>ut</strong></span> <span class='ocrx_word' id='word_1_545' title='bbox 908 4319 964 4371; x_wconf 84' lang='lat' dir='ltr'><strong>sint</strong></span> <span class='ocrx_word' id='word_1_546' title='bbox 983 4317 1031 4385; x_wconf 83' lang='lat' dir='ltr'><strong>qui</strong></span> <span class='ocrx_word' id='word_1_547' title='bbox 1054 4333 1131 4371; x_wconf 87' lang='lat' dir='ltr'><strong>amne</strong></span> <span class='ocrx_word' id='word_1_548' title='bbox 1153 4321 1228 4373; x_wconf 89' lang='lat' dir='ltr'><strong>oitae</strong></span> <span class='ocrx_word' id='word_1_549' title='bbox 1246 4326 1316 4372; x_wconf 87' lang='lat' dir='ltr'><strong>tem·</strong></span> 
     </span>
    </p>
   </div>
   <div class='ocr_carea' id='block_1_13' title="bbox 0 0 1432 5084">
    <p class='ocr_par' dir='ltr' id='par_1_16' title="bbox 0 0 1432 5084">
     <span class='ocr_line' id='line_1_56' title="bbox 0 0 1432 5084; baseline 0 5"><span class='ocrx_word' id='word_1_550' title='bbox 0 0 1432 5084; x_wconf 95' lang='lat' dir='ltr'><strong> </strong></span> 
     </span>
    </p>
   </div>
  </div>
 </body>
</html>
