2856 5084
521 248 650 312 niem
670 249 716 329 v,
739 251 787 316 13.
1190 250 1232 314 tt
1329 271 1331 275 <

123 437 126 442 ·
159 414 206 475 Ex
228 413 292 475 hoc
313 414 429 500 igitur*
442 415 592 478 Platonis
614 417 708 497 quasi
729 412 870 497 quodam
891 424 1005 477 sancto
1024 423 1231 502 augustoque
1247 419 1293 473 37.

78 499 176 560 fonte'
207 506 322 560 nostra
355 499 463 559 omnis
501 498 650 589 manabit
685 500 808 560 oratio.
861 495 956 561 Unde
987 499 1093 583 igitur
1120 497 1233 560 ordiri
1254 514 1293 577 13

81 703 253 759 Victoriuef‘
287 703 435 757 Bentleius
453 720 520 755 cum
537 704 653 756 Davisio
677 702 746 770 [vid.
766 703 801 756 ad
824 703 932 755 calcem
954 700 1059 754 horum
1074 700 1231 770 librorum]

78 774 113 826 ad
128 777 265 828 meliores
283 792 418 828 numeros
442 793 508 828 cum
531 792 668 828 revocare
693 775 875 839 studuissent,
900 773 1006 826 merito
1032 780 1129 843 postea
1146 773 1233 825 Davi·

77 846 135 897 sius
153 847 184 898 id
202 847 356 901 consilium
374 847 486 899 abiecit.
523 848 598 899 Nam
616 847 708 899 soluta
728 855 771 899 est
789 847 881 899 oratio
905 853 934 897 et
951 861 1053 918 graeca
1079 851 1108 895 et
1130 843 1229 897 latine.

78 916 139 968 Iam
162 919 206 969 nil
232 919 289 971 nisi
310 917 370 986 e'pso
397 920 430 970 in
456 918 517 987 ipse
543 919 677 984 mutavit,
702 917 778 988 quod
800 917 933 968 firmatur
958 930 1014 967 uno
1039 914 1105 967 Cod.
1127 914 1232 968 Leid.“

78 985 165 1040 ΒοιιΙι.
204 992 290 1056 „Vox
315 992 407 1042 altera
434 989 530 1056 [enim]
557 990 676 1042 delenda
699 989 824 1044 videtur.
866 986 966 1040 Altero
989 1003 1059 1038 vero
1085 1002 1172 1038 versu
1189 987 1232 1040 le·

77 1059 203 1132 gendum
222 1079 280 1114 esse
297 1066 388 1129 ponet,
406 1061 553 1113 Bentleius
571 1061 677 1113 vidit.“
695 1059 806 1123 Nissen.
833 1060 877 1110 lta
895 1057 1134 1124 scilicet,'deleto
1147 1060 1230 1124 enim,
1319 1085 1322 1090 ·

77 1131 195 1215 egregie
213 1131 362 1201 provisum
381 1140 423 1183 est
440 1140 542 1184 metro.
578 1131 743 1185 Victoriuin
761 1131 852 1183 secuti
870 1138 935 1180 sunt
959 1129 991 1179 in
1008 1122 1137 1181 versibus
1162 1129 1233 1182 sori·

77 1202 177 1254 bondis
208 1205 271 1255 fere
304 1219 417 1267 ornnes,
458 1202 514 1254 nisi
544 1204 620 1271 qnod
653 1202 779 1256 Bentleii
812 1202 1021 1254 correctionem
1057 1209 1233 1269 receperunt

78 1270 227 1328 FAWolf.
251 1272 335 1328 Schz.
358 1273 426 1324 Bill.
463 1274 504 1325 Et
526 1271 575 1326 hic
599 1274 715 1343 quidem
732 1273 828 1338 hosce,
854 1274 950 1327 nescio
970 1288 1049 1342 quos,
1073 1271 1232 1326 versiculos

78 1343 226 1412 procudit:
248 1371 282 1382 -
300 1344 362 1396 οὔτε
379 1344 434 1413 γὰρ
449 1346 557 1414 χαίρων
574 1346 636 1399 οὔτε
653 1343 823 1411 λυπούμενος
840 1337 922 1413 ἄγαν,

307 1415 458 1485 φανήσεται
476 1415 523 1468 ’διὰ
541 1412 572 1469 τὸ
592 1417 665 1482 αὐτῷ
683 1415 857 1470 πεποιθέναι.

79 1483 205 1536 Orellius
228 1493 332 1552 autem,
357 1495 391 1538 ut
412 1486 480 1538 Dav.
506 1487 537 1538 in
561 1488 633 1540 Edd.
655 1491 680 1542 2.
708 1495 736 1540 et
760 1490 785 1543 3.
815 1486 982 1541 [ιιΠ.01ἱν.
1009 1496 1037 1540 et
1061 1486 1133 1540 Edd.
1158 1495 1230 1541 vett.

77 1554 207 1624 itemque
225 1557 305 1609 Junt.
326 1556 435 1614 sturm.
456 1567 485 1610 et
502 1560 609 1611 Manut.
632 1557 748 1623 [Aldina
766 1566 862 1610 nostra
880 1575 978 1610 versus
994 1556 1090 1623 habet]
1109 1559 1232 1613 solutam

77 1626 207 1677 'restituit
230 1628 399 1694 orationem,
425 1628 541 1681 addens:
568 1629 797 1682 similitudinem
815 1628 955 1696 quandam
974 1644 1041 1681 cum
1058 1631 1081 1681 li
1104 1638 1148 1682 ata
1167 1647 1232 1683 ora-

76 1696 156 1749 tione
178 1697 308 1750 consiilto
336 1699 479 1768 quaesivit
495 1700 629 1753 Tullius:
662 1701 723 1770 ipse
746 1709 845 1753 tamen
866 1717 1000 1752 numeros
1019 1648 1133 1767 nectite,
1160 1702 1231 1754 scri·

76 1766 145 1819 bens
164 1785 214 1822 nec
233 1779 261 1822 et
279 1778 392 1838 reponet
416 1770 485 1836 [non
508 1777 556 1824 aot
576 1780 605 1824 et
620 1778 710 1840 ponet,
737 1779 770 1823 ut
788 1770 901 1825 volebat
918 1771 1034 1837 Bentl.].
1071 1775 1135 1847 Ego
1161 1788 1232 1827 vero
1278 1794 1281 1800 ·

76 1839 179 1906 miror,
198 1841 346 1893 neminem
363 1841 476 1907 vidisse,
496 1843 606 1894 Graeca
625 1842 700 1896 voce'
713 1844 859 1910 παροιμίᾳ,
878 1843 979 1894 Latina
989 1851 1136 1911 praecepto
1154 1843 1232 1896 nihil

77 1911 173 1962 minus
192 1930 277 1980 quam
298 1913 395 1964 locum
421 1921 522 1982 poetae
544 1915 652 1966 veteris
676 1914 846 1988 significari,
870 1914 918 1965 sed
946 1915 1132 1983 proverbium
1157 1915 1233 1967 illud
1300 1920 1303 1927 '

77 1982 258 2034 notissimum
276 1983 364 2050 μηδὲν
382 1978 462 2050 ἄγαν.
500 1985 543 2036 Νι
562 1983 631 2053 quid
650 1986 741 2038 nimis.
778 1985 849 2036 Vult
867 1985 959 2060 igitur
977 1985 1090 2040 Cicero:
1116 1984 1233 2043 Perelit

77 2078 112 2088 -
128 2060 278 2122 praecepto
297 2055 345 2107 illi
370 2057 467 2121 veteri,
495 2072 545 2125 quo
573 2064 699 2109 vetamur
724 2054 874 2125 'quidquem-
900 2057 985 2110 nimis
1009 2060 1117 2122 faeere:
1146 2072 1232 2126 neque

76 2123 150 2176 enim
168 2125 322 2177 loetabitur
340 2126 436 2193 nimie,
456 2143 505 2178 nec
524 2128 661 2179 maerebit
680 2128 783 2182 nimie.-
811 2145 900 2198 eaque
918 2129 978 2196 ipsa
1004 2136 1045 2179 est
1064 2129 1151 2181 etiam
1169 2127 1233 2179 Pla·

75 2196 152 2247 tonis
170 2197 202 2246 in
220 2199 376 2249 Mcnexeno
395 2198 545 2250 sententia.
584 2201 744 2252 Monuimus
768 2199 855 2251 etiam
878 2199 912 2250 de
935 2199 992 2249 hoc
1015 2199 1079 2252 loco
1098 2199 1130 2250 in
1148 2198 1232 2267 Sym-

75 2265 205 2318 bolarum
229 2268 404 2320 Criticarum
429 2269 463 2319 ad
489 2267 549 2320 cic.
578 2269 702 2339 Specim.
728 2271 779 2322 lll.
809 2269 927 2332 (Ulmae
953 2269 1044 2330 1833.)
1069 2287 1129 2339 cap.
1149 2272 1176 2323 3.
1198 2295 1232 2308 -·

75 2338 131 2388 Pro
149 2353 198 2389 nec
217 2347 259 2388 est
280 2354 365 2405 neque
384 2340 415 2389 in
433 2339 504 2390 Edd.
525 2347 591 2390 ante
611 2340 708 2404 Grut,
729 2340 855 2409 exceptis
873 2341 905 2390 V.
926 2338 995 2390 Rob.
1009 2339 1107 2409 Steph.
1127 2339 1232 2407 [θοὰς

75 2423 179 2459 vocem
195 2407 281 2460 nimie
309 2409 419 2460 omittit
436 2409 520 2460 vind.
543 2414 566 2462 1.
593 2412 654 2461 eius
680 2410 743 2462 loco
761 2429 835 2461 unus
853 2411 903 2463 Ox.
923 2408 1009 2462 habet
1026 2411 1131 2477 minuo;
1158 2426 1232 2464 unus

78 2478 128 2530 Os.
151 2487 179 2530 et
197 2480 271 2530 ltlon.
292 2481 317 2532 2.
339 2496 405 2530 cum
422 2479 495 2531 Edd.
515 2482 544 2532 P.
565 2478 598 2531 A.
618 2482 648 2536 Β,
669 2480 696 2533 S.
717 2482 750 2533 E.
771 2481 802 2534 G.
822 2483 892 2534 Ven.
914 2488 1002 2534 nostr.
1023 2482 1078 2553 qui,
1097 2500 1170 2534 unus
1179 2484 1231 2536 Ox.

38 2608 41 2612 ,
76 2566 162 2618 supra
180 2549 232 2600 lin.
251 2551 293 2601 vel
310 2549 364 2617 qui,
384 2553 458 2602 lllon.
480 2556 505 2606 1.
521 2551 602 2621 quid.
641 2551 750 2622 Scripsi
768 2562 863 2604 autem
882 2552 916 2605 ia'
932 2569 961 2605 se
984 2553 1064 2620 ipso
1090 2571 1125 2606 ex
1143 2553 1230 2607 Codri.

75 2637 126 2680 sex
151 2621 220 2673 Oxx.
246 2620 330 2676 Bern.
360 2622 432 2673 Gud.
452 2625 478 2676 2.
503 2622 576 2697 Aug.
602 2623 710 2675 Duisb.'
727 2626 802 2675 lton.
823 2624 847 2675 1.
867 2627 892 2678 2.
913 2624 997 2676 vind.
1017 2629 1042 2678 1.
1063 2627 1089 2679 2.
1109 2624 1181 2677 Edd.
1200 2626 1231 2678 P.

74 2689 108 2741 A.
128 2691 159 2742 B.
180 2691 209 2744 S.
230 2692 264 2745 E.
285 2692 315 2743 G.
336 2694 373 2743 Μ.
400 2694 429 2744 L.
455 2695 526 2749 Ven.
551 2702 639 2745 nostr.
660 2693 724 2747 Asc.
746 2699 769 2750 l·
789 2699 815 2750 2.
845 2694 910 2747 Ald.
930 2696 1011 2747 Brut.
1039 2695 1125 2749 Goth.
1145 2696 1232 2750 Leod.
1311 2752 1313 2757 ,

75 2761 167 2818 Geth.
187 2763 258 2815 Ern.
278 2763 369 2816 Nobb.
390 2762 461 2816 Tbn.
488 2765 626 2835 probante
649 2765 796 2818 Kiihnero.
833 2765 905 2818 Mihi
931 2767 1048 2834 quidem
1074 2766 1136 2834 ipse
1160 2767 1233 2821 otio-

75 2851 139 2886 sum
157 2833 285 2898 videtur,
304 2837 367 2903 ipso
387 2837 590 2888 necessarium:
615 2852 672 2888 non
692 2837 779 2900 enim,
813 2844 846 2887 nt
869 2854 955 2906 supra
978 2837 1089 2888 dictum
1108 2844 1159 2901 est,
1187 2855 1233 2889 su-

75 2921 175 2975 spensa
194 2913 261 2956 sunt
279 2921 310 2956 ea
330 2906 431 2974 quibus
448 2908 548 2959 beatus
568 2915 610 2959 est
628 2908 747 2977 sapiens,
776 2908 899 2959 eliorum
925 2916 974 2959 aut
991 2907 1064 2977 bono
1083 2923 1159 2971 casu,
1183 2917 1234 2960 aut
1288 2965 1290 2970 .

74 2978 231 3041 contrario,
257 2992 315 3028 non
339 2978 454 3052 cogitur
478 2979 604 3047 pendere
630 2996 665 3030 ex
689 2979 809 3031 alterius
834 2979 956 3030 eventis:
983 2979 1031 3030 sed
1055 2978 1086 3028 in
1113 2994 1143 3030 se
1169 2976 1232 3045 tpeo

74 3063 190 3100 omnem
209 3049 253 3098 sui
272 3065 350 3117 spem
368 3057 500 3116 reponet.
537 3048 656 3101 Accedit
674 3048 754 3101 locus
781 3049 867 3117 plane
885 3049 1016 3122 geminus
1034 3049 1112 3100 Lael.
1132 3051 1158 3111 9,
1177 3052 1228 3104 3οἐ

77 3119 116 3173 Ut
135 3122 209 3175 enim
228 3119 342 3187 quisque
360 3119 417 3171 etot
433 3118 584 3186 plurimum
610 3119 721 3185 confidit
748 3126 774 3170 et
794 3126 826 3191 *ut
846 3123 959 3189 quisque
983 3119 1103 3173 maxime
1126 3122 1230 3173 virtute

75 3197 102 3242 et
129 3191 268 3259 sapientia
291 3190 332 3241 sic
356 3190 478 3242 munitus
505 3197 554 3256 est,
582 3197 613 3241 ut
632 3190 733 3242 nullo
752 3196 870 3256 egeat,
897 3207 1000 3258 suopte
1029 3190 1122 3243 omnia
1141 3193 1177 3243 ιἰι
1194 3207 1230 3245 ee

75 3263 154 3329 ipso
170 3261 267 3330 posita
285 3259 404 3313 iudicet:
423 3261 468 3313 ita
488 3268 541 3314 cet.
564 3289 597 3298 -
616 3263 670 3314 Pro
689 3268 801 3328 reponet
819 3271 861 3313 est
880 3262 989 3328 reponit
1008 3261 1039 3313 in
1057 3261 1129 3316 Edd.
1146 3263 1179 3312 V.
1200 3269 1230 3314 et

73 3333 141 3385 Rob.
163 3333 262 3402 Steph.
284 3332 372 3385 Orell.
410 3333 500 3384 Nolui
523 3341 624 3384 contra
648 3333 736 3384 libros
755 3333 876 3403 optimos
901 3333 1058 3385 lectionem
1081 3331 1229 3406 corrigere

74 3419 133 3455 non
150 3405 245 3455 minus
264 3404 376 3455 bonam:
404 3410 516 3470 reponet
534 3420 611 3470 spem
629 3402 755 3482 seeiuait,
784 3402 815 3455 in
835 3405 953 3474 seipso,
979 3403 1133 3471 siquando
1153 3419 1230 3455 eveo-

75 3481 167 3528 iorum
185 3482 226 3528 eet
244 3476 299 3528 tale
318 3473 391 3542 quid,
415 3491 465 3542 quo
484 3475 540 3527 atti
558 3473 682 3526 hommes
706 3473 870 3541 perturbari
893 3475 993 3527 solent.
1029 3473 1230 3526 Bentleianum

73 3552 123 3599 out
142 3554 171 3599 et
186 3553 270 3613 ponet
288 3555 461 3615 receperunt
480 3545 624 3600 FAWolf.
649 3553 677 3597 et
697 3544 779 3597 Schz.
818 3546 877 3598 Me.
1045 3560 1048 3571 ¹

145 3635 180 3685 ln
198 3651 228 3686 oe
247 3633 316 3702 ipse]
352 3635 447 3708 Vulgo
466 3628 497 3688 in
516 3651 545 3687 se
565 3633 637 3702 ipso.
675 3633 843 3687 lectionem
861 3629 947 3703 quain
966 3634 1063 3686 damus
1093 3633 1232 3688 exhibent

72 3707 143 3778 Reg.
164 3704 311 3778 Pithoean.
330 3705 402 3756 Med.
423 3706 491 3758 Bak.
513 3701 635 3771 ct-Ball'.
671 3704 706 3778 D.

145 3795 190 3846 Ειι
209 3791 257 3845 hoo
276 3794 366 3860 igitur
387 3795 513 3848 Platonis
531 3795 612 3863 quoti
634 3796 753 3863 quodam
773 3793 825 3860 -]
851 3792 915 3846 ‘Aa
931 3812 994 3847 rem
1017 3794 1114 3846 laudat
1132 3792 1229 3846 Kiihn.

73 3866 184 3917 librum
207 3882 290 3926 suurn
318 3865 352 3916 de
372 3865 430 3917 Cic.
460 3869 490 3917 in
510 3867 623 3918 Philus.
648 3866 760 3918 meritis
786 3885 812 3935 p.
834 3867 868 3919 74
888 3883 929 3932 sq.
950 3883 977 3932 q.
997 3883 1025 3914 v.
1046 3865 1115 3931 ibiq.
1136 3863 1228 3916 laudd.

74 3938 177 4005 quibus
204 3935 265 3988 add.
294 3935 427 3987 libellum
451 3937 639 3988 utilissimum
664 3937 775 3988 Jasonis
793 3936 918 3986 Den'ores
942 3937 976 3987 Iu
995 3937 1031 3984 lll.
1052 3933 1085 3984 T.
1107 3932 1136 3985 C.
1158 3933 1231 3986 Uni-

73 4027 185 4060 versam
203 4005 419 4075 Philosophiam
437 4007 470 4059 de
486 4008 551 4059 Vita
570 4017 598 4060 et
617 4007 741 4059 Moribus
757 4007 798 4060 12.
826 4005 928 4078 Ambg.
950 4006 1026 4058 1597.
1048 4019 1114 4072 oum
1127 4018 1230 4055 comm.

74 4079 210 4133 Obrechti
234 4081 259 4134 8.
285 4079 360 4146 Lips.
389 4080 466 4132 1721.
494 4105 527 4114 -
564 4080 599 4131 ln
624 4077 677 4130 Ed.
705 4079 734 4128 P.
761 4083 803 4127 est
830 4091 957 4144 expuo.
974 4072 1078 4140 igitur‚'
1104 4072 1136 4123 in
1163 4073 1228 4126 cod.

74 4154 151 4203 lllon.
166 4157 188 4205 l.
210 4153 290 4218 quasi
309 4148 438 4212 Platonis
457 4149 584 4218 quodam.
604 4151 693 4200 Voces
712 4151 850 4211 augustus
869 4155 897 4197 et
916 4151 1026 4197 sanetus
1046 4144 1148 4197 Cicero
1166 4145 1231 4207 iun-

73 4222 119 4296 git
139 4223 225 4274 etiarn
244 4223 278 4275 de
297 4222 333 4274 N.
353 4221 387 4275 D.
408 4220 462 4283 111,
486 4223 530 4274 21.
556 4221 599 4273 53.
637 4217 780 4272 Manandt
803 4215 890 4282 verbo
918 4216 950 4267 in
974 4210 1064 4267 simili
1088 4217 1231 4270 sententia

73 4293 170 4345 utitur
188 4292 220 4344 in
237 4293 283 4345 his
302 4293 373 4362 ipsis
391 4291 475 4343 libris
488 4291 521 4342 V.
532 4291 575 4345 25.
587 4291 635 4343 72:
653 4293 749 4340 manat
766 4293 791 4338 et
810 4285 941 4352 funditur
959 4285 1148 4357 (disputatio).
1167 4287 1227 4340 Mt.

145 4382 241 4435 Ordiri
270 4381 374 4437 rectius
392 4378 547 4450 possumus]
583 4375 653 4431 Pan.
672 4383 739 4430 tert.
768 4384 860 4446 quart.
888 4376 957 4452 Reg.
983 4376 1128 4457 Pithoean.
1155 4376 1227 4433 olet
