2856 5084
368 283 715 350 EMENDATIONES
737 287 797 351 AD
818 286 991 354 LIBRUM
1011 287 1056 372 V.
1225 292 1287 357 stt

132 464 226 519 posse,
244 446 272 502 si
290 444 379 504 essent
397 452 456 503 ulta
475 452 604 521 corporis
622 459 671 504 aut
689 453 822 506 fortunae
845 453 928 505 mala.
966 452 1036 505 Vide
1052 450 1171 505 ‚Tuscut
1190 455 1225 518 V,
1245 458 1287 510 17.
1334 507 1341 529 Ι

136 528 166 573 et
184 523 227 576 ut.
249 528 278 573 et
295 523 338 575 30.
376 524 444 574 Mox
466 521 501 574 de
521 522 620 574 eodem
637 525 732 576 Xerxe
1186 547 1188 556 ·

205 591 276 643 Ibid.
314 590 476 645 Praemium
491 592 646 660 proposuit,
670 592 719 660 qui
734 592 883 648 inuenisset
901 608 999 646 nouam
1017 594 1200 661 uoluptatem:
1233 609 1288 663 qua

135 661 196 730 ipse
216 662 334 717 inventa
358 680 412 716 non
435 663 494 715 fuit
518 670 676 716 contentuss·
705 680 788 733 neque
812 664 886 716 enim
908 679 1036 732 umquam
1058 666 1140 728 finem
1158 665 1290 718 inveniet

135 731 246 799 libido]
282 732 374 785 Multa
391 733 441 785 hic
460 743 553 786 errata
572 744 653 788 suntt
682 735 838 804 principio,
866 736 940 787 illud
965 738 1076 788 inuenta
1102 751 1197 804 neque
1215 735 1290 805 apud

134 803 300 870 Victorium
325 802 456 869 habetur,
485 822 539 857 nec
562 805 760 870 Gebhardumq
789 813 888 874 utpote
916 806 993 872 quod
1019 805 1172 874 repudiant
1194 820 1290 858 omnes

134 873 330 942 blanuscripti.
368 873 479 926 Deinde
500 893 534 926 ex
553 876 695 928 mendosis
714 876 886 928 editionibus
904 876 1029 927 retinuit
1044 875 1210 928 Gebhardus
1227 876 1291 942 Ipse

88 992 91 997 ,
134 951 164 996 et
187 943 324 996 Inveniet:
351 953 381 996 at
398 945 545 997 Victorius
573 964 640 998 cuin
663 955 714 999 tuo
741 942 839 1015 codice
863 946 932 1015 Ipsa
954 945 1061 999 habent
1085 954 1124 1000 etv
1138 946 1289 1001 inueniret.

132 1013 311 1066 Rectissime.
340 1017 417 1089 Lege
436 1023 530 1067 totum
548 1011 644 1069 locum
662 1034 751 1087 parva
768 1017 853 1068 unius
870 1016 990 1070 voculae
1009 1017 1184 1070 mutatione:
1204 1016 1290 1087 Prae·

133 1084 218 1136 mium
235 1084 390 1154 proposuit,
411 1085 459 1155 qui
477 1085 628 1140 inuenisset
646 1087 936 1154 nouumooluptatems
956 1103 1011 1156 qua
1029 1086 1110 1156 ipsa
1130 1103 1184 1140 non
1202 1090 1290 1154 fuis·

133 1163 184 1209 set
210 1163 366 1208 contentum
400 1174 484 1225 neque
506 1157 579 1210 enim
605 1159 685 1223 finem
712 1158 725 1211 i
733 1161 898 1212 noeniret
925 1157 1021 1210 libido.
1060 1158 1130 1210 Noli
1148 1158 1290 1223 dubitare,

134 1227 208 1294 quin
227 1226 375 1279 Ciceronis
392 1226 463 1279 haec
482 1246 580 1300 ipanus
600 1231 650 1281 sit:
677 1247 743 1280 nam
761 1229 792 1279 in
809 1229 926 1302 vulgata
944 1228 1069 1281 lectione
1093 1229 1123 1281 id
1141 1229 1229 1282 stulte
1248 1230 1290 1282 al·

133 1297 276 1363 firmatur,
307 1295 413 1350 Nouam
432 1298 599 1365 voluptatem
617 1306 674 1352 tum
691 1301 779 1364 fuisse
796 1298 943 1352 inuentam.
981 1299 1064 1352 Unde
1081 1314 1150 1352 vero
1168 1307 1218 1352 aut
1237 1302 1287 1367 qul

133 1369 331 1437 potuiti‘quis
349 1368 379 1418 id
398 1370 534 1438 prodidit,
555 1370 618 1439 quis
637 1372 814 1422 auctorest?

205 1439 270 1507 Cap.
291 1443 316 1494 8.
353 1440 423 1491 Item
446 1440 556 1492 beatam
580 1441 673 1503 oitam,
702 1439 814 1494 etiamsi
835 1454 870 1492 ec
898 1436 997 1508 aliqua
1019 1445 1103 1510 parte
1132 1437 1288 1506 clauderet,

133 1512 224 1561 tamen
243 1526 277 1562 ea
303 1510 385 1563 multo
407 1510 516 1562 maiore
540 1517 623 1578 parte
642 1511 777 1563 obtineret
797 1525 891 1564 nomen
909 1507 1010 1574 suum]
1047 1511 1164 1565 Nollem
1182 1519 1213 1564 te
1229 1529 1290 1564 cas-

132 1597 200 1632 cum
219 1580 293 1632 illud
312 1588 347 1632 etv
359 1581 516 1633 obsoletum
535 1581 676 1634 clauderet
700 1599 716 1634 a
735 1581 885 1635 Gebhardo
899 1583 1054 1650 accepisse,
1083 1581 1198 1655 dignius
1224 1583 1290 1650 qui·

132 1649 197 1703 dem
217 1651 330 1704 Naevio
346 1659 375 1704 et
395 1651 486 1721 opicis
511 1648 582 1703 illisv
599 1653 796 1723 scriptoribus,
828 1669 913 1720 quam
937 1653 1084 1705 Cicerone.
1121 1652 1160 1704 Aa
1182 1651 1290 1705 habent

94 1750 98 1754 ·
132 1722 225 1790 aliqui
244 1723 355 1774 codices
373 1723 448 1792 apud
458 1721 651 1774 Gebhardum.
689 1722 727 1776 At
747 1723 798 1774 alii
817 1723 961 1788 meliores,
981 1723 1011 1774 in
1030 1724 1131 1792 quibus
1149 1732 1216 1787 tuus
1234 1723 1289 1776 ille
1344 1740 1346 1743 ·

132 1793 399 1862 praestantissimus,
433 1792 667 1847 claudicaret.
719 1794 770 1845 His
795 1810 864 1869 ergo
891 1793 1067 1858 accedamus,
1101 1794 1162 1846 illis
1189 1794 1288 1848 valere

133 1864 230 1916 iussis:
250 1864 430 1932 praesertim,
450 1881 515 1914 cum
536 1863 637 1917 Cicero
659 1865 828 1926 claudicare
848 1866 884 1917 in.
903 1863 959 1929 ¹boc
982 1865 1043 1935 ipso
1063 1883 1147 1918 sensu
1164 1865 1290 1934 saepius-

133 1934 199 1986 cule
217 1942 346 2003 usurpet,
366 1933 509 1985 codicibus
528 1933 605 1986 nihil
623 1935 814 2000 sarientibus3
835 1935 910 1986 illud
928 1952 964 1986 ne
983 1936 1072 1987 sernel
1090 1935 1214 2005 quidem.
1283 1952 1286 1957 ·

205 2004 270 2074 Cap.
291 2009 316 2060 9.
358 2003 593 2076 Vexaturautem
610 2007 644 2058 ab
663 2001 1037 2072 omnitueffteoptrmms)
1056 2005 1185 2074 primum
1204 2005 1235 2056 in
1254 2021 1288 2059 eo

131 2073 215 2140 libro,
242 2093 318 2144 quem
336 2074 454 2142 scripsit
474 2075 508 2127 de
526 2075 587 2128 uita
605 2077 696 2141 beata,
723 2077 754 2128 in
774 2093 830 2145 quo
848 2078 936 2127 multa
955 2076 1090 2146 disputat,
1116 2077 1289 2145 quamobrem

132 2147 161 2199 is
179 2148 225 2213 qui
242 2153 417 2212 torqueatur,
433 2145 482 2214 qui
500 2146 649 2213 crucietur,
663 2147 765 2200 'leatus
784 2163 843 2199 esse
861 2162 915 2199 non
930 2146 1040 2214 possit]
1070 2146 1143 2213 Quid
1160 2145 1215 2199 hoc
1235 2155 1287 2213 est,

132 2216 259 2283 obsecro,
289 2219 414 2272 Vexatur
441 2217 475 2268 ab
502 2217 631 2270 omnibus
654 2218 738 2272 in'eo
766 2217 839 2270 libro
864 2233 943 2286 quem
964 2217 1081 2284 scripsit
1098 2217 1178 2284 ipse?
1200 2216 1290 2282 Quid

102 2291 105 2299 ⁴
132 2288 297 2341 absurdius?
331 2288 362 2342 Si
381 2289 413 2341 ob
432 2288 481 2339 vel
495 2289 613 2357 propter
632 2297 693 2341 eum
711 2289 813 2342 librum
832 2288 960 2352 dixisset,
986 2289 1088 2357 utique
1114 2295 1188 2340 esset
1212 2286 1289 2357 quod

133 2359 302 2434 intelligere
322 2369 479 2429 possemus.
517 2360 602 2411 Nunc
625 2367 799 2429 'portentum
823 2359 908 2428 plane
929 2367 1036 2423 narrat,
1056 2366 1097 2422 ,ut
1123 2358 1228 2428 aliquis
1257 2359 1289 2410 in
1377 2411 1379 2417 ,

132 2428 208 2481 libro
232 2431 350 2500 proprio
375 2430 407 2481 ab
431 2429 496 2484 aliis
521 2438 651 2481 vexetur.
689 2428 763 2495 Quid
787 2429 897 2481 inulta?
932 2419 980 2481 Tu
1003 2429 1148 2482 Librarius
1171 2429 1288 2499 plorare

132 2499 210 2563 iube,
231 2511 260 2553 et
279 2502 319 2553 sic
337 2500 471 2553 rescribe.
514 2500 640 2555 Vexatur
663 2506 753 2552 autem
775 2501 809 2553 ab
833 2500 961 2563 omnibus,
989 2499 1113 2567 primum
1140 2500 1230 2570 quod
1257 2496 1289 2552 iu

133 2587 165 2623 eo
185 2570 258 2634 lt'bro
278 2589 357 2641 quem
375 2569 567 2638 inscripsit
585 2572 629 2623 De
641 2572 701 2623 vita
712 2571 802 2635 beatu,
821 2573 909 2624 multa
928 2569 1141 2640 disputarit,
1161 2570 1288 2640 quamob-

133 2657 193 2694 rem
216 2644 243 2697 is
269 2642 315 2711 qui
340 2648 516 2711 torqueatur,
543 2641 592 2711 qui
610 2642 769 2706 crucietur,
785 2643 882 2695 beatus
906 2657 1037 2696 essenon
1062 2640 1162 2712 possit.
1202 2640 1288 2694 Certe

131 2711 207 2764 hanc
226 2714 454 2767 emendationem
474 2713 607 2782 postulat,
635 2729 700 2763 cuin
726 2713 785 2781 ipsa
808 2712 965 2766 sententiat
994 2720 1056 2764 tum
1081 2712 1209 2782 epodosis
1228 2712 1287 2765 sive

132 2783 256 2836 redditio
275 2801 346 2852 quae
365 2784 431 2836 mox
457 2784 616 2852 aequitare.
637 2781 765 2836 Primum
787 2783 908 2848 dixerat,
934 2785 1068 2846 vexatur,
1096 2783 1172 2852 quod
1196 2783 1289 2835 multa

131 2855 286 2922 disputarit
313 2863 367 2906 etc.
393 2855 463 2922 quid
493 2854 660 2906 secundum?
696 2853 752 2906 hoc
778 2854 890 2906 scilicet
919 2852 995 2922 quod
1024 2870 1092 2905 mox
1123 2852 1286 2928 subiungit:
1316 2906 1319 2912 ,

132 2925 261 2979 Venatus
280 2923 354 2976 idem
371 2922 580 2992 Theophrastus,
600 2931 627 2976 et
646 2923 731 2978 libris
748 2928 775 2976 et
792 2924 895 2978 sobolis
913 2923 1032 2976 omnium
1047 2921 1287 2993 pbilosophorum,

132 2996 219 3065 quod
238 2995 269 3048 in
288 2995 454 3049 Callisthene
472 3012 522 3049 suo
541 2995 703 3049 laudarit
728 2994 808 3048 illam
826 2996 997 3060 sententiam,
1020 2994 1117 3050 Vitam
1134 2996 1211 3062 regit
1226 2995 1288 3060 sor-

132 3073 207 3130 tuna,
228 3083 281 3120 non
299 3065 447 3134 sapientia.
700 3100 704 3112 .

203 3138 274 3190 lbid.
312 3138 358 3190 An
379 3138 520 3191 malumus
537 3135 689 3202 Epicurum
717 3134 846 3191 imitari?
874 3135 920 3206 qui
937 3136 1024 3189 multa
1039 3135 1188 3204 praeclare
1205 3150 1287 3204 saepe

132 3209 219 3262 dicit:
250 3224 331 3275 quum
349 3209 428 3261 enim
451 3207 508 3262 eibi
531 3210 692 3261 constanter
711 3208 952 3274 convenienterque
971 3206 1066 3272 dicat,
1080 3222 1134 3258 nou
1152 3206 1287 3274 laborat]

131 3278 172 3330 Et
191 3279 312 3348 impedit
323 3288 360 3333 *et
378 3280 541 3348 corrumpit
559 3281 732 3333 senteutiam
751 3279 826 3332 illud
852 3280 950 3331 enim.
989 3278 1080 3343 Quare
1098 3277 1227 3329 furcillis
1246 3285 1289 3330 est

133 3349 314 3402 eiiciendum.
1034 3368 1047 3393 ,·
1223 3392 1225 3396 .

204 3421 270 3491 Cap.
293 3426 333 3476 10.
365 3418 511 3486 solitudo,
531 3418 649 3474 amissio
668 3436 795 3482 suorum,
812 3436 917 3489 graues
935 3420 1046 3474 dolores
1064 3419 1200 3486 corporis,
1225 3435 1288 3484 per-

132 3487 196 3543 dita
213 3493 351 3555 ualetudo,
378 3492 521 3556 debilitas,
546 3491 677 3556 caecitas,
704 3491 973 3558 interituspctrtae,
993 3490 1131 3554 exsilium,
1158 3491 1285 3542 seruitus.

131 3561 259 3631 Denique
277 3562 308 3614 in
326 3560 370 3615 bis
390 3569 430 3615 tot
451 3570 478 3616 et
498 3565 595 3627 tantis,
623 3563 704 3631 utque
722 3564 806 3616 etiam
825 3579 893 3631 quae
908 3564 992 3630 plura
1009 3566 1124 3631 possunt
1148 3560 1287 3626 arcium,

129 3641 296 3700 potestesse
315 3633 449 3699 sapiens]
487 3634 604 3687 Codices
622 3634 738 3702 quidam
764 3633 871 3686 habent
889 3634 1003 3687 amissio
1023 3648 1165 3685 euroram.-
1199 3632 1287 3684 etsie

132 3704 266 3770 loquitur
291 3704 455 3754 Lactantius
478 3714 635 3775 perpetuus
661 3705 764 3757 Nostri
787 3705 926 3771 imitator,
960 3705 1029 3757 niv.
1050 3703 1145 3764 lussit.
1169 3702 1222 3766 ΙΙΙ,
1243 3704 1284 3757 17.

136 3771 256 3828 Videbat
275 3772 413 3840 Epicurus
431 3774 512 3827 bonis
529 3776 647 3829 aduersa
666 3791 773 3844 semper
791 3777 928 3841 accidere,
945 3781 1147 3844 paupertatem,
1166 3773 1286 3836 labores,

132 3844 256 3907 exsilia,
270 3858 400 3896 carorum
422 3845 595 3899 amissiones.
634 3847 720 3899 Nihil
738 3855 834 3900 tamen
852 3855 945 3899 muto:
978 3847 1028 3898 sed
1054 3841 1287 3910 insequentibus

131 3917 235 3967 vitiosa
254 3915 451 3984 interpunctio
471 3925 521 3981 est,
545 3935 617 3986 quae
636 3935 672 3970 ex
689 3918 762 3969 bona
780 3917 922 3970 sententia
945 3916 1082 3968 insulsam
1097 3911 1202 3965 reddit.
1240 3911 1287 3964 Tu

131 3987 175 4038 sic
194 3986 354 4059 distingue:
374 3986 509 4039 interitus
525 3988 646 4055 patriae,
666 3988 807 4053 exsilium,
833 3987 952 4040 servitus
970 3986 1094 4053 denique.
1131 3982 1167 4034 In
1185 3980 1230 4036 tie
1248 3988 1286 4035 tot

133 4063 160 4109 et
179 4056 268 4110 tantis
287 4083 320 4094 -
347 4062 437 4124 potest
461 4063 521 4109 esse
544 4059 664 4126 sapiens.
707 4058 796 4123 Quod,
822 4057 872 4110 ubi
896 4056 967 4109 haec
989 4056 1170 4123 scripseram,
1198 4051 1286 4104 etiam
1375 4104 1378 4112 ,

131 4128 302 4181 Lambinum
325 4136 405 4180 recte
430 4126 548 4180 edidisse
570 4128 664 4183 video.

204 4200 273 4252 lbid.
311 4197 436 4264 Quodsi
454 4199 555 4251 titulus
571 4197 618 4257 laic
636 4200 753 4252 delectat
772 4195 899 4265 insignis
917 4202 943 4251 et
959 4194 1095 4265 palchen]
1131 4196 1286 4263 Perper-am

131 4268 182 4322 bic
201 4269 369 4323 Gebhardus
388 4289 424 4323 ex
442 4271 499 4321 suis
517 4269 663 4322 codicibus
682 4271 798 4338 reponit
807 4270 897 4332 Quod,
918 4286 985 4320 cum
1002 4266 1166 4330 Lambinus,
1185 4264 1284 4329 Aldus,

131 4341 286 4405 Victorius,
305 4351 427 4412 tuusque
445 4341 498 4394 ille
515 4340 745 4404 codereximius
765 4356 849 4411 quos
871 4339 1009 4393 habeant:
1036 4354 1107 4406 quae
1125 4335 1286 4390 certissima
1326 4324 1355 4377 ἠ
1422 4359 1424 4361 >

131 4410 221 4466 lectio
246 4419 297 4465 est.
