2856 5084
208 269 272 337 378
490 268 713 336 EXGURSUS
734 272 794 336 IX.
817 271 860 335 ad
876 217 923 339 ll.
947 273 996 340 lt.
1017 273 1069 341 33.

208 431 393 487 Philoctetam
411 430 512 488 illum?
531 437 558 488 A
576 442 604 490 te
622 439 696 493 enim
713 439 786 491 malo
806 438 912 491 discere
928 437 1025 490 sed-
1044 456 1060 489 a
1078 431 1154 491 MSS.
1174 433 1284 490 nostris
1303 438 1365 521 ple·

208 504 306 572 risque
326 506 521 558 confirmatam
547 509 634 577 prim.
655 517 722 561 tert.
743 518 836 578 quart.
863 509 956 577 quint.
978 508 1060 559 Febr.
1079 507 1155 562 Pith.
1175 507 1271 560 Vatic.
1292 509 1365 562 hcet

206 575 360 626 Lambinus
379 593 444 628 cum
463 579 588 630 Manutio
616 580 739 653 refingat
765 586 814 632 aut
833 577 1031 632 Prometheum·
1046 586 1095 630 aut
1114 587 1170 630 etc.
1208 577 1285 630 Cum
1305 578 1365 631 Gu-

207 644 298 696 lielm.
319 646 350 697 in
369 647 425 698 suis
444 663 462 700 a
480 649 643 716 reperisset,
663 651 828 704 coniectura
837 650 942 712 ,ductus
950 647 1064 701 volebat
1083 663 1124 701 ac.
1151 648 1248 724 Vulgo
1256 653 1266 701 ε’
1282 655 1364 717 poles

207 713 302 767 dicere
321 725 374 768 etc.
398 717 434 781 [v.
455 735 519 773 ann.
540 719 684 787 Schotti.].

279 784 464 840 Bouhierius:
496 789 568 841 Cum
587 790 653 842 Cod.
673 792 742 864 Reg.
770 789 882 842 faciunt
905 797 963 841 tres
986 790 1084 842 Leidd.
1109 789 1166 841 nisi
1191 788 1271 858 quod
1289 807 1363 842 unus

206 853 293 909 habet
310 858 415 910 Illam?
446 860 526 911 illum
549 862 621 913 enim
646 876 662 911 a
688 868 713 913 te
735 868 788 913 etc.
810 891 840 901 -
880 860 941 910 Atii
962 860 1068 912 habent
1094 865 1142 912 aut
1167 857 1364 914 Pr0metheum

207 933 257 978 aut
275 927 457 981 Philoctetam
475 931 570 983 illum:
592 940 620 984 et
638 931 692 983 hoc
712 948 764 1003 ego
782 931 928 1002 praefero:
948 932 1076 999 primum
1096 932 1171 982 enim
1191 948 1279 1000 supra
1296 933 1364 983 Pro-

150 1036 152 1040 .
206 998 316 1050 methei
336 1001 465 1067 querelas
485 1002 626 1070 exposuit,
651 1002 752 1054 deinde
778 1019 814 1053 ex
830 1001 926 1052 verbis
945 1001 995 1054 ille
1013 1008 1085 1053 certe
1107 996 1160 1054 aon
1178 1000 1269 1066 fortia
1287 1001 1363 1054 illud

206 1079 334 1138 apparet,
355 1087 420 1121 eum
439 1071 473 1124 de
492 1072 598 1125 duobus
618 1089 675 1125 esse
692 1074 833 1136 locutum,
858 1087 981 1139 quorum
998 1072 1143 1140 posterior
1160 1071 1298 1124 videatur
1316 1089 1363 1124 re·

205 1139 432 1208 prehendendus.
470 1144 635 1215 Legerimi
657 1144 729 1194 itur:
761 1142 834 1194 Num
852 1139 969 1193 humana
987 1148 1201 1194 contemnentem
1217 1149 1299 1210 potes
1317 1143 1363 1195 di-

206 1225 268 1262 cere
286 1216 335 1262 aut
353 1209 539 1266 Prometheum
559 1219 607 1266 aut
649 1212 809 1266 hiloctetam
827 1212 927 1264 illum?
959 1214 1032 1264 Ate
1057 1212 1130 1265 enim
1147 1213 1223 1265 malo
1242 1213 1362 1266 discere.

206 1278 263 1333 Sed
280 1280 328 1333 ille
347 1279 421 1334 certe'
440 1300 494 1336 non
510 1283 605 1349 fortis,
625 1286 672 1350 qai
690 1293 744 1336 etc.
1026 1332 1028 1336 ,
1161 1332 1164 1336 Α

160 1407 166 1422 .
277 1349 490 1406 Lallemannus:
511 1356 600 1406 Voces
619 1362 667 1406 aut
684 1352 875 1406 Prometheum
894 1353 996 1405 desunt
1015 1353 1046 1404 in
1065 1352 1154 1429 regiis
1174 1351 1274 1417 doda,
1294 1370 1364 1423 quas

207 1437 222 1472 e
240 1422 297 1472 suis
316 1422 482 1475 adiecerunt
500 1425 652 1489 Manutius,
660 1425 832 1486 =Lambinus,
852 1423 983 1475 Davisius
1003 1423 1063 1488 [hic
1081 1424 1196 1476 nonnisi
1209 1423 1242 1473 in
1255 1425 1313 1476 ud.
1325 1422 1363 1488 1.]

206 1493 260 1543 Pro
279 1493 395 1557 discere,
427 1503 459 1545 ut
484 1504 647 1547 constanter
673 1495 749 1569 regii
768 1494 852 1546 Godd.
881 1511 948 1546 curn
975 1494 1144 1560 Davisianis,
1172 1486 1304 1548 dedimus
1327 1510 1364 1546 ex

207 1561 372 1614 coniectura
389 1565 515 1617 Bentleii
535 1565 688 1630 discedere,
716 1565 791 1633 quod
810 1582 905 1618 sensus
923 1563 1056 1634 postulat.
1172 1577 1175 1580 ’

276 1632 428 1686 Ernestus:
459 1637 604 1688 Bentleius
628 1645 692 1705 post
714 1642 791 1704 potes
816 1635 924 1687 addidit
943 1641 976 1691 te.
1005 1652 1064 1688 non
1088 1636 1167 1688 bene.
1193 1633 1246 1686 alii
1265 1635 1362 1691 aliter.

207 1701 336 1756 Fortasse
355 1700 544 1764 ἅνακόλουθος
563 1715 605 1759 est
625 1707 727 1770 oratio,
760 1714 793 1757 ut
818 1721 872 1776 pro
896 1705 998 1770 altero,
1027 1712 1075 1759 aut
1092 1703 1297 1771 Prometheum,
1324 1705 1363 1757 sit

206 1773 295 1826 illud:
328 1773 385 1827 Sed
402 1776 450 1828 ille
469 1781 539 1830 certe
564 1794 617 1830 nou
635 1776 732 1840 fortis,
766 1777 817 1845 qui
845 1783 886 1828 est
905 1775 1099 1828 Prometheus.
1137 1775 1193 1829 Sed
1212 1776 1364 1851 eleganter

206 1845 334 1898 correxit
352 1847 498 1899 Bentleius
515 1848 667 1922 vulgatum
692 1845 808 1911 discere,
834 1845 959 1898 scribens
985 1845 1139 1901 discedere.
1345 1855 1349 1861 '

216 1935 219 1942 '
277 1933 486 1988 Nissenius.-
506 1966 538 1976 —
560 1942 609 1988 aut
630 1935 808 1988 Philoctetam
828 1934 922 2000 illum]
959 1934 1046 1987 Abest
1063 1935 1187 1986 alterum
1206 1943 1265 2000 aut,
1287 1934 1364 2004 quod

205 2003 279 2056 Ern.
299 2004 417 2073 quidem
444 2007 486 2057 sic
510 2007 647 2071 defendit,
675 2015 708 2057 ut
727 2024 768 2067 ea,
796 2022 868 2074 quae
893 2013 1065 2073 sequuntur:
1090 2005 1139 2057 sed
1158 2005 1207 2058 ille
1227 2013 1283 2058 etc.
1305 2006 1364 2058 sint

205 2091 259 2142 pro
277 2082 324 2126 aut
342 2074 539 2131 Prometheum.
577 2077 615 2128 At
634 2075 709 2128 alter
728 2075 777 2128 ille
796 2083 839 2135 est
858 2076 917 2143 ipse
936 2073 1109 2141 Philoctetes,
1136 2084 1171 2125 ut
1188 2082 1311 2146 apparet
1330 2092 1365 2128 ex

206 2145 291 2196 Finn.
313 2145 350 2197 11.
369 2150 413 2201 29.
451 2147 512 2199 Alii
530 2147 636 2198 addunt
655 2153 703 2198 aut
721 2143 917 2208 Prometheum,
937 2155 971 2196 ut
988 2146 1088 2214 Bipp.;
1115 2145 1214 2198 sedeo
1234 2148 1365 2198 refutan-

206 2223 265 2281 tur,
292 2216 367 2284 quod
393 2217 470 2267 nihil
497 2217 637 2286 sequitur,
667 2217 742 2285 quod
770 2217 805 2267 ad
830 2217 923 2284 ipsum
947 2216 1101 2284 pertineat.
1143 2215 1217 2267 Mihi
1245 2216 1365 2284 quidem

207 2286 391 2347 drauilovdoe
409 2288 501 2340 oratio
520 2289 644 2339 videtur.
681 2289 755 2338 Nam
772 2286 868 2338 verbis
887 2285 1067 2355 interpositis
1086 2300 1104 2338 a
1122 2292 1148 2338 le
1168 2312 1200 2322 —
1220 2286 1365 2339 discedere

207 2358 361 2410 confestim
380 2359 416 2410 ad
426 2358 616 2411 Philoctetam
634 2375 775 2423 reversus,
795 2357 924 2421 alterius,
943 2373 1030 2424 quem
1049 2357 1081 2406 in
1098 2365 1195 2410 mente
1213 2356 1364 2422 habuerat,

207 2427 312 2479 oblitus
337 2435 387 2479 est.
1331 2427 1338 2431 ’

278 2497 420 2551 lleishiusc
452 2499 540 2550 Facio
559 2516 626 2550 cum
644 2498 690 2563 iis,
716 2497 767 2565 qui
792 2504 871 2567 potes
897 2495 992 2549 dicere
1014 2493 1207 2551 Prometheum
1228 2505 1279 2552 aut
1297 2496 1366 2552 Phi-

207 2567 334 2621 loctetam
354 2569 465 2640 legunt,
492 2578 521 2621 et
541 2568 649 2622 discere
669 2568 790 2632 inalunt,
810 2586 895 2636 quam
915 2567 1068 2620 discedere.
1106 2569 1175 2621 Loci
1194 2569 1275 2621 enim
1293 2569 1365 2622 haec

207 2648 250 2690 est
262 2639 416 2690 sententia:
434 2640 588 2714 interrogo
606 2649 646 2703 te,
666 2638 805 2707 responde
821 2637 904 2702 mihi,
925 2638 1061 2689 estnevir
1078 2637 1164 2690 fortis
1176 2640 1366 2692 Prometheus

206 2717 256 2760 aut
273 2708 464 2762 Philoctetes?
496 2728 562 2762 nam
586 2728 621 2762 ex
647 2717 676 2760 tc
694 2708 793 2760 audire
813 2709 898 2768 malo,
927 2708 1057 2780 quamuis
1082 2708 1142 2777 ipse
1164 2727 1280 2779 possem
1298 2726 1366 2776 pro-

207 2779 349 2834 nuntiare.
388 2780 459 2845 Quia
485 2789 582 2833 tarnen
607 2787 641 2832 tu
659 2786 734 2831 taces
754 2787 783 2830 et
801 2777 974 2830 sententiam
995 2786 1075 2829 tuam
1093 2779 1177 2843 celas,
1204 2781 1365 2850 pronuntio

206 2852 313 2904 fortem
341 2847 407 2902 euin
425 2852 508 2904 nullo
535 2851 618 2903 modo
643 2867 700 2902 esse
719 2865 808 2918 posse,
839 2849 890 2917 qui
908 2848 992 2900 iacet.
1014 2875 1048 2884 —
1085 2847 1196 2901 Similis
1222 2859 1264 2902 est
1283 2851 1365 2903 locus

207 2938 232 2978 c.
251 2925 295 2977 22.
315 2921 337 2987 d.
357 2924 400 2976 hl.
420 2940 505 2992 quem
529 2923 640 2991 pariter
664 2919 811 2972 Bentleius
835 2918 974 3038 corrupit,
1003 2919 1051 2969 ubi
1071 2919 1180 2971 servari
1198 2919 1284 2975 debet
1301 2921 1367 2974 vul-

207 3001 273 3068 gata
290 2993 391 3045 lectio:
424 2994 473 3045 sed
496 2995 541 3057 fac
559 2999 647 3043 totum
665 2990 760 3042 dolere
784 3005 899 3055 corpus;
947 3004 980 3039 oo
999 2997 1056 3042 est:
1089 2989 1139 3041 sed
1157 2991 1228 3058 quid
1251 2992 1364 3063 pedem,

208 3063 280 3131 quid
298 3063 395 3114 dentes
414 3063 496 3114 dico?
518 3065 563 3114 sac
583 3070 676 3114 totum
695 3077 797 3130 corpus
816 3059 922 3111 dolere.

230 3179 232 3182 <
277 3150 466 3214 FAWolfius:
494 3149 601 3200 Nullus
627 3147 713 3200 habet
733 3149 800 3202 God.
828 3155 876 3199 aut
903 3144 1095 3200 Prometheum
1115 3147 1276 3217 [receperat
1294 3149 1366 3204 haec

206 3220 292 3271 verba
310 3220 362 3273 W.
391 3221 422 3271 in
448 3219 500 3270 Ed.
521 3217 570 3284 1.].
607 3217 722 3283 Addidi,
755 3219 845 3270 donec
868 3218 971 3269 melius
996 3219 1066 3286 quid
1089 3220 1263 3288 reperiatur,
1298 3237 1366 3272 cum

206 3296 255 3342 aut
279 3287 463 3342 Philoctetam
489 3286 614 3341 alterum
640 3288 775 3341 videatur
798 3287 955 3340 desiderare
984 3288 1159 3357 exemplum.
1205 3289 1366 3344 Herculem

206 3376 264 3412 non
282 3369 396 3430 poterat
414 3360 519 3423 dicere,
547 3359 604 3410 nisi
631 3375 697 3410 eum
722 3360 830 3411 fortem
855 3375 913 3410 esse
941 3375 1047 3432 negare
1066 3359 1166 3416 vellet.
1203 3359 1259 3424 Qui
1277 3361 1364 3415 codd.

130 3454 132 3458 ·
206 3431 314 3484 addunt
332 3428 520 3484 Prometheum
539 3437 618 3482 certe
638 3445 696 3481 non
713 3429 819 3482 habent
841 3430 965 3481 alterum
984 3434 1031 3480 aut
1051 3427 1111 3497 [sed
1128 3448 1156 3481 v.
1175 3447 1261 3500 supra
1280 3430 1367 3485 eodi-

207 3518 273 3555 cum
299 3501 393 3567 lectt.]
421 3501 535 3571 Optime
562 3517 629 3552 cum
654 3499 784 3552 Bentleio
810 3499 971 3552 correxeris
995 3506 1074 3565 potes
1103 3505 1130 3552 te
1155 3499 1274 3568 dicere,
1291 3501 1366 3573 quud

207 3573 426 3624 commendatur
443 3572 530 3625 etiam
549 3571 746 3640 sequentibus:
774 3587 791 3623 u
810 3577 835 3622 le
854 3569 928 3622 enim
948 3569 1023 3621 malo
1043 3568 1197 3624 discedere.

277 3659 415 3712 Orellius=
447 3659 559 3728 Sequor
577 3660 712 3712 Codicem
730 3660 863 3733 Regium,
890 3657 947 3709 nisi
974 3657 1049 3726 quod
1074 3657 1124 3710 hie
1147 3657 1235 3710 habet
1254 3657 1366 3714 discere

205 3748 260 3801 pro
286 3731 435 3784 discedere.
475 3729 547 3780 Mihi
572 3731 687 3796 quidem
712 3728 902 3794 ἀποσιώπησις
928 3728 1044 3780 videtur
1069 3728 1222 3781 admodum
1247 3731 1363 3784 urbana.

204 3802 288 3853 Alius
307 3802 441 3854 dixisset:
470 3807 517 3851 aut
536 3799 715 3853 Philoctetam
733 3800 822 3864 illum,
841 3806 890 3850 out
908 3805 951 3853 te.-
975 3814 1028 3868 pro
1046 3797 1102 3851 hoc
1120 3807 1216 3851 autem
1235 3802 1365 3856 membro

205 3868 402 3934 ἅνακολούθως
420 3871 533 3943 pergit:
554 3887 570 3922 a
590 3879 615 3925 te
635 3871 708 3924 enim
725 3872 799 3923 malo
819 3869 969 3923 discedere.
1004 3868 1052 3920 Sic
1073 3871 1173 3921 statuit
1192 3869 1281 3922 etiam
1301 3873 1365 3926 otto

208 3945 238 3995 in
256 3946 388 3997 Excursu
412 3943 445 3995 de
469 3943 658 3995 Anacoluthis
683 3941 717 3994 ad
743 3942 802 3997 Cic.
831 3942 864 3992 de
883 3941 968 3991 Finn.
995 3957 1028 4008 p,
1044 3942 1105 3996 394.
1144 3940 1244 3992 Paullo
1269 3941 1364 4007 aliter,

207 4033 261 4068 nec
286 4025 374 4081 recte,
407 4015 518 4066 Nissen.
549 4013 677 4067 defendit
704 4021 831 4064 nostram
856 4011 1022 4062 lectionem.
1060 4010 1114 4061 Ille
1140 4011 1174 4064 de
1193 4012 1365 4065 Prometheo

190 4087 281 4139 ¹inire
301 4085 461 4156 explicabat
478 4087 561 4151 Ern,
585 4102 675 4152 quum
694 4084 879 4158 intelligatur
896 4079 1079 4135 Philoctetes.

279 4174 383 4227 Orellii
401 4174 568 4238 lectionem,
593 4190 679 4243 quam
697 4173 783 4224 unice
803 4171 890 4223 etiam
912 4171 1013 4240 probat
1031 4169 1195 4235 Kiihnerus,
1223 4186 1277 4244 ego
1298 4187 1367 4241 quo·

209 4262 265 4314 que
283 4246 431 4314 amplexus
451 4262 524 4309 sum,
556 4245 702 4296 cum-fere
722 4241 798 4294 nihil
818 4241 851 4292 ab
870 4241 987 4311 optimis
1012 4240 1095 4292 libris
1114 4239 1238 4305 recedat,
1268 4249 1298 4294 et
1316 4241 1368 4294 ali-

211 4322 280 4384 quot
304 4316 390 4369 etiam
415 4315 483 4368 libri
511 4315 579 4367 adeo
603 4314 756 4368 exhibeant
780 4312 930 4377 discedere,
962 4313 1040 4382 quod
1064 4311 1123 4385 sola
1145 4311 1274 4364 Bentleii
1299 4329 1367 4365 con·

203 4380 322 4438 ‘iectura
346 4384 401 4437 niti
427 4385 584 4438 videbatur.
629 4384 746 4438 Codices
776 4392 873 4437 autem
907 4398 1014 4447 omnes,
1053 4398 1124 4451 quos
1151 4398 1209 4435 non
1243 4383 1367 4436 diximus

930 4629 939 4656 Ι
