2856 5084
530 271 658 337 mean
679 271 726 354 v,
748 272 819 341 15..
878 310 881 317 ·
913 254 919 267 “
1196 275 1239 341 ea

83 457 197 517 nores,
225 438 379 521 imperia,
412 458 503 523 opes,
525 439 682 524 gloriam3
714 439 743 500 ri
764 438 927 516 fueritis,
950 439 1008 522 qui
1028 440 1109 502 haec
1129 437 1240 520 habet,

84 524 242 598 iniustus,
265 526 507 604 intemperans,
530 521 678 600 timidus,
707 522 820 599 hebeti
852 524 987 608 ingenio
1008 532 1108 604 atque
1129 523 1239 587 nullos

84 605 298 667 dubitabisne
322 626 397 666 eum
418 608 580 668 miserum
603 603 737 666 dicere?
780 603 901 668 Qualia
922 607 1031 690 igitur
1057 609 1122 666 ista
1153 606 1241 669 bona
1278 680 1281 685 .

81 696 171 766 sunt,
202 707 286 769 quae
319 690 376 770 qui
404 688 535 761 habeat,
557 688 767 750 miserrimus
791 707 861 749 esse
882 684 1004 769 possiti
1046 687 1240 766 Videamus,

82 791 137 847 ne,
159 778 199 831 ut
221 790 363 831 acervus
386 791 427 833 ex
449 773 500 830 sui
522 772 802 869 generis'graniS‚
824 772 872 832 sic
895 771 990 831 beata
1016 771 1088 831 vita
1116 791 1155 832 ex
1187 773 1241 834 sui

82 852 251 914 similibus
273 853 427 934 partibus
449 853 536 914 effici
558 852 685 917 debeat.
730 851 826 916 Quod
853 852 882 914 si
903 854 952 934 ita
973 859 1034 931 est,
1062 873 1103 915 ex
1131 853 1239 932 bonis,

82 954 169 1017 quae
191 936 261 998 sola
283 936 422 998 lionesta
450 943 540 1015 sunt,
570 933 782 998 efficiendum
811 943 862 997 est
883 935 1037 998 beatum:
1070 956 1109 997 ea
1136 932 1241 998 mixta

79 1063 255 1070 --.--—->--

83 1123 134 1179 Ox.
154 1121 218 1178 noli
237 1124 307 1178 inde
322 1116 462 1195 suspicari
480 1122 654 1196 alterutram
671 1139 772 1176 vocem
791 1121 887 1205 deberi
905 1121 1070 1200 glossatori.
1089 1121 1241 1193 Absorpsit
1286 1192 1289 1197 q

84 1215 219 1272 voculam
238 1215 342 1268 ultima
361 1215 560 1284 praecedentis
580 1213 713 1267 vocabuli
732 1213 843 1281 syllaba
861 1214 895 1264 E.
929 1211 972 1265 De
990 1211 1143 1281 utriusque
1160 1213 1241 1264 vocis

84 1303 138 1338 usu
156 1287 214 1340 vid.
235 1286 417 1339 Doederlein.
438 1286 512 1337 Lat.
533 1285 664 1355 synon.
694 1304 722 1337 u.
742 1283 898 1354 Etymol.
919 1283 958 1335 11.
983 1300 1013 1352 p.
1035 1285 1094 1336 136.
1130 1285 1238 1337 Vocem

86 1357 122 1409 da
140 1359 281 1410 omittunt
302 1359 358 1411 duo
378 1356 447 1409 Oxx.
468 1359 543 1409 Mon.
563 1361 588 1410 2.
609 1355 644 1412 G.
666 1357 747 1409 cuius
765 1355 848 1409 verbi
867 1355 966 1408 omissi
986 1354 1048 1406 sine
1067 1352 1153 1406 dubio
1172 1371 1242 1424 pro·

86 1428 165 1480 xima
189 1429 300 1498 syllaba
323 1430 354 1480 di
372 1445 454 1480 causa
479 1435 530 1481 est.
568 1428 668 1501 Pergit
685 1423 776 1480 Rehd.
802 1424 933 1477 bonorem.
975 1424 1010 1476 ln
1034 1423 1108 1477 Gud.
1131 1425 1241 1479 excidit

86 1499 122 1551 is.
142 1500 173 1551 in
192 1517 250 1552 uno
270 1502 318 1552 Ox.
340 1499 431 1563 babet,
461 1498 543 1550 cuius
568 1498 633 1550 loco
657 1498 713 1550 duo
739 1514 805 1550 cum
824 1495 922 1552 Duisb.
953 1494 1090 1549 exhibent
1115 1494 1242 1549 babebit:

84 1577 148 1622 tum
171 1571 245 1624 Mon.
268 1577 292 1628 l.
318 1570 422 1638 habeti,
445 1571 533 1626 lllarb.
561 1568 640 1632 edati,
674 1567 766 1622 Rehd.
794 1567 884 1619 hebeti
910 1566 1019 1618 animo
1037 1566 1148 1633 ingenio
1175 1565 1241 1632 (ubi

84 1641 178 1714 glossa
197 1643 320 1712 irrepsit
339 1642 370 1693 in
390 1641 496 1693 seriem
515 1640 682 1702 orationis3)
711 1637 786 1690 Gud.
807 1643 832 1693 2.
853 1644 885 1690 el
903 1637 1001 1692 hebeti.
1030 1635 1073 1690 De
1091 1637 1124 1689 vi
1142 1639 1240 1691 inteu-

84 1712 146 1764 siva
170 1714 252 1767 rocis
276 1720 354 1780 atque
381 1711 441 1764 vid.
472 1710 614 1764 Goerenz.
640 1711 675 1763 ad
695 1711 755 1764 Cio·
783 1709 819 1761 de
838 1710 899 1782 Lag
922 1708 1000 1761 .111.
1022 1712 1062 1763 14.
1083 1711 1126 1762 32.
1164 1710 1241 1780 Moe-

82 1781 165 1836 bium
183 1784 218 1836 ad
238 1783 298 1837 Cic.
318 1801 363 1853 pr.
384 1784 452 1906 Lep.
472 1785 546 1835 Man.
568 1786 611 1844 18,
630 1784 673 1837 54.
694 1799 722 1851 p.
742 1785 786 1838 61.
806 1729 930 1836 Benecfi.
949 1781 985 1834 ad
1004 1778 1064 1832 cic.
1086 1779 1172 1833 Catil.
1190 1779 1239 1835 lv·

84 1857 159 1976 gp
180 1856 244 1908 293.
281 1855 390 1907 Handii
417 1853 576 1907 'ursellin
596 1854 621 1921 1,
644 1869 674 1922 p.
693 1855 745 1916 406
764 1869 807 1922 sq.
844 1851 900 1904 Pro
928 1852 1002 1904 nullo
1026 1859 1068 1905 est
1090 1853 1189 1904 nullum
1207 1850 1240 1907 in

110 1924 216 1977 o.Au
241 1964 246 1976 .
284 1925 342 1981 Mr.
1128 1953 1130 1956 ·

156 1943 330 2050 ἀαὸιξαόἱᾶηε
348 2012 402 2048 eam
420 1996 541 2048 miseram
553 1995 685 2063 dicerei]
703 1995 785 2050 Unus
805 1993 855 2048 Ox.
876 1992 1044 2047 dubitabisne
1063 2000 1110 2057 tu,
1128 1995 1203 2048 Mon.
1212 1998 1238 2051 1.

83 2066 222 2120 dubitabis
249 2074 299 2131 tu,
326 2067 400 2121 alius
420 2068 470 2123 Ox.
501 2069 695 2120 dubitatione.
738 2065 808 2119 lnde
838 2067 871 2119 ab
897 2064 954 2118 hoe
979 2066 1068 2121 verbo
1093 2065 1240 2135 usquead

60 2149 64 2156 ’
81 2139 169 2204 possit
188 2139 293 2194 desunt
311 2139 407 2191 omnia
426 2140 458 2192 in
477 2138 545 2194 eod.
565 2137 650 2192 Vind.
673 2143 696 2192 l.
732 2138 768 2189 In
788 2137 896 2190 duobus
915 2137 984 2189 Oxx·
1006 2146 1050 2190 est
1066 2137 1240 2190 miserrimum

83 2211 212 2279 itemque
233 2211 264 2262 in
282 2209 393 2272 Duisb.;
414 2212 510 2262 ducere
530 2225 584 2280 pro
603 2210 694 2261 dicere
711 2209 798 2262 habet
815 2227 889 2261 unus
908 2208 988 2263 Leid.
1008 2209 1063 2262 Per
1085 2209 1108 2259 it
1124 2211 1201 2260 Mon.
1211 2211 1238 2264 2.

83 2282 177 2347 qualia
195 2281 251 2332 ista
269 2281 368 2344 igilur,
388 2280 460 2356 Aug.
482 2283 574 2347 qualia
593 2280 684 2344 igitar
702 2281 772 2334 bona
789 2287 850 2332 sant
867 2279 930 2330 ista.
958 2281 1039 2334 Unus
1058 2228 1109 2334 ix.
1128 2280 1241 2332 omittit

82 2358 154 2417 aaut,
183 2369 250 2403 cum
271 2351 346 2405 Gud.
367 2352 448 2403 Idem
467 2352 515 2404 Ox.
545 2349 663 2405 exhibet
686 2351 774 2406 babet.
811 2349 855 2404 De
879 2357 1023 2403 structura
1041 2350 1185 2415 videamus,
1207 2364 1241 2402 ne

83 2423 142 2473 vid.
164 2420 317 2474 Doeleckii
335 2421 460 2474 Dtsch.
480 2422 552 2474 Lat.
573 2421 721 2475 Graium.
747 2439 776 2492 p.
795 2424 857 2477 272.
895 2421 950 2475 Est
977 2423 1056 2474 enim
1077 2420 1107 2473 h.
1128 2420 1149 2472 l.
1168 2437 1239 2485 none

84 2500 118 2543 ut
138 2509 221 2560 saepe
240 2491 317 2560 apud
337 2493 515 2557 Ciceronem,
535 2493 555 2548 i.
576 2511 604 2562 q.
625 2510 764 2547 caveamus
782 2509 814 2545 ne
832 2494 881 2546 vel
899 2493 1038 2545 verendam
1057 2499 1107 2553 est,
1127 2507 1168 2553 ne,
1190 2490 1242 2559 sed

85 2563 105 2613 i.
126 2580 153 2631 q.
173 2563 318 2625 videamus,
339 2579 494 2615 annon-
515 2563 534 2620 i.
556 2581 580 2628 e,
600 2563 760 2617 ridetur-
780 2565 855 2630 effice?
873 2565 1021 2618 debere.—
1040 2564 1108 2618 Cod.
1118 2562 1203 2615 Vind.
1214 2567 1240 2619 1.

82 2633 171 2686 habet
189 2635 317 2695 videmus,
336 2635 392 2687 duo
402 2634 471 2686 Oxx.
484 2652 537 2706 pro
547 2652 580 2686 ne
590 2634 698 2690 habent
716 2651 793 2699 nanc,
814 2634 944 2698 (confusa
956 2636 1113 2705 scriptione
1126 2649 1159 2686 ne
1172 2651 1240 2688 cum

82 2705 150 2769 net)
170 2706 202 2756 in
220 2704 319 2756 Duisb.
339 2713 381 2758 est
399 2708 475 2773 neqd.
513 2707 569 2759 Pro
587 2715 616 2759 at
634 2725 709 2760 unus
728 2708 777 2760 Ox.
797 2706 883 2760 habet
902 2713 940 2770 la,
960 2706 1034 2760 alius
1054 2706 1163 2757 omittit
1177 2723 1240 2760 eam

82 2776 226 2829 voculam.
264 2777 299 2828 ln
325 2794 403 2846 seqq.
432 2778 564 2848 respicit,
580 2779 795 2854 syllogismum,
826 2795 913 2847 quem
933 2777 1037 2831 Graeci
1055 2776 1241 2846 appellabant

44 2896 47 2901 .
82 2855 222 2915 σωρείτην,
244 2847 344 2900 Cicero
364 2849 398 2900 de
417 2848 483 2901 Div.
504 2849 542 2904 ll.
562 2852 589 2904 4-
609 2851 766 2902 acervalem.
782 2847 871 2901 ‘Tum
891 2851 966 2901 Mon.
987 2854 1011 2904 1.
1030 2849 1102 2900 sais
1119 2847 1239 2914 generis,

81 2917 170 2970 Marb.
190 2919 300 2983 grauis,
319 2920 374 2971 duo
394 2918 465 2972 Oxx.
485 2919 601 2984 gannim
630 2920 662 2972 in
687 2936 746 2972 uno
773 2921 854 2973 deest
881 2919 953 2972 haec
971 2935 1037 2974 vox.
1074 2916 1146 2970 Tres
1166 2918 1237 2971 Oxx.

83 2989 158 3042 Gud.
185 2988 283 3041 Duisb.
308 2989 416 3042 habent
442 2992 520 3043 saie
548 2990 692 3054 similibus,
717 2993 793 3044 Mon.
818 2995 844 3047 1.
873 2990 1006 3042 similibus
1023 2986 1075 3050 sai,
1102 2989 1187 3041 Vind.
1210 2992 1237 3045 Ι.

81 3061 158 3126 effici
174 3060 310 3128 partibas,
331 3060 404 3113 Gud.
425 3066 449 3116 2.
471 3060 582 3125 orarittit
598 3062 735 3127 partibus.
768 3061 849 3114 Unus
868 3062 917 3118 Ox.
937 3061 1037 3135 pergit
1056 3059 1155 3112 statim
1169 3059 1240 3130 quod

81 3133 109 3185 ei
127 3131 168 3184 ila
188 3147 272 3192 esse.
293 3131 367 3204 Aug.
388 3133 502 3184 omittit
520 3132 624 3195 debeat,
645 3135 720 3202 quod
739 3132 791 3184 illa
808 3133 896 3186 verba
913 3131 1069 3202 praecedit.
1106 3132 1165 3187 Mr.

153 3202 330 3269 efficiendas
349 3207 389 3253 est
408 3203 535 3269 beatus]
550 3262 553 3266 b
571 3203 646 3269 „Sic
665 3222 719 3256 ms.
739 3204 837 3259 Guelf.
866 3213 953 3268 recte.
990 3202 1148 3275 Vulgatum
1172 3199 1238 3267 effi·

82 3273 203 3327 ciendam
221 3280 261 3325 est
281 3273 383 3326 beatam
402 3281 517 3326 rectum
536 3291 595 3326 non
614 3281 666 3339 est,
686 3276 718 3326 in
737 3290 793 3342 quo
812 3275 915 3326 beatum
940 3282 1015 3327 esset
1036 3287 1091 3342 pro
1115 3273 1238 3334 beatitu-

82 3345 158 3410 dine,
166 3343 303 3468 hquopthh.
323 3344 344 3398 1.
365 3345 455 3398 nimis
480 3345 669 3420 graecissat.“
686 3346 754 3399 Era.
792 3344 927 3398 Obsecuti
945 3352 1012 3400 sunt
1029 3343 1154 3397 Ernesto
1172 3343 1237 3417 Bip.

79 3419 165 3470 Mann
189 3459 196 3472 .
268 3432 290 3469 r.
722 3458 725 3462 .

152 3487 319 3554 efficiendam
338 3494 378 3540 est
396 3483 509 3552 beatam]
546 3488 653 3543 Merito
672 3489 762 3542 rediit
780 3487 815 3542 ad
833 3489 976 3543 librorum
1002 3487 1180 3558 optimorum
1207 3493 1238 3541 et
1291 3515 1296 3538 t

79 3558 279 3628 plurimorum
297 3559 454 3612 lectionem
473 3557 651 3613 FAWolflus
669 3567 698 3612 et
716 3560 767 3628 qui
792 3569 859 3628 post
887 3578 953 3613 eum
974 3557 1027 3611 hos
1055 3557 1147 3612 libros
1176 3558 1237 3612 edi·

80 3631 203 3694 derunt5
223 3629 356 3698 cupidius
377 3632 454 3684 enim
474 3632 639 3699 arripuerat
656 3629 728 3684 Ern.
748 3631 903 3685 lectionem
924 3630 994 3683 libri
1018 3630 1115 3694 unius,
1142 3647 1237 3700 neque

80 3701 233 3752 admodum
251 3701 344 3769 probi.
363 3700 476 3754 Beatum
495 3701 569 3754 dicit
586 3718 639 3770 pro
659 3701 790 3754 beatitate
808 3701 857 3756 vel
871 3700 1046 3766 beatitudine,
1066 3718 1138 3771 quae
1148 3700 1253 3756 verba'

81 3772 145 3840 ipse
172 3769 275 3823 Cicero
301 3773 388 3826 finxit
414 3772 448 3825 de
466 3773 501 3824 N.
520 3772 557 3824 D.
575 3773 599 3828 1.
619 3775 662 3828 34.
683 3775 726 3829 95.
751 3773 847 3829 addita
874 3773 1072 3828 excusatione:
1100 3780 1237 3838 atramque

80 3841 185 3895 omnino
204 3841 310 3893 durum.-
329 3844 377 3894 sed
394 3858 443 3894 usa
460 3844 603 3895 mollienda
621 3844 701 3896 nobis
719 3845 800 3896 verba
818 3852 887 3896 sant.
918 3845 999 3896 Dicit
1016 3851 1113 3895 autem
1132 3840 1237 3894 beatam

79 3922 109 3966 ut
130 3912 233 3967 Graeci
251 3907 282 3964 td
302 3906 448 3982 μακάριον,
467 3905 620 3979 (sossium)
644 3917 732 3969 etiam
756 3915 857 3985 paullo
880 3916 1019 3967 inferius:
1046 3912 1110 3978 quid
1132 3909 1236 3978 poterit

80 3986 184 4037 beatam
208 3983 353 4048 intelligi?
383 3990 412 4038 et
436 3984 471 4038 de
494 3985 580 4040 Finn.
600 3987 633 4041 V.
662 3989 704 4040 23.
730 3989 773 4040 84.
799 3987 932 4048 virtatem,
955 3985 985 4034 a'a
1012 3997 1063 4048 qua
1085 3980 1123 4032 sit
1150 3983 1235 4047 ipsam

80 4058 162 4108 etiam
181 4056 299 4108 beatum:
329 4054 377 4107 ubi
398 4055 616 4109 iamGocrenz.
636 4074 665 4124 p.
686 4059 746 4111 637.
766 4056 889 4108 Ernesti
908 4053 1105 4107 coniecturam
1133 4067 1235 4123 repro·

80 4127 167 4180 bavit.
206 4127 287 4180 Addo
315 4127 531 4178 annotationem
549 4126 705 4182 FAWolfii
731 4144 766 4180 ex
793 4126 880 4190 libro,
908 4125 959 4192 qui
986 4121 1044 4174 boe
1071 4120 1134 4190 ipso
1158 4138 1234 4177 anno

79 4199 195 4267 Lipsiae
220 4199 331 4268 prodiit
357 4196 562 4261 (F.A.Wolfs
586 4197 706 4252 Darst.
733 4196 760 4248 d.
788 4193 949 4247 Altertb.
975 4191 1133 4249 Wschtt.
1160 4211 1187 4244 n.
1208 4211 1233 4247 e.

79 4269 252 4323 Auswahl
271 4290 294 4323 s.
314 4269 468 4321 kleinen
489 4265 623 4332 Schrr.)
641 4284 671 4336 p.
691 4270 739 4322 97:
764 4266 920 4319 Verissima
941 4273 983 4318 est
997 4264 1089 4323 lectio
1108 4263 1238 4329 efficiam,
1265 4268 1267 4271 ’

79 4341 139 4392 dem
157 4347 196 4392 est
215 4342 330 4406 beatam3
350 4340 404 4393 illa
422 4339 530 4394 codicis
551 4336 648 4389 Guelf.
680 4354 734 4390 nec
760 4339 827 4390 satis
852 4344 918 4406 apta
943 4336 1103 4390 sententiae
1129 4344 1158 4389 et
1179 4353 1234 4406 per

80 4429 110 4465 se
127 4427 233 4483 parum
250 4412 353 4477 Latina
371 4418 414 4468 est
431 4419 554 4484 propter
572 4408 692 4465 verbum
710 4407 793 4477 effici.
830 4406 991 4463 Romanum
1016 4406 1156 4464 lectorem
1174 4425 1242 4464 non.
