2856 5084
603 245 733 308 LIBER
752 243 797 323 V,
818 241 849 308 ⁷.
1245 243 1283 305 dl

130 421 292 492 metuent,
313 411 400 474 nihil
421 419 600 498 augentur,
622 411 710 473 nihil
729 409 977 492 concupiscant,
997 407 1089 470 nulle
1104 408 1286 553 impotenti

130 498 259 558 laetitia
287 498 482 574 efferentur,
519 495 608 556 beati
634 497 724 570 siut3
764 497 876 576 itaque
901 489 937 553 id
957 490 1021 552 tibi
1041 509 1142 553 conce
1166 511 1206 553 o:
1240 491 1286 552 el-

131 589 243 640 terum
277 587 388 642 autem
416 580 483 639 iem
509 579 680 663 integrum
709 597 777 638 non
811 585 870 638 est.
923 573 1163 655 Superioribus
1195 575 1286 637 euim

131 659 413 742 disputationibus
435 663 588 725 effectum
610 668 668 732 est,
694 678 816 723 vacare
848 659 941 720 omui
973 656 1079 717 animi
1110 658 1285 735 perturba-

130 744 224 804 tione
264 745 459 826 sapientem.
518 741 575 804 M:
596 741 768 804 Nimirum
807 742 914 827 igitur
942 741 1094 801 confecta
1125 757 1180 800 res
1212 747 1284 801 est:
1302 741 1346 796 18.

130 826 268 887 videtur
290 828 377 887 euim
399 825 441 886 ed
463 826 589 886 exitum
616 824 928 904 venisse'queestio.
971 820 1010 884 A.
1039 820 1288 904 Propemodum

130 907 168 968 id
199 908 342 990 quidem.
393 908 444 969 Μ.
478 907 608 968 Verum
637 914 748 966 temen
780 905 1093 967 mathematicorum
1120 905 1184 966 iste
1216 924 1287 967 mos

134 998 194 1065 cst,
216 999 355 1054 nonest
376 990 662 1073 philosophorum.
704 988 792 1050 Nem
812 995 1014 1074 geometrae,
1038 1006 1140 1066 quum
1163 985 1289 1066 aliquid

132 1190 240 1245 genera
259 1175 328 1228 sint:
348 1189 403 1243 pro
422 1191 478 1242 qua
494 1171 642 1224 locutione
660 1170 751 1223 simili
768 1171 911 1223 sententie
929 1171 987 1222 dici
1004 1178 1132 1240 poterat:
1157 1169 1217 1223 dies'
1233 1187 1289 1226 non

130 1252 234 1316 potest,
253 1246 318 1314 quin
336 1244 397 1296 tria
411 1259 561 1312 -genera
580 1243 646 1296 sint.
682 1245 738 1296 Pro
757 1243 852 1311 atqus'
870 1242 937 1295 cod.
956 1240 1055 1294 Duisb.
1074 1241 1159 1295 habet
1177 1249 1286 1312 atque.

133 1317 224 1371 Rehd.
243 1317 341 1389 pergit
360 1314 459 1368 atiud
477 1313 546 1370 atet.
567 1315 649 1370 Vind.
668 1317 694 1368 2.
715 1313 832 1366 exhibet
850 1315 929 1380 atqui
946 1313 979 1365 st
996 1313 1126 1365 atterum.
1151 1313 1289 1366 Ceterum

133 1388 221 1441 habes
240 1405 357 1456 pravam
375 1387 559 1455 scriptionem
576 1382 607 1436 tu'
624 1401 677 1454 pro
694 1382 719 1437 εἳ
736 1384 792 1437 hoc
811 1400 924 1454 quoque
942 1383 1006 1436 loco
1024 1385 1055 1434 in
1073 1384 1185 1453 aliquot
1199 1384 1287 1455 Codd.

136 1466 165 1511 et
183 1458 273 1523 Edd.;
301 1475 419 1525 eamque
444 1474 479 1509 ex
506 1455 574 1510 eod.
593 1456 672 1578 Req.q
690 1455 778 1508 nimis
803 1455 939 1530 religiose
962 1455 1074 1526 recepit
1099 1455 1168 1507 Dav.
1205 1454 1288 1509 Solus

134 1529 202 1585 cod.
223 1528 309 1581 Merb.
329 1528 414 1581 habet
437 1539 535 1596 quam
558 1525 596 1578 lu'.
671 1543 695 1577 r.

206 1599 261 1654 Qut
278 1599 355 1651 nihil
374 1627 407 1637 -
427 1596 602 1664 ecferuntur]
638 1597 716 1649 Haec
739 1595 825 1649 affert
842 1596 954 1650 Nouius
979 1597 1011 1649 in
1028 1595 1175 1665 impotens:
1199 1594 1288 1661 {cuius

133 1669 204 1723 libri
222 1669 247 1722 si
265 1671 397 1740 corrupti
414 1686 473 1721 non
491 1677 567 1734 sunt,
586 1669 647 1739 ipse
665 1667 816 1722 (lodicibus
833 1669 946 1722 vitiosis
963 1677 1005 1722 est
1023 1686 1098 1720 usus.
1134 1668 1172 1720 D.

173 1796 177 1803 ,
206 1740 254 1811 qut
276 1738 351 1794 nitu
367 1773 400 1789 -
420 1737 589 1807 efferantur]
619 1742 774 1811 Perperam
802 1737 923 1804 Nouius,
958 1739 1009 1810 qui
1035 1739 1132 1793 laudat
1158 1748 1290 1794 nostrum

133 1811 232 1875 locum
247 1831 276 1868 v.
295 1814 434 1881 impotens.
456 1811 569 1864 scribit:
595 1809 669 1864 nitet
692 1816 800 1878 agant
819 1844 852 1854 —
871 1810 950 1864 nulla
973 1810 1192 1880 impotentia
1216 1814 1289 1878 ecte·

135 1888 246 1934 rantur.
283 1881 319 1933 ln
338 1884 405 1937 cod.
424 1885 499 1939 Mon.
520 1886 545 1937 l.
565 1882 677 1956 legitur
695 1887 868 1950 ungantur.
906 1883 1012 1934 Vocem
1030 1882 1173 1951 impotenti
1191 1883 1290 1936 omisit

135 1953 262 2023 scriptor
284 1953 350 2006 God.
376 1953 465 2008 Rehd.
492 1955 613 2006 fortasse
638 1954 755 2028 ignarus
782 1971 843 2006 earn
865 1969 967 2007 vocem
992 1971 1050 2006 esse
1068 1954 1088 2004 i.
1109 1971 1136 2023 q.
1156 1953 1290 2007 immode-

133 2030 213 2086 ratas
232 2025 364 2078 unusOx.
383 2025 469 2078 habet
488 2024 651 2092 inpotenti.
672 2023 846 2076 Goanisb.
865 2023 952 2077 habet
971 2024 1150 2090 efferuntur,
1171 2025 1245 2078 Gnd.
1259 2028 1287 2082 2.

132 2094 222 2152 Marb.
241 2097 367 2162 efferrent.
403 2097 458 2148 Pro
477 2095 552 2149 beuti
569 2095 629 2148 sint
648 2104 690 2148 est
708 2094 782 2148 beati
798 2110 862 2148 non
879 2097 937 2150 sint
956 2095 988 2147 in
1005 2095 1077 2148 Edd
1100 2095 1134 2147 A.
1152 2096 1184 2148 Β.
1204 2095 1231 2149 S.
1253 2096 1288 2148 E:

133 2168 204 2218 Ven.
224 2175 313 2219 nostr.
333 2167 397 2220 Asc.
419 2170 443 2220 1.
462 2168 488 2221 2.
500 2162 588 2219 'Junt
609 2165 686 2236 quod
704 2175 747 2218 est
765 2174 972 2230 correctorum,
998 2167 1049 2235 qui
1071 2182 1129 2220 non
1148 2173 1227 2220 recte
1245 2167 1290 2218 in-

133 2237 305 2310 telligerent
329 2236 405 2290 illud
434 2237 493 2291 ds'cr'
519 2254 573 2291 non
595 2243 697 2305 potest,
725 2245 759 2288 ut
773 2237 882 2289 'bamb
907 2245 936 2290 et
953 2238 1094 2295 Pearcius.
1127 2238 1193 2293 (iod.
1213 2236 1287 2311 Aug.

131 2307 219 2360 habet
236 2309 313 2362 beati
330 2315 413 2361 eunt·
448 2307 549 2382 Pergit
566 2325 640 2360 unus
658 2309 709 2360 Ox.
729 2308 773 2360 M.
792 2309 899 2375 Itaque,
918 2315 950 2358 ut
967 2310 1078 2360 Marcus
1096 2309 1168 2360 haec
1186 2309 1290 2362 dixisse

133 2379 332 2453 significetur3
351 2388 415 2431 tum
432 2395 501 2431 vero
519 2379 585 2430 voci
604 2379 723 2433 alterum
740 2378 829 2431 litera
846 2378 882 2430 Α.
902 2378 1029 2449 praefixa
1047 2387 1097 2431 est.
1134 2379 1194 2434 Mr.

207 2449 335 2502 Alterum
355 2456 448 2502 autem
470 2450 528 2502 iam
551 2449 694 2517 integram
717 2465 770 2502 non
788 2457 830 2503 eet
848 2450 923 2516 etc]
959 2450 1034 2515 „Est
1051 2447 1081 2502 h.
1101 2450 1122 2502 l.
1142 2448 1288 2517 mendum,

135 2519 214 2587 quod
239 2539 255 2572 a
278 2520 395 2574 nemine
418 2518 511 2572 adhuc
533 2520 762 2573 animadversum
786 2537 845 2574 esse
871 2521 972 2572 miror.
1009 2523 1076 2574 Non
1100 2530 1196 2592 potest
1217 2522 1290 2575 haec

133 2590 241 2644 dixisse
260 2590 418 2660 discipulus
436 2590 484 2643 vel
501 2588 616 2644 auditor
633 2591 790 2656 Ciceronis.
826 2591 1023 2660 Praeceptoris
1049 2593 1126 2644 enim
1150 2601 1193 2647 est
1216 2592 1292 2646 iudi·
1343 2604 1348 2609 ·

132 2679 209 2727 cere,
228 2660 394 2732 <postquam
412 2677 578 2715 concessum
594 2671 637 2716 est
653 2663 768 2715 beatum
783 2679 842 2716 esse
859 2663 1008 2715 hominem
1025 2665 1291 2732 perturbationibus

132 2734 267 2798 vacuum)
296 2733 354 2784 iam
381 2749 445 2785 rem
469 2734 505 2786 ed
531 2732 643 2786 exitum
668 2734 789 2789 venisse.
826 2734 1011 2787 Restituenda
1028 2736 1121 2819 igitur
1139 2737 1227 2789 litera
1244 2737 1287 2790 M.

133 2812 201 2856 ante
218 2804 319 2857 verber
338 2804 470 2857 Alterum
487 2806 547 2858 iam
564 2803 702 2871 integrum
720 2821 776 2858 non
795 2811 836 2857 εει
855 2837 887 2848 -
913 2804 986 2858 Sunt
1007 2823 1086 2858 ennn
1102 2806 1174 2860 haec
1192 2806 1292 2861 Murci

134 2892 224 2944 usque
251 2874 286 2927 ad
311 2877 416 2928 uenisse
439 2873 572 2944 quaestio.
610 2876 650 2928 Et
669 2876 710 2927 ita
734 2893 798 2928 mea
816 2876 868 2930 Ed.
883 2883 945 2942 ¹ret.
971 2884 1000 2928 et
1018 2895 1091 2928 nnus
1111 2878 1179 2930 Cod.
1199 2878 1290 2943 Leid,

133 2946 191 2998 nisi
218 2941 294 3016 qu'od
320 2946 364 2998 M;
394 2954 436 2999 est
460 2955 526 2998 ante
554 2945 773 3013 superioribne.“
798 2944 887 3000 Boni.
925 2947 992 2999 Non
1019 2949 1145 3000 obsecuti
1171 2957 1238 3001 sunt
1263 2950 1291 3002 ei

133 3017 209 3083 viro,
228 3017 280 3086 qui
298 3025 362 3086 post
381 3035 447 3070 eum
473 3017 625 3070 ediderunt
646 3017 698 3070 hos
716 3018 819 3069 libros:
847 3026 875 3070 et
899 3026 987 3070 recte.
1026 3020 1159 3084 Quamvis
1177 3021 1205 3074 le
1229 3021 1291 3074 enti

135 3089 197 3141 eius
213 3088 378 3140 versionem
397 3088 548 3152 Gallicam,
573 3104 627 3141 nec
645 3088 813 3158 inspicienti
839 3088 900 3158 ipsa
917 3089 1064 3142 Ciceronis
1082 3090 1178 3157 verbe,
1202 3039 1290 3144 facile

133 3160 169 3213 de
188 3157 371 3211 coniecturae
400 3176 466 3212 suae
492 3159 617 3212 veritate
641 3160 818 3228 persuadeat.
865 3158 909 3212 Ad
935 3160 1110 3214 locutionem
1136 3165 1194 3218 iam
1217 3163 1290 3217 inte·

133 3247 218 3298 grum
235 3235 349 3284 nonest
368 3229 518 3304 intellige3
538 3247 596 3283 non
615 3230 687 3283 licet
705 3231 785 3283 ultra
807 3247 912 3303 negare
930 3232 980 3284 vel
999 3233 1137 3285 dubitare.
1174 3235 1291 3287 Utram-

134 3319 191 3371 que
210 3301 308 3353 iunxit
325 3300 427 3354 Cicero
444 3318 498 3370 pro
517 3304 626 3355 ltluren.
645 3305 680 3356 4:
708 3318 762 3356 non
786 3301 846 3354 iarn
863 3299 934 3353 mitt
959 3303 1024 3357 ticet
1041 3319 1127 3371 nepae
1145 3303 1291 3371 integrum

133 3379 186 3438 εει,
208 3378 237 3424 nt
256 3403 289 3415 -
312 3380 366 3425 cet.
403 3374 483 3426 Unus
502 3373 551 3426 Ox.
572 3373 682 3426 omittit
700 3379 798 3438 antem,
817 3371 890 3424 alius
907 3374 974 3426 tam.
1011 3376 1118 3428 Rursus
1138 3383 1180 3427 est
1198 3381 1292 3429 autem

132 3460 187 3514 pro
212 3444 296 3508 enim,
322 3451 386 3513 post
412 3443 614 3513 superioribas.
658 3446 712 3497 Pro
736 3458 836 3496 vacare
860 3451 902 3495 est
923 3444 1024 3497 vacari
1050 3445 1082 3496 in
1107 3446 1192 3499 codd.
1218 3447 1289 3523 Reg.

132 3514 222 3568 Marb.
242 3513 317 3567 Gud.
336 3517 362 3569 2.
382 3523 410 3566 et
428 3533 486 3569 uno
506 3517 556 3570 Ox.
592 3514 675 3567 Alius
692 3516 743 3570 Ox.
768 3514 855 3568 habet
870 3514 1137 3583 perturbationem.
1175 3517 1236 3572 Mr.

204 3603 346 3658 Nimirum
363 3603 456 3670 igitur
474 3607 600 3671 contecta
618 3620 665 3658 res
682 3604 756 3670 εειε]
794 3603 867 3657 Ante
891 3603 963 3656 baec
988 3604 1066 3658 deest
1090 3605 1178 3658 litera
1195 3607 1238 3661 M.
1259 3608 1292 3661 in

133 3689 192 3726 uno
212 3675 274 3739 Ox„
306 3675 344 3726 iu
362 3676 462 3728 eodem
488 3685 517 3729 et
541 3676 598 3728 alio
625 3677 704 3729 deest
721 3675 759 3728 Α.
784 3684 849 3728 ante
872 3678 1070 3742 propemodum
1095 3677 1225 3748 itemque
1244 3679 1289 3734 M.

132 3753 200 3798 ante
222 3746 332 3801 Verum.
361 3746 395 3798 In
410 3749 485 3799 Mon.
505 3756 601 3800 autem
618 3751 644 3804 2.
664 3747 752 3800 verba
769 3745 970 3816 Superioribus
987 3751 1061 3803 enim
1080 3766 1141 3819 sqq.
1161 3749 1292 3819 itemque

132 3815 222 3870 verba
238 3817 442 3884 Propemodum
458 3818 490 3870 ιιι
508 3818 621 3886 quidem
638 3836 705 3871 cum
723 3835 801 3887 seqq.
821 3821 917 3872 Marco
936 3820 1112 3874 tribuuntur.
1133 3819 1200 3871 Cod.
1215 3820 1289 3892 Aug.

131 3886 219 3940 habet
235 3889 432 3956 propemodum
457 3889 593 3958 quidem
616 3889 648 3942 id
670 3888 789 3960 quidem.
821 3889 917 3942 Duisb.
944 3891 1055 3942 omittit
1078 3888 1288 3956 Propemodum.

85 4009 90 4018 ,
132 3959 218 4011 Vind.
240 3964 263 4014 l.
289 3959 399 4011 omittit
423 3958 476 4012 iste
497 3969 563 4013 ante
589 3977 658 4014 moe.
696 3961 787 4014 Habet
819 3961 886 4013 Cod.
911 3963 985 4015 ltlon.
1007 3964 1031 4014 1.
1056 3957 1215 4026 peruenisse
1236 3976 1291 4030 pro

133 4030 249 4083 veniere.
286 4031 348 4083 Mr.
565 4040 568 4046 ·

204 4102 257 4154 εἐιε
278 4118 339 4155 moe
356 4107 406 4166 εει,
435 4116 504 4154 non*
518 4106 568 4154 εει
581 4098 834 4170 ,pbilosophorumJ
871 4102 1057 4174 „Eleganter
1082 4097 1224 4167 posterius
1248 4107 1291 4155 eet
1393 4141 1399 4148 .

133 4172 245 4224 inserui
269 4190 304 4225 ex
332 4173 460 4242 quinque
478 4171 622 4224 Palatin.“
650 4171 731 4226 cett,
769 4174 950 4241 Receperunt
969 4175 1020 4232 est,
1052 4169 1127 4238 quod
1149 4169 1290 4226 omittunt

132 4242 205 4296 Edd.
225 4252 297 4298 vett.
319 4259 426 4309 omnes,
449 4243 520 4296 Edd.
547 4242 612 4294 inde
638 4241 762 4296 aGebh.
784 4258 891 4295 omnes·
927 4240 1014 4293 Abest
1040 4240 1118 4295 idern
1134 4242 1290 4298 verbuma

132 4313 221 4367 eodo.
240 4314 326 4366 ltlarb.
345 4318 419 4368 Mon.
440 4319 464 4370 l.
484 4314 568 4366 Vind.
592 4318 614 4367 l.
635 4322 664 4366 et
683 4322 807 4383 quatuor
825 4313 892 4364 Oxx.
931 4312 965 4364 ln
983 4314 1058 4366 Mon.
1071 4319 1095 4369 1.
1116 4323 1158 4368 est
1177 4315 1289 4369 Geome-

134 4383 193 4438 trs'e
216 4401 269 4454 pro
294 4392 459 4454 geometrae.
496 4387 559 4443 Duo
579 4385 649 4441 Oxx.
669 4384 775 4439 habent
794 4384 832 4438 ad
849 4399 909 4439 eam
929 4391 1065 4456 partem
1088 4403 1141 4458 pro
1167 4387 1205 4440 ad
1228 4403 1289 4442 eum

672 4473 681 4501 l
