2856 5084
159 219 259 327 'm
385 270 507 294 ··
597 227 942 321 lmmmmm

197 423 266 496 quia
289 423 429 494 imperata
452 426 529 489 sunt,
557 420 637 488 facil,
654 437 729 489 ‚non
750 422 876 500 gloriam
905 419 1098 485 fortitudinis,
1129 436 1188 474 non
1214 420 1360 475 honorem

195 494 335 566 sepulcri,
353 510 411 547 non
429 510 508 563 spem
527 493 765 558 immortalitatis,
789 509 848 546 non
866 492 961 544 ullum
979 493 1058 560 aliud
1077 493 1240 564 praemium
1262 493 1360 563 respi-

197 567 285 623 ciens.
321 565 432 618 Docere
450 571 545 634 potest
561 563 618 616 hoc
637 564 813 635 exemplum,
841 581 930 633 quum
949 563 1044 616 estde
1061 562 1219 616 virtutibus
1238 564 1359 617 vitiisve

196 637 300 706 scripti
324 637 444 689 alicuius
472 635 677 702 disserendum,
706 635 832 687 multum
855 634 891 686 ad
917 633 948 686 id
966 637 1100 688 conferre
1116 636 1275 687 verborum
1294 652 1360 687 sen-

195 708 391 762 tentiarumve
413 706 623 760 detractionem
646 705 696 758 vel
719 705 909 758 adiectionem
932 706 982 758 vel
999 706 1197 760 mutationem.
1235 705 1361 776 Compa-

195 778 374 832 randoenim
392 777 543 843 facillime,
563 777 632 846 qnid
650 777 760 829 rectius
770 777 820 829 vel
837 777 933 828 minus
952 785 1066 829 rectum
1079 777 1126 843 sit,
1144 775 1359 847 perspicitur.“

196 849 229 904 G.
247 850 399 903 Hermann.
420 848 451 899 in
469 848 590 902 Dissert.
609 849 643 901 de
661 846 764 914 Officio
782 845 958 916 laten-prelis.
979 847 1068 917 (Lips.
1084 866 1106 905 s.
1123 865 1148 901 a.
1160 848 1197 913 4)
1216 865 1247 917 p.
1257 851 1302 903 12.
1312 865 1357 918 sq.

646 953 673 1018 Ι.
696 954 748 1019 at.
771 976 803 1038 p.
827 953 898 1020 38⁷.

268 1087 300 1100 -
320 1060 426 1109 atatam
443 1051 616 1118 sacrificinm
634 1081 677 1105 ψ.
715 1055 857 1108 Debebam
882 1053 1034 1107 admonere
1058 1053 1117 1106 laci
1137 1053 1172 1106 de
1190 1052 1245 1111 offi
1266 1055 1290 1107 Ι.
1312 1059 1356 1111 12.

195 1126 246 1183 uti
265 1135 308 1182 est
326 1142 363 1183 ex
380 1127 408 1178 le
432 1126 493 1178 'bus
510 1124 574 1177 ΧΗ.
594 1124 695 1178 'raons
727 1131 820 1179 statas
848 1127 910 1180 dieo
931 1141 992 1178 cane
1009 1122 1095 1190 lacte,
1120 1132 1150 1177 et
1167 1123 1267 1179 Statue
1285 1126 1358 1178 For-

195 1203 280 1253 mae
301 1197 376 1268 apud
437 1196 517 1253 rnab.
542 1195 724 1248 Brissonium
747 1196 781 1249 de
805 1195 952 1251 formulis
971 1196 994 1248 1.
1019 1213 1048 1264 p.
1067 1199 1113 1251 47.
1139 1212 1175 1248 cx
1193 1195 1258 1249 Sex.
1280 1197 1359 1252 Rufo

151 1282 154 1287 ·
193 1261 263 1344 Reg'.
287 1269 337 1324 VI.

643 1373 671 1436 1.
693 1371 744 1436 48.
766 1393 802 1455 ρ.
820 1374 888 1440 403.

268 1503 301 1515 -
320 1478 349 1525 at
367 1469 489 1526 tertiana
506 1472 624 1540 sangnis
642 1471 773 1527 eliciatur
790 1488 849 1526 eac.
870 1499 904 1511 -
940 1472 1014 1525 cun
1040 1471 1113 1524 desit
1137 1472 1169 1524 in
1188 1471 1310 1541 optimis
1327 1481 1359 1526 et

195 1543 404 1612 antiquissimis
429 1546 500 1609 (neo
524 1560 595 1597 vero
627 1542 743 1608 multis)
769 1543 853 1598 cedd.
888 1544 1012 1610 sanguis,
1046 1544 1134 1597 eiecit
1166 1560 1228 1596 eam
1252 1560 1358 1596 vocem

195 1614 327 1670 Klotzius
346 1613 407 1669 sive
424 1632 491 1668 cum
499 1615 590 1669 Bruto
605 1614 730 1667 sentiens
747 1614 872 1684 pendere
890 1615 1050 1668 orationem
1067 1632 1084 1666 a
1101 1615 1265 1684 propinqua
1284 1630 1357 1668 voce

196 1683 370 1752 sanguinem,
391 1686 467 1754 quod
485 1693 581 1738 tamen
599 1684 649 1736 vix
667 1685 763 1751 credo,
788 1686 848 1736 sive
869 1686 1033 1739 existimans
1056 1687 1152 1754 potius
1172 1703 1234 1738 eam
1252 1701 1357 1739 vocem

195 1757 282 1810 facile
302 1773 337 1808 ex
355 1755 590 1808 antecedentibus
609 1755 749 1831 intelligi.
777 1755 857 1821 Quod
869 1773 925 1825 quo
944 1756 1028 1808 modo
1047 1756 1082 1808 ad
1101 1757 1242 1808 rationem
1258 1773 1358 1832 gram-

195 1826 330 1881 maticam
353 1826 419 1880 lieri
442 1826 541 1896 possit,
571 1825 661 1878 velim
687 1826 836 1880 docuisset.
875 1826 1042 1880 Oinissionis
1061 1842 1143 1879 causa
1166 1839 1357 1898 quaecunque

197 1907 252 1952 est:
273 1896 387 1966 aliquid
404 1904 483 1951 certa
501 1896 600 1949 mendi
618 1897 721 1953 subest.
758 1897 869 1961 Habere
896 1915 928 1951 ea
946 1897 1034 1950 rerba
1059 1898 1187 1950 colorem
1205 1899 1358 1969 poeticum

195 1977 226 2022 ct
243 1968 296 2021 alii
312 1967 451 2021 viderunt
469 1977 497 2020 et
514 1966 733 2032 Billerbeckius,
760 1986 855 2038 nuper
880 1969 964 2021 rebus
988 1968 1122 2020 humanis
1148 1977 1276 2039 ereptus,
1305 1968 1358 2037 qui

196 2040 264 2095 inde
282 2056 399 2095 tersum
418 2039 564 2105 senarium
581 2036 659 2090 hamc
673 2038 789 2091 effinxit
807 2048 837 2092 et
855 2038 888 2090 in
905 2047 1038 2092 contexta
1056 2039 1182 2108 recepit:
1202 2045 1234 2092 ul
1252 2038 1357 2093 elicia-

196 2117 244 2164 tur
268 2108 387 2166 laelium
414 2109 535 2177 sangnis
556 2124 614 2162 sac.
652 2109 727 2162 Mihi
752 2127 846 2180 nuper
868 2109 900 2161 in
923 2118 1052 2163 mentem
1070 2111 1153 2162 venit
1181 2111 1357 2178 emendatio,

196 2180 375 2236 commodior
391 2181 512 2235 fortasse
529 2179 754 2250 transpositione
773 2180 836 2246 ille,
857 2181 999 2233 nimirum
1018 2188 1051 2233 ut
1068 2180 1210 2254 legamus:

360 2257 393 2306 nt
410 2247 565 2319 lectiam
583 2253 703 2318 magale
720 2249 900 2319 sanguine
922 2252 1096 2319 elicjatar
1114 2267 1173 2308 aaa.

165 2369 167 2373 ,
195 2322 306 2394 Scripsi
323 2322 445 2390 ioniam
463 2330 492 2376 et
510 2322 657 2411 mejana:
683 2331 814 2393 poteram
833 2321 920 2375 etiam
938 2323 979 2376 sic
997 2322 1162 2395 significare
1179 2323 1358 2376 sententiam

194 2427 298 2475 meam,
315 2419 348 2464 ut
366 2410 522 2467 scriberem
538 2409 659 2466 laelium
678 2419 708 2463 et
726 2401 874 2465 eliciatur.

650 2534 692 2598 Il.
715 2537 743 2598 2.
767 2555 800 2618 p.
823 2537 893 2607 426.

268 2660 301 2672 -·
320 2641 350 2688 et
366 2634 496 2699 refellere
515 2634 577 2692 eine
593 2633 752 2705 pertinacia
770 2641 796 2688 et
823 2633 917 2700 refelli
940 2635 1002 2690 riae
1028 2634 1177 2690 iracundia
1194 2649 1355 2702 possumne.

194 2705 285 2771 Quem
303 2705 399 2760 laudat
417 2706 550 2772 Davisius
567 2707 682 2761 Boethii
709 2706 806 2758 locum
831 2706 863 2756 in
889 2705 998 2758 comm.
1025 2705 1059 2758 ad
1077 2705 1185 2776 Topica
1204 2704 1357 2759 Ciceronis

194 2777 229 2917 ζ.
242 2776 470 2912 ppzligptpgffl
498 2777 523 2829 is
547 2785 589 2830 est
612 2777 644 2829 in
669 2777 722 2830 Ed.
748 2775 852 2830 Orellii
881 2784 910 2828 et
934 2776 1042 2830 Baiteri
1065 2776 1148 2847 (Opp.
1169 2776 1228 2828 Cic.
1248 2776 1286 2834 Τ.
1304 2776 1356 2840 V.)

647 2935 897 3018 utem.

259 3063 300 3102 .-
319 3040 378 3087 tara
394 3038 470 3088 valet
486 3036 601 3088 maltam
619 3067 652 3079 -
690 3036 769 3102 Quod
796 3037 831 3090 ad
853 3036 883 3090 lr.
902 3036 922 3088 l.
948 3035 1011 3090 dixi
1035 3036 1207 3091 Kiihnerum
1228 3036 1355 3107 probare

195 3105 227 3158 in
250 3113 346 3158 annot.
371 3106 475 3158 critica
501 3112 570 3171 tam,
606 3105 638 3157 in
663 3108 809 3181 exegetica
832 3108 953 3161 eundem
976 3108 1011 3160 de
1037 3109 1163 3161 lectione
1189 3114 1289 3161 tamen
1313 3108 1356 3161 ita

193 3176 286 3244 loqui,
305 3175 386 3245 quasi
404 3190 462 3227 non
479 3174 639 3247 improbet:
667 3176 697 3230 id
716 3182 750 3231 dc
768 3178 863 3248 prima
882 3179 941 3231 eius
960 3179 1085 3232 editione
1104 3179 1215 3233 dictum
1234 3188 1291 3231 cst:
1323 3178 1356 3232 in

194 3246 286 3300 altera
305 3247 421 3315 quidem
438 3244 517 3298 hunc
536 3263 665 3300 errorem
683 3248 821 3306 correxit.
860 3248 955 3303 Semel
973 3266 1076 3303 moneo
1094 3248 1228 3304 Klihneri
1248 3249 1357 3303 editio·

193 3333 261 3371 nem
279 3318 432 3370 secundam
449 3315 484 3368 ad
503 3334 549 3370 me
567 3319 710 3388 perlatam
729 3337 787 3376 esse
815 3319 922 3374 dudum
945 3320 1072 3374 absoluti
1096 3321 1168 3389 mei,
1196 3337 1270 3390 quae
1289 3329 1355 3373 tum

193 3405 251 3442 non
269 3388 393 3459 amplius
413 3396 474 3440 erat
496 3387 529 3439 in
555 3389 695 3442 manibus.

635 3512 678 3578 Il.
703 3517 752 3578 12.
776 3534 808 3596 p.
832 3515 903 3582 493.
983 3465 984 3470 ¹

266 3637 299 3649 —
318 3613 368 3665 Ad
384 3611 507 3681 ineptias
524 3610 634 3666 redis.
655 3646 688 3657 —
707 3615 794 3667 Nihil
812 3623 903 3680 muto,
921 3631 974 3667 nec
991 3631 1065 3700 nego
1084 3615 1159 3669 ferri
1176 3631 1257 3685 posse
1276 3614 1354 3670 hanc

194 3681 326 3736 omnium
343 3683 487 3736 librorum
505 3684 670 3737 lectionemss
709 3685 757 3739 Sic
775 3686 893 3756 scripsit
911 3686 1010 3738 Cicero
1030 3705 1061 3738 in
1079 3688 1163 3739 Verr.
1182 3686 1281 3739 Divin.
1301 3693 1352 3744 17:

193 3753 300 3807 Redit
317 3755 356 3806 ad
372 3769 460 3808 morer
477 3766 548 3809 snae.
585 3753 743 3808 simillime
762 3756 880 3810 Terent.
900 3755 1024 3827 Adelph.
1045 3756 1069 3810 1.
1092 3762 1115 3814 1.
1135 3760 1184 3815 4⁵:
1207 3757 1247 3810 ad
1270 3757 1354 3827 inge·

192 3826 269 3878 niam
287 3827 390 3879 redit.
428 3824 485 3879 Sed
502 3826 599 3879 nescio
619 3827 759 3896 quomodo
778 3827 853 3879 mihi
871 3828 967 3901 magis
984 3829 1128 3898 placeret:
1156 3827 1204 3880 Ad
1223 3829 1354 3898 ineptiae

193 3895 346 3950 recidis.
384 3897 426 3949 Ita
446 3896 505 3968 Cic.
526 3897 561 3950 ad
578 3897 638 3950 Att.
658 3900 704 3952 lv.
727 3903 771 3955 16:
793 3899 831 3952 ad
849 3897 924 3951 nillil
939 3899 1113 3964 recidere,
1134 3900 1180 3953 Or.
1200 3916 1255 3971 pro
1275 3899 1351 3953 sun.

192 3969 241 4022 iri:
261 3984 296 4020 ea
315 3967 429 4021 laetitia
447 3969 486 4021 ad
504 3969 641 4023 lacrimae
659 3969 837 4036 recidam
857 3971 933 4024 Orat
954 3973 997 4035 to,
1016 3974 1077 4028 233.
1096 3971 1222 4040 Philipp.
1242 3970 1351 4028 me:

192 4037 231 4090 ad
248 4037 562 4093 altinensium.
598 4041 673 4094 Utut
692 4050 744 4104 est,
770 4058 865 4112 neque
891 4041 947 4094 hoc
965 4043 1049 4111 plane
1067 4059 1113 4095 me
1132 4058 1149 4094 a
1166 4041 1353 4095 coniiciendo

191 4107 369 4233 (ignoraretur,
390 4111 468 4180 quod
485 4110 601 4181 scripsit
618 4127 672 4181 pro
689 4114 770 4167 Rosc.
789 4113 853 4166 Am.
874 4116 921 4170 16:
949 4113 1016 4181 qnid
1038 4113 1082 4168 ad
1098 4115 1170 4168 istas
1194 4111 1354 4182 ineptias

190 4195 208 4231 a
234 4195 267 4233 cc
400 4216 402 4221 -

263 4387 367 4459 Onitae
384 4286 928 4459 magr,,anum01.12„l{„ppe,÷rln{},
945 4391 1077 4446 tartara.
1105 4390 1185 4452 (loni.
1206 4389 1234 4445 S.
1256 4390 1354 4448 Meir-
