2856 5084
519 244 649 309 mnne
671 246 715 324 v,
736 245 785 310 11.
1178 249 1239 314 111
1281 327 1285 334 ,

89 418 253 488 mortuus,
276 411 311 471 in
334 417 502 503 certamen
523 407 750 490 iudiciumque
768 409 919 488 veniunt,
942 413 1239 493 quamplurimum

91 594 220 658 sentiunt,
240 594 351 645 lateant.
389 589 574 659 Importunae
593 596 660 642 sunt
677 591 747 642 istae
764 607 848 644 voces
867 606 948 658 quom
965 590 1112 656 moderate,
1136 591 1240 644 turcii·
1275 608 1277 613 ’

91 665 185 732 lisque
201 667 318 733 prorsus
337 660 502 713 eiiciendae.
539 663 673 713 Parentes
692 677 791 714 earum
809 668 875 712 sunt
892 661 1029 723 Librarii,
1049 661 1100 729 qui
1117 678 1239 727 morem,

90 749 146 800 quo
165 751 194 786 se
211 734 300 807 gessit
311 731 435 794 Tullius,
453 731 644 783 adnotandum
654 739 801 800 putarunt.
818 732 887 781 'All’
907 730 993 801 ὥςιέν
1011 729 1126 799 παρόδῳ
1144 733 1236 784 ταῦτα.

88 804 176 856 Porro
194 803 273 854 hunc
290 802 426 854 Indarum
448 801 624 854 feminarum
647 815 758 854 morem
787 801 936 876 eleganter
961 800 1096 855 describit
1120 804 1239 872 Proper·

89 873 147 925 tius
165 874 214 930 lib.
235 873 290 927 111.
310 873 363 924 Ele
386 911 392 923 .
412 871 462 921 xl:
481 873 524 925 15.
1237 873 1240 879 ’

96 959 97 968 ’
255 941 337 996 Felix
381 939 425 993 oio
443 938 614 1004 tentareris
631 956 686 992 una
703 938 826 1005 auaritia,

325 1013 399 1065 Quor
417 1011 533 1062 Aurora
551 1012 610 1062 suia
628 1010 716 1062 rubra
734 1011 842 1064 colorat
859 1012 945 1082 equis.

254 1081 376 1147 Namque
393 1080 441 1133 ubi
457 1079 604 1146 mortifero
622 1079 700 1132 iacta
719 1088 759 1135 est
776 1083 826 1147 faa
844 1081 946 1134 ultima
964 1083 1044 1147 lecto,

327 1151 452 1204 Uxorem
468 1151 572 1217 positis
591 1157 651 1204 etat·
661 1151 713 1218 pia
732 1151 815 1203 turbo
833 1152 934 1217 comita

158 1252 161 1256 >
254 1221 290 1274 Et
308 1227 446 1273 certamen
463 1219 561 1274 babent
580 1212 638 1286 leti,
665 1236 734 1288 quae
751 1223 815 1275 uiua
833 1226 964 1291 sequatur

276 1289 286 1311 '
325 1292 507 1358 Coniugium,-
528 1291 621 1358 pudor
638 1297 677 1344 eet
694 1308 748 1345 non
770 1290 880 1344 licuisse
898 1291 980 1348 mort'.

255 1361 378 1415 Gaudent
395 1361 537 1426 victrices,
565 1369 590 1413 et
608 1361 734 1423 flammae
749 1369 863 1428 pectora
879 1362 1021 1430 praebent,

325 1431 519 1501 Imperiumque
537 1433 598 1484 ouis
617 1448 669 1484 cru
689 1439 803 1500 perusta
820 1433 903 1486 airis.

88 1501 224 1555 Nicolaus
246 1501 433 1555 Damascenus
454 1502 528 1571 apud
552 1501 704 1554 stobaeum
727 1503 818 1556 Serm.
846 1503 956 1556 CXXII.
982 1519 1047 1577 pag.
1066 1504 1128 1558 614.
1159 1501 1241 1556 'ludat

88 1577 340 1639 ocyuuruuulcvow,
368 1575 436 1628 ὅταν
460 1573 648 1639 τελευτήσωσι,
671 1578 726 1626 τῶν
752 1578 892 1640 γυναικῶν
914 1570 965 1641 τὴν
993 1571 1239 1642 προςφιλεστάτην·
1314 1605 1315 1608 =

87 1647 181 1696 αὐτῶν
198 1642 230 1694 δὲ
247 1641 365 1697 ἐκείνων.
384 1642 462 1712 ἀγών
484 1645 611 1710 μέγιστος
632 1645 735 1712 γίνεται
756 1640 1102 1710 σπουδαζόντων’1ἰκῆσαι
1122 1640 1241 1710 ’ἑκάστην

87 1716 255 1784 τῶνφίλων.
293 1713 325 1766 si
343 1715 428 1784 plura
446 1715 612 1767 testimonia
629 1714 688 1766 sint
706 1715 796 1782 cordi,
815 1715 881 1768 vide
899 1714 1087 1767 Plutarchum
1104 1713 1186 1768 Tom.
1199 1715 1237 1768 11.

86 1802 151 1859 pag·
172 1787 234 1840 499.
254 1784 284 1836 G.
304 1784 458 1840 Valerium
484 1785 641 1837 Maximum
665 1773 716 1841 Ilb.
735 1784 776 1838 11.
805 1803 865 1856 cap.
885 1785 934 1852 VI,
954 1788 996 1840 14.
1018 1794 1075 1838 eut.
1096 1786 1240 1854 Hierony·

87 1872 169 1907 mum
187 1855 260 1908 advs.
280 1854 372 1911 Iovin.
391 1855 442 1907 lib.
462 1856 486 1906 1.
509 1872 574 1929 pag.
593 1858 656 1910 345.
692 1855 828 1908 Servium
853 1856 889 1908 ad
902 1856 977 1909 »Aen
996 1857 1030 1922 V,
1048 1856 1092 1911 95.
1119 1855 1240 1910 018011-

86 1942 158 1977 num
176 1942 235 1995 cap.
255 1924 317 1977 LII.
355 1927 421 1978 Non
439 1924 583 1994 disparem
599 1924 788 1977 Thressarum
807 1927 984 1994 quamdam
1002 1926 1239 1978 consuetudinem

87 1998 220 2049 referunt
238 1996 399 2049 Herodotus
416 1995 467 2046 lib.
486 1997 520 2047 V.
541 2013 601 2065 cap.
622 1997 646 2050 5.
668 2004 697 2048 et
714 1995 788 2048 Mela
805 1996 856 2048 lib.
876 1996 915 2048 11.
935 2013 995 2065 cap.
1015 1999 1040 2050 2.
1078 1996 1115 2048 D.

158 2083 300 2138 Mulieres
325 2102 390 2137 uero
417 2081 562 2148 inludia]
592 2078 758 2148 '„In1ndio
782 2082 844 2135 sine
863 2083 949 2135 dubio
972 2090 1014 2136 est
1031 2102 1047 2134 a
1065 2083 1237 2138 Glossatore.
1318 2111 1322 2118 ·

86 2154 175 2208 Uncis
198 2154 336 2210 inclusi.“
360 2154 428 2207 Era.
467 2156 685 2219 „Uncos·recto
712 2152 828 2205 sustulit
843 2153 981 2210 Wolfius.
1018 2155 1091 2206 Nam
1116 2153 1190 2205 illud
1208 2153 1240 2204 in

86 2225 169 2277 India
191 2224 351 2276 addendum
375 2233 445 2289 erat,
469 2240 505 2275 ne
529 2223 593 2292 quis
615 2223 748 2276 mulieres
772 2224 806 2276 de
830 2224 967 2276 uxoribus
986 2223 1240 2293 Gymnosophista-

87 2312 154 2346 rum
178 2294 354 2363 acciperet.“
379 2292 457 2346 Scbz.
494 2295 582 2346 Recte
607 2310 674 2345 cum
696 2293 809 2348 Wolfio
838 2294 962 2347 Orellius
987 2294 1097 2345 nullam
1121 2310 1179 2346 esse
1198 2293 1240 2346 ait

87 2382 200 2416 causam
219 2364 358 2429 idoneam,
378 2381 464 2433 quam
482 2363 516 2415 ob
534 2379 597 2415 rem
613 2363 700 2415 verba
717 2365 748 2416 in
765 2362 850 2415 India
867 2364 1048 2420 obiiciantur.
1077 2365 1136 2418 ΜΤ.
1158 2363 1240 2429 ‘„Ad
1286 2393 1288 2398 ‚

87 2452 151 2486 rem
170 2436 207 2486 cf.
227 2433 364 2488 Scheffer.
386 2441 415 2485 et
433 2434 562 2486 Perizon.
581 2433 616 2485 ad
633 2432 745 2485 Aelian.
766 2436 797 2486 V.
817 2435 852 2488 H.
872 2432 935 2487 VII.
956 2437 998 2490 18.
1022 2451 1051 2504 p.
1071 2437 1237 2491 tos—5⁰5.
1320 2483 1321 2486 ,

87 2504 274 2557 Valckenaer.
294 2505 328 2556 ad
345 2504 481 2556 Herodot.
500 2505 534 2559 V.
554 2505 578 2558 5.
598 2503 632 2554 T.
652 2503 700 2555 VI.
721 2493 795 2556 P.'1.
814 2523 844 2576 p.
864 2505 890 2559 6.

159 2591 220 2626 cum
239 2580 280 2626 est
298 2574 464 2628 cataonia
482 2590 578 2627 aarum
594 2575 641 2627 air
657 2572 806 2638 mortuae}
830 2574 957 2644 ‚3Reperi
975 2573 1052 2628 istud
1069 2575 1101 2627 in
1119 2575 1237 2627 Palatio.
1276 2616 1279 2617 ν
1341 2581 1342 2585 ’

87 2646 203 2697 secund.
231 2653 325 2714 quart.
366 2644 443 2697 Item
469 2645 579 2697 Victor.
608 2644 675 2697 edit.
722 2644 869 2698 Inclinant
899 2644 1017 2698 Palatin.
1047 2653 1116 2697 tert.
1145 2645 1239 2714 quint.

86 2716 214 2767 vatican.
234 2732 295 2767 cum
317 2721 358 2767 est
380 2717 482 2768 cuiue
506 2714 636 2767 eurtum.“
663 2713 745 2769 Geta.
782 2717 843 2780 „Ut
865 2715 962 2784 potuit
983 2716 1024 2769 sic
1043 2716 1146 2768 Cicero
1170 2717 1241 2768 scri·
1351 2741 1356 2747 ·

86 2787 184 2857 psisse‚
214 2785 255 2836 ita
277 2785 334 2838 hoc
357 2794 534 2855 postremum
560 2793 639 2838 certe
663 2786 755 2868 magis
773 2786 932 2838 Romanum
954 2794 1005 2851 est,
1029 2792 1130 2854 utpote
1154 2784 1240 2838 toties

86 2858 303 2924 frequentatum
321 2856 352 2907 in
370 2855 514 2919 fonnulis,
533 2856 623 2924 inque
641 2855 875 2925 inscriptionibus
894 2864 925 2910 et
940 2855 1062 2908 decretis
1077 2871 1239 2912 occurrens.

87 2927 186 2978 Livius
204 2926 330 2991 XXXIV,
349 2928 395 2980 56:
416 2925 628 2995 dimittendique
645 2925 683 2991 ei,
703 2940 768 2994 quos
786 2942 882 2978 eorum
904 2926 1063 2995 quandoque
1079 2926 1169 2990 uellet,
1194 2924 1240 2978 iua

87 2997 188 3049 ceset.“
207 2997 323 3050 Gronov.
349 2997 423 3061 „Est
440 2996 586 3061 cuiusque
603 2996 636 3049 in
648 2996 715 3049 God.
734 2997 803 3069 Reg.
825 3004 853 3048 ct
870 2997 948 3048 cuius
966 2996 996 3047 in
1005 2996 1058 3048 Ed.
1079 2995 1239 3049 11000111ῑέί

88 3066 176 3122 Boub.
195 3094 197 3098 v
213 3067 327 3140 „Vulgo
346 3065 474 3120 cuiusuis.
501 3066 672 3117 Vaticanum
690 3074 719 3118 et
736 3066 832 3140 regios
844 3065 928 3119 Codd.
949 3066 1097 3135 sequimur
1115 3065 1240 3130 (edentes

87 3137 197 3201 cuius)“
215 3137 331 3191 Lallem,
359 3136 437 3200 „Mt
459 3136 555 3188 Guelf.
577 3136 676 3188 etalii
694 3137 831 3206 cujusque.
851 3137 925 3189 mihi
944 3136 1098 3190 delendum
1114 3136 1238 3203 videtur,

24 3256 26 3259 ,
87 3225 154 3259 nam
171 3223 229 3260 non
248 3215 292 3261 est
309 3207 394 3259 unius
416 3224 514 3259 aarum
530 3207 579 3258 vir
596 3207 742 3276 pluriumt
771 3206 979 3282 intelliguntur
1001 3208 1148 3272 mulieres,
1172 3224 1240 3276 qua-
1343 3218 1349 3230 ¹

87 3296 154 3330 rum
171 3280 219 3331 vir
236 3278 395 3331 communis
414 3285 544 3330 mortuus
564 3276 637 3332 est.“
673 3277 740 3330 Era.

160 3350 229 3403 cam
246 3356 288 3401 eat
305 3347 385 3400 cuius
404 3347 511 3414 earnm]
550 3348 595 3400 lta
611 3347 681 3422 Reg.
701 3355 730 3398 et
746 3347 892 3400 Pithoean.
921 3348 1016 3470 Vulpo
1034 3347 1164 3402 cuiusuis.
1201 3347 1240 3416 D.

88 3459 92 3468 .
160 3436 238 3488 quum
264 3425 305 3471 est
332 3418 556 3471 cainaeorum
577 3416 624 3470 uir
646 3418 798 3484 mortuum]
835 3418 920 3471 Plane
944 3416 978 3470 de
993 3426 1040 3470 etc
1069 3417 1240 3489 pronomine

88 3488 175 3540 nimis
194 3491 265 3541 dura
284 3498 313 3541 ct
331 3489 463 3563 ambigua
482 3496 555 3543 esset
576 3489 694 3554 locutio,
722 3497 756 3539 ut
779 3497 858 3541 recte
876 3496 975 3540 monet
994 3487 1096 3541 Ochsn.
1116 3488 1151 3541 cd
1162 3485 1197 3538 11.
1217 3488 1238 3539 1.

89 3559 153 3610 Ecl.
172 3577 201 3628 p.
220 3561 282 3614 279.
318 3560 391 3612 Dedi
419 3570 515 3612 autem
538 3562 618 3612 cuius
640 3577 706 3612 cum
728 3559 796 3610 Dar.
824 3559 898 3611 hall.
918 3558 1063 3614 FAWolf.
1089 3555 1172 3628 Schu.
1192 3558 1239 3612 Or.

89 3629 163 3683 Ι1110.
183 3647 219 3681 ex
241 3629 326 3682 codd.
351 3629 391 3682 Ile
416 3669 422 3681 .
450 3632 535 3683 Bern.
563 3630 635 3682 Gud.
659 3635 683 3684 1.
707 3632 732 3684 2.
756 3629 837 3681 Gud.
874 3630 977 3696 Neque
999 3628 1116 3683 aliunde
1142 3637 1249 3682 ortum·

90 3705 147 3762 est.
164 3699 239 3765 quod
255 3699 340 3750 habet
357 3649 446 3752 1101111.
471 3716 537 3754 cum
555 3701 643 3753 Marb.
661 3716 740 3763 uuus,
771 3699 886 3753 lineolis
910 3699 1064 3752 literarum
1085 3716 1240 3770 perperam

90 3768 197 3820 iunctis
224 3777 253 3819 et
279 3771 422 3836 separatis.
461 3772 590 3823 Glossam
614 3770 699 3822 habes
724 3771 754 3821 in
778 3787 835 3823 uno
855 3772 905 3825 Ox.
926 3770 1054 3835 alicuius,
1074 3772 1152 3823 corri
1174 3768 1240 3822 endi

88 3839 219 3909 pericula
241 3839 272 3889 in
294 3838 465 3891 lectionibus
490 3841 645 3904 cuiuslibet,
679 3841 754 3909 quod
781 3850 824 3893 est
852 3842 885 3892 in
915 3841 1021 3893 duobus
1047 3842 1117 3893 Oxx.
1141 3789 1238 3891 [luiso.

89 3913 164 3962 Mon.
186 3914 214 3974 13
240 3907 381 3976 cuiusque,
408 3912 483 3979 quod
506 3911 612 3963 habent
638 3911 693 3963 duo
713 3912 781 3966 0101.
800 3915 876 3964 Mon.
895 3914 922 3967 2.
949 3911 1045 3964 Guelf.
1064 3908 1136 3961 Edd.
1155 3910 1184 3961 P.
1205 3906 1238 3959 A.
1282 3952 1284 3956 ,

88 3983 119 4033 Β.
140 3981 167 4034 S.
188 3981 221 4033 E.
243 3983 279 4032 Μ.
299 3980 331 4030 1..
350 3980 413 4032 Asc.
436 3985 459 4034 1.
479 3984 506 4035 2.
534 3979 614 4033 Junt.
641 3982 713 4035 Ven.
733 3990 821 4033 nostr.
846 3981 944 4037 Herw.
966 3984 990 4036 1.
1009 3978 1035 4030 2.
1055 3979 1118 4034 Gar.
1138 3977 1239 4047 steph.

89 4053 170 4103 Brut.
191 4051 271 4103 Boul.
290 4049 354 4102 Ald.
376 4050 455 4118 sylb.
475 4050 935 4118 Goth.;cuitteut'oquatuor01x.
955 4064 1046 4119 mar.
1067 4049 1142 4101 Crat.
1162 4049 1238 4101 Vict.
1324 4082 1330 4092 ·

89 4122 158 4174 Rob.
177 4121 275 4191 Steph.
302 4121 388 4176 Leod'.
412 4121 483 4171 Ern.
506 4121 597 4173 Nobb.
623 4119 689 4183 [sed
713 4120 746 4171 hi
764 4121 820 4173 duo
837 4122 950 4173 uncinis
977 4067 1117 4171 inclusam
1134 4118 1240 4174 babent

90 4191 217 4257 vocem];
236 4192 361 4259 denique
380 4192 573 4256 cuiusquam,
593 4190 669 4258 quod
687 4199 730 4242 est
748 4191 780 4241 in
796 4191 881 4242 Vind.
904 4196 927 4245 1.
964 4190 1044 4242 Idem
1065 4207 1132 4243 cum
1149 4189 1240 4244 Rehd.

89 4262 175 4315 habet
190 4263 237 4315 uir
255 4279 359 4316 earum.
387 4260 542 4314 Kiihnerus
560 4260 689 4313 defendit
704 4261 853 4334 vulgatam
871 4261 1006 4326 00101υὲ10
1024 4270 1057 4315 ut
1075 4262 1240 4332 accipienda

91 4333 128 4385 sit
147 4350 179 4386 ea
196 4338 253 4386 vox
271 4334 306 4387 de
324 4334 470 4386 communi
488 4332 619 4385 omnium
636 4332 774 4402 cuiusque
792 4333 892 4386 aetatis
911 4341 941 4386 et
957 4333 1066 4386 ordinis
1083 4335 1239 4388 mulierum
1294 4385 1296 4390 .
