2856 5084
556 280 752 364 unsar,
772 284 824 350 u.
952 354 954 358 ,
1219 280 1284 353 tot

137 467 180 510 nc
200 447 286 512 bona
312 445 445 530 quidem
474 444 618 521 ducunn
643 447 681 509 in
701 447 813 510 animo
833 444 1002 531 reponunt
1028 447 1149 514 omnia.
1192 448 1282 514 Quo·

136 549 215 591 rurn
242 529 510 593 controversiam
546 529 676 592 solebat
697 539 873 612 tamquam
906 529 1108 592 honorarius
1142 531 1282 611 arbiter,

136 611 286 675 iudicare
306 610 505 676 Carneades.
546 612 633 674 Nam
655 632 767 693 quum,
790 618 1015 694 quaecumque
1034 612 1121 675 bona
1147 613 1282 697 Peripa·
1383 679 1385 683 ,

137 695 259 771 teticis‚
295 693 410 756 eadem
444 693 567 756 Stoicis
595 693 768 756 commoda
796 691 1012 756 viderenturr
1040 713 1082 756 ne
1103 714 1146 758 ue
1172 705 1282 759 tamon

134 775 352 857 Peripatetici
373 778 445 858 plus
467 776 656 843 tribuerent
678 774 820 853 divitiis,
842 776 948 838 bonae
973 716 1171 864 valetudini,
1199 784 1285 840 cete·

135 857 183 918 ris
204 859 305 919 rebus
350 861 461 920 enoris
482 856 641 936 eiusdem,
662 857 902 939 quamStoici:
937 874 1041 941 quum·
1060 879 1107 931 ea,
1138 879 1187 933 re,
1216 878 1284 921 non

327 878 545 1021 {ereremum
567 959 699 1031 causam
723 957 793 1002 esse
804 936 988 1002 dissidendi
996 941 1148 1029 negabat.
1172 941 1283 1006 Quare

133 939 246 1004 verbis
258 960 325 1022 pon

206 1144 260 1197 alii
276 1151 366 1197 actem
384 1141 451 1196 boec
467 1158 500 1196 nr
518 1144 590 1196 bonu
607 1142 718 1211 quidem
736 1141 850 1208 ducant]
869 1142 1013 1198 scribitur
1030 1142 1061 1195 in
1079 1143 1147 1200 God.
1161 1143 1246 1196 Vind.
1258 1147 1282 1198 1.

134 1212 191 1266 atti
208 1231 243 1267 ae
261 1214 331 1267 bona
349 1213 459 1282 quidem
480 1211 548 1267 baec
574 1211 691 1266 dicunt.
728 1213 850 1287 Legitur
874 1214 962 1267 etiam
986 1208 1086 1267 dicunt
1102 1215 1134 1267 in
1160 1223 1284 1284 quatuor

135 1283 224 1337 Ccdd.
244 1283 314 1337 Oxx.
333 1284 422 1338 Rehd.
441 1284 512 1336 Edd.
532 1284 560 1339 S.
581 1292 611 1335 et
631 1283 726 1346 Rath..
745 1284 777 1334 in
795 1298 852 1335 uno
872 1285 927 1337 Ox.
949 1284 1053 1338 dicuat.
1090 1284 1229 1356 Sequitur
1251 1285 1283 1336 in

134 1353 231 1408 Duisb.
250 1372 316 1406 curn
333 1355 526 1408 additamento
551 1352 766 1424 interpolatoris
789 1354 851 1406 aad
866 1356 896 1408 in
918 1354 1021 1411 animo.
1059 1354 1095 1407 In
1112 1356 1285 1409 anteceden-

134 1423 210 1476 tibus
238 1426 313 1478 Mon.
335 1429 359 1481 1.
385 1435 415 1479 et
432 1426 519 1477 Marb.
541 1424 648 1477 habeut
671 1438 731 1493 nec
747 1425 818 1477 bona
836 1424 958 1493 quinimo.
991 1425 1088 1478 Duisb.
1113 1424 1146 1478 in
1163 1442 1284 1496 ecquem

134 1493 222 1549 tibus:
242 1501 373 1566 tanquam
390 1494 560 1550 bonorariua
572 1495 681 1547 arbiter
698 1494 814 1549 solebat.
848 1494 993 1548 scribitur
1010 1496 1157 1550 onerariae
1179 1497 1212 1549 in
1229 1497 1284 1551 tri-

132 1563 184 1616 bus
208 1567 277 1621 Oxx.
303 1566 386 1619 Vind.
407 1570 432 1621 1.
459 1566 546 1621 blarb.
583 1564 640 1618 sed
665 1564 696 1615 in
720 1583 811 1638 inarg.
835 1565 920 1635 Vind.
942 1569 966 1620 1.
986 1575 1043 1620 est:
1071 1566 1158 1621 aliter
1179 1565 1284 1621 hono·

133 1638 269 1692 rarius.
306 1635 361 1703 Qui
379 1632 501 1710 'eligitur
517 1653 572 1706 per
589 1633 739 1689 bonitatem
756 1635 853 1697 iudex,
878 1633 1045 1690 honorarius
1071 1638 1186 1691 dicitur.
1223 1640 1284 1691 ble-

132 1705 189 1757 lius
207 1707 278 1759 Ern.
299 1708 331 1775 in
349 1707 427 1761 Olav.
447 1706 507 1760 oio.
528 1705 589 1771 „ad
608 1722 695 1776 quem
712 1705 831 1758 honoris
849 1722 931 1758 causa
949 1707 1102 1759 arbitrium
1121 1707 1284 1762 defertur.“

133 1776 200 1828 (lod.
225 1779 300 1830 Mon.
326 1782 351 1833 1.
383 1776 470 1830 habet
492 1775 639 1841 honorius,
674 1777 748 1830 Gud.
779 1774 940 1832 bonoratur.
987 1777 1135 1832 Similiter
1162 1786 1285 1851 peccant

133 1846 221 1899 Ccdd.
240 1847 315 1915 apud
333 1847 394 1902 θίο.
415 1848 449 1900 de
467 1846 538 1899 Fato
559 1852 602 1911 17,
620 1849 668 1905 ³9:
689 1848 737 1899 ubi
756 1855 813 1900 est:
844 1845 1028 1916 Chrysippus,
1056 1849 1284 1920 tanquamurdi·

133 1922 178 1969 ier
204 1913 382 1983 honorarius,
412 1916 532 1969 medium
558 1919 650 1982 ferire
680 1915 802 1970 voluisse
827 1914 984 1982 (videtur):
1021 1918 1072 1970 ubi
1098 1920 1158 1972 vid.
1186 1929 1284 1973 annot.

133 1995 222 2055 nostr.
248 2005 276 2058 p.
296 1990 357 2043 635.
394 1988 430 2039 ln
454 2004 546 2061 marg.
566 1986 680 2038 Lambb.
707 1995 737 2041 et
754 1985 842 2038 Goth.
862 1987 1020 2039 coniicitur
1043 1987 1214 2043 diiudicare
1229 2005 1285 2060 pro

133 2055 272 2111 iudicare.
293 2061 369 2114 ltlon.
389 2061 414 2113 2.
434 2057 519 2110 habet
537 2056 675 2110 indicare.
712 2058 777 2109 Post
795 2071 861 2109 nam
878 2057 976 2109 Duisb.
996 2074 1063 2110 cum
1086 2058 1195 2112 duobus¹
1212 2060 1284 2117 Oxx.

133 2130 209 2181 Mon.
228 2134 253 2184 1.
281 2137 310 2182 et
336 2129 423 2182 Marb.
448 2127 559 2183 omittit
582 2141 672 2194 quum
703 2126 749 2180 ,Et
773 2126 814 2179 sic
837 2127 910 2181 Edd.
933 2129 962 2181 P.-
988 2127 1022 2180 Α.
1047 2128 1078 2180 Β.
1104 2128 1132 2184 S.
1157 2130 1192 2183 E.
1206 2133 1283 2189 ,vern

133 2198 455 2255 destamentum.
493 2200 574 2253 Unus
592 2199 642 2253 Ox.
664 2197 775 2250 omittit
794 2197 889 2250 omnia
906 2198 973 2252 inde
991 2216 1008 2250 a
1025 2217 1052 2251 v.
1072 2200 1169 2254 eudem
1192 2218 1285 2270 usquo¹

132 2268 378 2392 adbPeripatetici.
417 2270 501 2323 Alius
518 2270 569 2323 Ox.
595 2268 682 2321 habet
705 2267 838 2324 videntur
867 2285 922 2338 pro
944 2267 1122 2337 viderentur,·
1151 2271 1236 2323 Vind.
1258 2275 1283 2327 1.

135 2339 177 2392 tri
194 2346 302 2394 uerunt.
339 2342 401 2395 Mrss
581 2340 583 2345 “

202 2430 290 2483 boam
315 2426 613 2496 ualetudini,·cetere'a
634 2427 732 2494 rebus]
769 2429 836 2484 θοὰ.
864 2431 939 2485 Mon.
959 2432 987 2488 2.
1014 2427 1194 2497 ualetudine.
1229 2434 1284 2489 Pro

132 2501 232 2553 ceteris
261 2500 292 2551 in
308 2499 382 2557 Edd.
406 2508 473 2553 ante
492 2500 583 2554 Gebh.
608 2498 740 2567 (exce'ta
757 2502 799 2566 P.)
824 2507 866 2554 est
890 2501 1056 2572 calamoque,
1083 2510 1112 2556 et
1138 2503 1180 2555 sie
1198 2501 1283 2568 Codd.

131 2570 221 2624 Rehd.
247 2578 277 2622 et
299 2570 383 2623 vind.
404 2575 430 2627 l.
454 2579 553 2624 contra
575 2589 659 2624 usum
705 2571 840 2638 iceronis,
865 2572 927 2640 qui,
952 2589 1020 2626 cum
1040 2573 1100 2641 tria
1126 2583 1285 2640 enumerat,

132 2638 174 2705 (h.
192 2641 213 2691 l.
233 2639 360 2707 divitiae,
379 2643 479 2695 bonum
496 2641 694 2706 valetudinem,
713 2648 886 2696 cateruam
904 2640 1171 2711 eiusdemgeneria)
1198 2645 1285 2699 omit·
1354 2694 1360 2702 .

132 2719 195 2764 tere
213 2710 286 2764 solet
304 2713 458 2782 copulandi
474 2712 658 2783 particulam.
681 2712 772 2765 Vini:
789 2717 813 2768 1.
833 2712 944 2766 omittit
969 2716 1061 2779 rebus,
1085 2713 1175 2768 Rehd.
1197 2714 1285 2769 babet
1374 2719 1377 2726 '

131 2778 215 2833 buius
238 2783 358 2848 generis.
386 2784 461 2835 Mon.
482 2787 506 2837 l.
534 2783 646 2836 omittit
670 2798 732 2835 cum
755 2798 788 2836 ea
814 2799 862 2848 νη
887 2801 961 2837 unus
978 2785 1029 2839 Ox.
1055 2785 1140 2838 habet
1165 2800 1212 2838 rea
1230 2803 1285 2855 pro

133 2861 179 2915 νος
205 2851 279 2903 alius
299 2853 472 2919 ponderetur
494 2869 561 2905 cum
579 2851 647 2906 God.
666 2853 775 2919 Duisb.,
802 2853 875 2911 Edd.
894 2853 923 2907 P.
942 2854 976 2907 A.
994 2855 1026 2907 Β.
1047 2853 1075 2908 S.
1103 2855 1173 2908 Van.
1193 2864 1285 2913 nostr.

128 2921 336 2993 ponderantur,
367 2924 420 2976 Ed.
446 2924 481 2976 E.
506 2925 706 2992 ponderentur.
751 2925 786 2977 ln
809 2940 866 2978 uno
894 2925 945 2979 Ox.
970 2924 1108 2978 scribitur
1139 2925 1284 2995 rebarque,

132 2993 243 3045 omissis
261 2993 357 3046 verbis
374 2992 487 3060 generis
505 2995 629 3048 eiusdem
648 3010 737 3064 quam.
776 2995 836 3048 Mr.
1211 2994 1214 2999 '

202 3096 396 3137 consumente
415 3080 651 3136 desiderandi
660 3081 811 3155 purgabat]
837 3081 914 3148 „Sic
929 3060 1181 3150 victoriarum(
1195 3084 1283 3156 prim.

130 3159 199 3208 tert.
224 3154 317 3223 quint.
346 3152 458 3206 Gembl.
484 3155 567 3206 Mart.
589 3153 717 3206 Vatican.
755 3152 793 3204 At
817 3154 887 3210 Pall.
911 3155 1026 3212 secund.
1051 3164 1149 3226 quart.
1174 3155 1284 3211 decide·

131 3224 218 3288 ronti,
237 3225 319 3277 Fabr.
334 3223 502 3279 disserendi.
538 3224 631 3302 ¹Vulgo
656 3221 845 3278 dissidendi.“
882 3221 964 3281 cett.
996 3247 997 3250 ¹

201 3313 402 3367 Consumsere
429 3312 595 3380 dissidendi]
630 3313 725 3386 Vulgo
748 3311 940 3366 desiderandi.
977 3312 1033 3367 Sed
1059 3312 1219 3368 editionum
1235 3332 1285 3370 ve-

131 3391 274 3436 tustarum
291 3385 449 3438 lectionem
466 3383 572 3442 merito
599 3383 809 3439 revocavitcl.
827 3382 988 3449 Bentleius,
1011 3400 1098 3452 quam
1125 3393 1155 3439 et
1172 3387 1282 3439 Elians.

133 3463 336 3524 repraesentat.
373 3454 410 3507 D.
1216 3508 1219 3512 .
1283 3506 1285 3511 .

201 3541 315 3578 caueam
333 3541 393 3579 eece
410 3521 671 3589 desiderandi]
707 3524 840 3589 „Merito
859 3539 905 3576 eos
929 3524 1108 3594 vituperavit
1125 3524 1284 3594 Bentleius,

131 3595 183 3664 qui
200 3594 275 3648 hane
291 3597 447 3649 lectionem
465 3597 501 3649 iis
519 3595 722 3666 praetulerunt
740 3594 901 3660 codicibus,
919 3595 971 3664 qui
982 3595 1088 3648 habeut
1105 3596 1280 3650 discidendt'r

131 3667 163 3716 in
182 3665 284 3732 quibus
302 3674 344 3719 est
360 3666 498 3740 Regius.“
515 3663 604 3720 Βοιώ.
641 3665 703 3719 Ηοο
719 3683 823 3720 verum
841 3682 900 3720 non
918 3674 969 3720 est.
1006 3668 1097 3720 Habet
1117 3666 1188 3742 Reg.
1208 3668 1284 3722 deei-

132 3735 253 3788 derandi
269 3751 336 3787 oum
352 3735 511 3806 plerisque.
547 3738 608 3791 Mr.

202 3839 327 3893 causam·
344 3839 403 3876 ease
420 3823 645 3890 dissidendi]
683 3826 749 3878 Non
767 3826 914 3894 potuimus
940 3824 1138 3894 obtemperare
1165 3824 1284 3894 optimis

130 3894 325 3964 plurimisque
346 3894 438 3959 libris,
464 3895 516 3964 qui
543 3894 680 3948 exhibent
704 3895 896 3949 desiderandi:
933 3896 1023 3963 quod,
1047 3903 1082 3945 ut
1105 3901 1185 3946 recte
1207 3894 1284 3945 dixit

130 3961 287 4029 Bentleius,
306 3966 478 4016 sententiam
495 3965 601 4016 turbat.
639 3966 794 4019 Obsecutus
812 3966 906 4038 igitur
923 3982 987 4015 sum
1005 3963 1053 4015 illi
1069 3963 1179 4015 Davisii
1197 3963 1282 4029 libro,

130 4037 182 4088 uni
209 4037 259 4089 Ox.
283 4035 354 4089 Edd.
381 4041 414 4086 A.
442 4036 473 4091 B.
497 4034 526 4087 S.
549 4035 585 4091 Β.
611 4038 648 4087 Μ.
674 4036 706 4087 L.
732 4037 802 4087 Van.
832 4043 921 4089 nostr.
941 4033 1010 4100 Asc·
1037 4034 1063 4085 1.
1095 4033 1158 4088 Gar.
1182 4033 1283 4103 steph.

131 4107 196 4160 Ald.
218 4107 326 4162 Sturm.
345 4105 461 4160 Lambb.
482 4104 569 4158 Goth.
589 4106 669 4157 Boul.
687 4106 772 4157 Brut.
788 4105 909 4160 HWolf.
931 4103 1010 4174 sylb.
1039 4111 1069 4156 et
1087 4105 1194 4157 rationi
1217 4103 1298 4175 ipsi.'

131 4179 167 4229 ln
184 4181 259 4230 Mon.
280 4183 305 4233 1.
331 4185 374 4228 est
398 4175 568 4238 disserendi,
596 4183 626 4227 et
649 4175 690 4227 sic
714 4176 801 4227 etiam
819 4176 886 4230 God.
905 4175 1003 4227 Duisb.
1040 4174 1095 4227 Sed
1120 4173 1171 4226 bic
1197 4191 1283 4245 supra

131 4249 184 4300 lin.
205 4248 290 4302 habet
308 4248 497 4303 desiderandi.
534 4245 691 4298 Nobiscum
708 4247 779 4298 facit
792 4247 885 4298 'etiam
902 4263 993 4319 rnarg.
1013 4245 1070 4298 MS.
1090 4244 1143 4297 Ed.
1167 4252 1283 4299 nostrae

133 4320 195 4374 Asc.
215 4321 240 4374 Β.
278 4321 312 4372 ln
330 4337 409 4390 seqq.
435 4318 502 4372 God.
522 4317 606 4369 Vind.
627 4321 655 4370 1.Ι
672 4334 738 4370 cum
756 4317 853 4370 tribus
867 4319 936 4372 Oxx.
962 4317 1110 4384 negabunt,
1139 4334 1211 4368 unus
1230 4317 1280 4369 Ox.

132 4397 247 4457 negant.
283 4391 317 4443 ln
340 4408 418 4461 seqq.
444 4390 511 4444 (lod.
537 4391 610 4444 Mon.
632 4393 655 4445 1.
686 4388 771 4443 babet
802 4405 890 4458 quare
917 4385 995 4442 baio
1011 4387 1114 4466 tiorum.
1153 4389 1282 4442 Fortasse
