2856 5084
220 280 281 346 ase
528 272 801 338 uxamensi
826 274 868 337 ιι
889 275 916 342 ι.
940 280 988 341 ιο.
1009 277 1061 342 n.
1103 375 1106 378 ι

221 457 314 504 causa,
335 456 388 494 cur
405 436 471 503 hoc,
491 455 576 507 quam
595 438 680 504 illud,
705 437 797 512 magis
816 438 855 491 sit
871 437 1103 490 Aristotelicum:
1128 454 1183 490 nec
1200 436 1263 489 ullo
1282 453 1379 509 argu·¹

220 522 320 564 mento
343 509 487 582 colligere
513 516 645 577 possunt,
673 506 853 561 entelechiam
877 509 986 576 potius,
1012 525 1097 577 quam
1120 505 1308 560 endelechium
1336 507 1369 559 ab

220 580 378 634 Aristotele
398 580 539 647 scriptum
558 595 631 631 esse:
651 585 710 630 tam
732 581 809 630 enim
827 579 950 631 verbum
969 594 1075 630 novum
1093 577 1159 642 hoc,
1178 594 1264 645 quam
1275 576 1367 631 illude

221 670 276 706 nec
293 650 388 702 minue
407 650 498 700 altero
517 648 680 720 significari
704 649 826 711 animus,
855 665 941 716 quam
959 648 1052 701 altero
1071 648 1197 716 potest.“
1234 649 1370 700 Camera-

220 725 282 775 rius
308 729 409 773 contra
426 718 571 771 Budaeum
597 717 737 786 aliosque,
764 719 815 786 qui
840 718 902 770 eius
928 717 1100 770 sententiam
1127 719 1321 788 sequebantur
1340 725 1370 771 et

222 794 279 847 alia
296 791 410 844 monuit
428 789 545 842 ethaeo
562 788 761 856 potissimum:
790 786 890 852 „Quid
909 787 976 840 illos
1001 788 1136 852 moverit,
1163 795 1198 840 ut
1217 787 1369 841 Ciceronis

222 865 378 916 reiicerent
401 860 476 911 hanc
505 859 778 926 interpretationem
801 857 938 926 perennis
964 865 992 909 et
1019 859 1201 910 continuatae
1220 858 1369 923 motionis,

222 949 282 986 non
299 933 392 983 video.
430 928 516 981 Certe
535 929 613 980 enim
631 925 776 995 ἐνδελεχὲς,
805 926 881 979 unde
899 927 1056 995 appellatio
1081 927 1134 980 illa
1153 928 1238 990 cadit,
1266 944 1371 998 peren-

223 1006 344 1056 nitatem
364 1008 393 1053 et
411 998 656 1051 continuationem
676 996 832 1071 significat,
859 1014 978 1064 eatnque
1000 1005 1132 1070 uegetam
1160 1005 1189 1049 et
1207 998 1369 1070 vigentem,

224 1073 328 1144 quibus
345 1079 441 1123 motus
459 1069 555 1122 abesse
572 1068 690 1136 nequit:
709 1074 864 1136 propterea
881 1075 910 1120 et
928 1067 1096 1119 Aristoteles
1115 1065 1249 1135 physicis
1268 1084 1370 1138 corpo-

223 1145 303 1197 ribus
322 1140 455 1193 attribuit
479 1136 656 1206 ἐντελέχειαν,
684 1144 713 1190 et
732 1139 867 1205 opposuit
894 1143 928 1203 τῇ
950 1131 1075 1205 δυνάμει,
1103 1145 1138 1188 ut
1155 1136 1236 1188 illius
1260 1138 1323 1190 vita
1341 1147 1370 1192 et

225 1215 310 1288 vigor
328 1210 425 1264 intelli
448 1218 556 1273 eretur,
584 1224 707 1291 quorum
725 1215 882 1275 utrumque
900 1207 931 1257 in
951 1214 1029 1258 motu
1049 1215 1101 1258 est.
1129 1204 1277 1275 ἐνδελεχῶς
1295 1206 1370 1260 dixit

225 1285 305 1336 Plato
324 1299 391 1334 cum
410 1228 489 1342 alibi,
508 1286 571 1329 tum
591 1296 622 1329 ιιι
640 1276 767 1331 Timaeo.
801 1277 841 1328 Et
859 1277 1022 1329 celebratur
1038 1294 1139 1328 versus
1158 1278 1369 1344 proverbialis:

224 1357 327 1418 πέτρην
345 1354 472 1404 κοιλαίνει
490 1348 566 1420 ῥανὶς
584 1346 681 1408 ὕδατος
700 1345 859 1416 ἒνιελεχείῃ.
881 1373 913 1383 -
940 1344 994 1398 Sed
1013 1346 1168 1399 discrimen
1186 1347 1280 1416 aliqui
1299 1348 1371 1401 scri·

226 1417 336 1488 ptionis
355 1425 511 1484 opponunt.
549 1418 623 1469 Nam
642 1415 787 1468 inhaesi
810 1417 977 1469 nificatione
996 1415 1013 1466 d
1030 1431 1089 1469 non
1103 1438 1118 1468 τ
1136 1417 1292 1470 secundam
1311 1417 1371 1488 syl-

226 1488 318 1540 labam
336 1486 476 1553 incipere.
515 1486 594 1549 Quod
611 1492 655 1538 est
673 1487 765 1540 inane.
832 1485 888 1538 ihil
906 1488 983 1538 enim
999 1486 1220 1558 significationis
1239 1488 1371 1543 diversae

228 1565 338 1609 mutata
355 1556 444 1607 litera
463 1553 556 1608 affert.
592 1554 647 1607 Sed
664 1564 697 1606 ut
715 1574 730 1606 τ
748 1557 778 1607 in
796 1558 919 1608 aliarum
938 1556 1096 1608 multarum
1114 1556 1222 1623 locum,
1243 1560 1285 1610 ita
1303 1559 1370 1612 lite·

227 1645 276 1682 rae
301 1627 319 1679 d
342 1640 455 1695 quoque
480 1623 536 1677 hoc
559 1625 591 1677 in
613 1626 701 1678 verbo
728 1627 880 1679 successit:
909 1626 985 1693 quod
1006 1626 1102 1695 ipsum
1127 1635 1156 1681 et
1179 1627 1322 1681 Lucienus
1340 1631 1371 1682 in

184 1710 188 1718 ¹
228 1701 322 1752 iocosa
347 1712 396 1748 sua
414 1696 593 1748 accusatione
610 1695 682 1748 fecit
700 1711 718 1746 σ
735 1704 835 1749 contra
850 1716 864 1746 τ
881 1696 984 1751 dicere.
1005 1695 1162 1764 ἐντελέχεια,
1181 1699 1289 1768 inquit,
1307 1700 1370 1752 abs·

228 1768 299 1821 tulit
324 1766 429 1818 literae
455 1764 486 1830 d,
521 1773 551 1819 et
574 1767 615 1817 sic
640 1764 745 1818 efferre
776 1766 904 1835 postulat
931 1774 1032 1818 contra
1055 1767 1100 1819 ius
1124 1771 1226 1836 fasque
1253 1770 1370 1823 omne.“

229 1839 432 1892 Comneenlator
450 1851 519 1888 vero
538 1834 613 1904 apud
631 1834 724 1886 heode
745 1839 838 1887 arium
858 1853 873 1887 a
893 1836 1019 1901 Quercu:
1056 1839 1118 1901 „In
1137 1840 1296 1905 codicibus,
1319 1841 1370 1904 ait,

229 1908 352 1962 vetustis
371 1906 481 1978 legitur
498 1904 646 1974 semperd
664 1853 745 1973 apud
758 1906 936 1962 Ciceronem.
975 1906 1023 1959 Sic
1041 1909 1118 1964 enim
1137 1910 1285 1984 significat
1311 1912 1371 1984 agi·

231 1980 381 2032 tationem.
420 1975 564 2029 stramen
582 1974 699 2050 legatur
722 1993 775 2044 per
793 1997 816 2040 a,
843 1975 920 2027 nihil
939 1976 1086 2043 intererit,
1113 1997 1179 2033 cum
1199 1980 1370 2033 Plutarchus

230 2049 265 2101 de
283 2046 401 2100 Placitis
425 2043 667 2115 Philosophorum
691 2045 905 2115 interpretetur
933 2049 1082 2114 energian,
1108 2050 1249 2103 Boethius
1276 2058 1371 2103 autem

231 2133 266 2172 ex
285 2120 346 2172 eius
366 2116 509 2170 sententia
528 2122 624 2168 actum.
663 2113 719 2168 Sed
738 2125 767 2168 et
784 2116 927 2168 Lucienus
947 2116 978 2178 (l.
999 2118 1035 2182 c.)
1055 2121 1199 2193 significat
1224 2119 1303 2171 nihil
1327 2122 1372 2173 in·

230 2196 338 2241 teresse
363 2187 424 2239 sive
448 2202 502 2254 per
527 2184 545 2237 d
572 2185 632 2237 sive
655 2202 710 2253 per
734 2185 916 2238 ascribatur.
943 2194 1070 2241 attamen
1095 2191 1185 2263 vulgo
1208 2185 1373 2258 ἐντελέχειαν

230 2256 399 2311 Aristotelis
417 2256 496 2309 inter
516 2261 592 2308 retes
610 2255 748 2317 retinent,
775 2256 937 2325 novitiique
961 2257 1192 2328 interpretantur
1214 2262 1372 2327 perfectio·

231 2343 314 2382 nemt
334 2324 391 2391 sed,
408 2333 443 2378 ut
460 2272 534 2377 mili
554 2325 682 2389 videtur,
701 2324 927 2379 meliusCicero.
940 2353 972 2365 -
991 2326 1138 2383 Lambinus
1156 2329 1233 2381 nihil
1252 2331 1311 2384 nisi
1330 2347 1371 2394 ea,

232 2414 305 2466 quae
333 2396 364 2446 in
390 2396 576 2447 annotatione
598 2412 647 2446 sua
671 2395 771 2446 attulit
794 2396 932 2450 Davisius.
960 2424 992 2434 —
1030 2398 1104 2463 Quid
1129 2400 1275 2466 Erneetne,
1303 2401 1373 2470 quid

232 2465 379 2521 Scbtitzs'as
398 2465 484 2527 dicat,
510 2463 541 2516 in
569 2463 650 2515 illius
670 2463 751 2516 Clav.
772 2464 833 2517 Cic.
858 2474 887 2518 et
909 2466 995 2520 huius
1014 2470 1080 2521 Lex.
1102 2470 1234 2523 Ciceron.
1260 2471 1374 2523 unicui-

234 2555 289 2604 que
308 2536 335 2588 le
358 2550 405 2586 ere
423 2534 509 2586 licett
538 2551 627 2602 quare
654 2552 794 2587 summam
819 2543 931 2588 tantum
955 2540 1115 2594 sententiae
1142 2541 1297 2610 utriusque
1315 2541 1374 2594 viri

233 2607 311 2658 docti
350 2603 529 2666 elibsbimus,
548 2611 709 2673 postquam,
729 2622 800 2672 quae
819 2605 976 2660 Boalers'ae
993 2611 1151 2673 annotavit,
1171 2611 1263 2679 ipsius
1279 2612 1374 2665 verbis

233 2674 428 2742 adscripscrat
449 2675 541 2736 „Mon
558 2676 697 2725 ancienne
717 2673 824 2727 edition
842 2686 927 2745 porte
945 2676 1146 2745 endelecheian,
1166 2688 1195 2732 et
1212 2680 1284 2733 c'est
1301 2680 1375 2733 ainsi

235 2762 292 2814 que
311 2742 432 2796 Ciceron
450 2760 467 2794 a
484 2742 516 2794 lt
535 2758 567 2795 ce
585 2751 647 2795 mot
665 2743 879 2810 dansAristote,
899 2763 1011 2799 comme
1029 2748 1066 2799 l'a
1084 2752 1143 2802 tres
1161 2750 1228 2802 bien
1246 2765 1376 2803 reconna

234 2816 288 2867 bir.
314 2813 419 2866 Davies
445 2831 480 2867 en
511 2816 546 2873 sa}
568 2813 700 2866 derniere
725 2813 844 2869 edition.
881 2815 909 2868 ll
932 2817 953 2867 s'
974 2819 1096 2869 ecrivoit
1119 2819 1153 2871 de
1183 2818 1212 2870 la
1236 2829 1315 2874 sorte
1340 2839 1376 2874 en

237 2884 305 2938 effet
323 2883 392 2935 dans
410 2882 558 2950 l'origine,
586 2884 700 2935 suivant
719 2884 829 2936 Lucien
848 2901 884 2936 en
907 2902 959 2939 son
977 2887 1134 2960 lugement
1158 2888 1207 2942 des
1225 2889 1374 2960 Voyelles.

235 2957 271 3008 λε
290 2971 326 3007 ne
350 2953 405 3006 sais
429 2969 466 3004 au
489 2957 577 3013 reste,
601 2953 626 3002 si
644 2967 716 3004 ona
739 2970 775 3006 eu
792 2954 887 3007 raison
914 2956 948 3009 de
972 2959 1130 3025 reprendre
1147 2959 1277 3024 Lambin,
1303 2979 1377 3031 pour

236 3025 319 3077 avoir
336 3024 380 3075 dit
397 3038 453 3090 que
471 3022 585 3074 suivant
602 3020 731 3074 Aristote
758 3023 841 3076 l’ame
867 3026 940 3078 etoit
964 3035 1040 3080 cette
1064 3037 1149 3081 rertu
1166 3031 1300 3093 matrice,
1329 3033 1377 3100 qui

236 3094 291 3144 fait
309 3091 373 3165 agir
391 3107 441 3143 nos
461 3107 555 3159 corps.
592 3090 649 3143 Car
666 3092 727 3142 cela
745 3095 880 3147 convient
895 3097 913 3146 a
931 3096 960 3149 la
978 3096 1109 3152 doctrine
1133 3099 1167 3151 de
1192 3115 1225 3151 ce
1247 3099 1376 3169 philoso-

236 3162 305 3231 phe,
330 3159 380 3230 qui
404 3160 518 3212 vouloit
541 3177 597 3228 que
618 3160 713 3225 l’ame,
737 3164 862 3234 quoique
888 3166 1044 3231 immobile,
1070 3168 1117 3220 fat
1141 3168 1170 3221 le
1188 3169 1323 3238 principe
1341 3168 1378 3222 du

237 3237 430 3283 mouvement.
469 3229 525 3282 Sur
548 3245 580 3282 ce
601 3248 719 3304 passage
743 3248 836 3300 voyez
861 3234 978 3289 Achille
1001 3238 1083 3290 Stace
1108 3237 1239 3290 Observa.
1267 3240 1376 3306 difficit.

238 3301 342 3368 aliquot
360 3300 444 3352 lacer.
464 3316 524 3368 cap.
545 3300 592 3353 l.“
628 3300 770 3368 Ernestae,
810 3312 941 3374 ostquam
961 3306 1120 3373 Ciceronis,
1146 3317 1234 3378 prout
1253 3326 1315 3361 eam
1334 3311 1378 3362 in·

238 3369 361 3443 telligit,
380 3370 523 3452 ⁸esposuit
548 3371 728 3434 sententiam,
762 3320 942 3444 „inreligata
970 3379 1011 3429 ait
1034 3394 1069 3430 ex
1096 3387 1193 3432 mente
1211 3378 1378 3434 Aristotelis

238 3455 298 3492 non
317 3447 361 3491 est
378 3459 389 3490 ι
411 3457 441 3492 sa
458 3456 561 3501 anima,
582 3441 630 3492 sed
649 3441 709 3493 eius
728 3444 831 3509 forma,
852 3446 1012 3499 subiectum
1030 3456 1126 3500 autem
1151 3452 1223 3514 eius,
1250 3457 1281 3503 et
1298 3451 1379 3520 quasi

239 3509 370 3590 materia,
420 3548 425 3560 .
447 3526 470 3564 e.
498 3507 574 3577 quod
600 3528 630 3563 se
654 3511 688 3562 ad
712 3509 878 3580 ἐντελέχειαν
901 3515 996 3581 habet,
1023 3525 1055 3568 ut
1073 3519 1107 3570 ad
1131 3527 1242 3572 motum
1263 3534 1378 3592 corpus,

241 3586 287 3632 est
310 3577 435 3644 δνναμις,
468 3579 513 3631 vis
538 3581 652 3653 agendi,
677 3581 733 3634 hoc
756 3591 798 3635 est
821 3586 1017 3655 percipiendi,
1040 3589 1197 3662 cogitandi.
1223 3590 1317 3644 [ιιι.
1345 3590 1380 3644 tle

240 3647 344 3701 Anima
360 3664 386 3703 c.
408 3653 439 3702 l:
458 3647 490 3700 in
508 3651 586 3701 omni
604 3667 636 3702 re
655 3652 714 3703 tria
732 3669 791 3705 essa
810 3653 930 3719 dixerat,
950 3657 1025 3723 ὕλην,
1044 3656 1157 3727 μορφὴν
1173 3654 1191 3725 ἢ
1210 3657 1284 3720 εἶδος
1303 3667 1333 3715 ct
1349 3661 1379 3716 sd

162 3784 165 3791 ι
241 3717 270 3772 ἔκ
288 3713 398 3770 τούτων.
436 3717 499 3770 Hoc
517 3723 551 3773 ad
568 3720 699 3772 animum
717 3722 759 3773 sic
776 3727 931 3782 transfert:
956 3728 1011 3779 ἔστι
1028 3727 1060 3779 dt
1079 3727 1094 3792 ἡ
1113 3730 1166 3795 μὲν
1184 3725 1232 3797 ὕλη
1255 3724 1379 3798 δύναμις,

240 3786 271 3843 τὸ
288 3787 320 3840 di
338 3780 411 3846 sidae
429 3785 585 3854 inreligata.
621 3791 721 3859 Neque
740 3800 836 3845 tamen
855 3794 956 3849 Cicero
975 3805 1084 3865 peccat,
1114 3801 1140 3851 ei
1162 3798 1220 3851 hoc
1247 3801 1381 3854 enuncia

240 3867 304 3912 tunt
322 3859 461 3912 tribuens.
497 3860 570 3911 Nam
588 3875 635 3910 res
653 3878 669 3912 a
685 3863 779 3913 foruna
798 3880 857 3927 sua,
877 3883 931 3933 qua
950 3867 983 3919 ab
1002 3866 1068 3919 aliis
1093 3869 1178 3922 rebus
1196 3867 1381 3944 distinguun-

242 3937 293 3982 tur
318 3930 454 3991 maxime,
480 3928 622 3998 appellari
650 3928 682 3980 in
704 3930 836 3985 omnibus
863 3934 905 3985 lin
950 3937 973 3988 is
1000 3939 1134 3990 usitatum
1167 3948 1217 3992 est.
1260 3941 1324 3994 lise
1347 3958 1381 3994 ex

240 4007 325 4070 parte
343 4001 431 4054 etiem
448 3999 525 4052 vidit
542 3997 701 4052 Leibnitius
718 4001 856 4056 Theodic.
876 4005 897 4055 1.
933 4009 999 4061 ΛΒ.
1039 4008 1117 4073 Quod
1140 4008 1275 4064 Davisius
1299 4017 1382 4080 putat

241 4071 367 4123 animam
390 4068 543 4122 Aristoteli
568 4085 628 4121 esse
654 4072 778 4124 formam
807 4077 946 4144 corporis,
972 4093 1043 4145 quae
1070 4093 1131 4130 eam
1155 4078 1268 4144 [debuit
1285 4082 1381 4135 dicere

240 4142 352 4208 corpas]
371 4140 490 4204 animet,
508 4146 594 4191 erret.
631 4140 704 4192 Nam
722 4143 792 4195 baec
810 4144 979 4198 Dicaearchi
999 4157 1041 4200 est
1064 4151 1215 4216 sententia,
1239 4168 1300 4204 non
1319 4153 1382 4205 Ari-

242 4210 364 4275 stotelis,
384 4226 469 4279 quam
489 4209 591 4263 Cicero
612 4211 645 4262 ab
663 4211 717 4263 illa
735 4213 897 4288 distinguit.
934 4219 1051 4271 Veteres
1074 4223 1206 4288 profecto
1230 4223 1333 4277 eodem
1350 4238 1382 4276 ec

241 4295 292 4333 nos
310 4280 394 4334 modo
413 4280 523 4349 cepisse
540 4280 597 4334 hoc
616 4281 735 4334 verbum
753 4285 899 4343 videntur.
919 4287 996 4341 Sext.
1015 4289 1128 4360 Erupir.
1147 4307 1172 4342 c.
1192 4292 1330 4347 Mathem.
1349 4294 1380 4345 X.

241 4352 269 4405 3.
289 4352 333 4405 to.
357 4365 411 4419 pro
435 4359 501 4405 actu
524 4352 621 4420 posuit
643 4359 672 4406 et
697 4358 845 4424 potentiae
867 4359 1016 4428 opposuitt
1041 4361 1072 4413 τὸ
1097 4357 1155 4416 ω’ὁν
1178 4365 1245 4417 κατα
1265 4363 1383 4435 δύναμιν
