2856 5084
593 276 724 340 LIBER
745 275 790 350 V,
819 276 849 341 5.
1245 278 1286 346 33

130 441 171 503 ab
193 442 258 503 ista
284 442 416 523 pictura
437 443 702 530 imaginibusque
719 444 888 503 virtutum
899 437 943 502 ad
963 459 1034 503 rem
1044 445 1286 527 veritatemque

131 523 341 599 traduxerim
363 525 564 588 hoenudum
579 527 792 608 relinquitur,
812 524 965 606 possitne
979 524 1053 604 quis
1064 525 1179 588 beatus
1202 549 1284 602 esse,

131 605 289 688 quamdiu
325 615 532 690 torqueatur.
589 609 813 673 Quamobrem
847 607 911 668 hoc
944 626 1034 668 nune
1069 627 1284 687 quaeramuss

130 691 276 751 virtutes
298 699 410 751 autem
433 692 503 751 noli
523 692 647 768 vereri,
672 711 715 753 ne
737 690 948 773 expostulent
981 698 1014 750 et
1046 699 1228 770 querantur
1249 714 1285 758 se

131 772 268 851 abeata
289 773 360 833 vita
389 792 461 835 esse
490 773 644 837 relictass
677 775 820 836 sienim
845 772 941 833 nulla
966 773 1076 833 virtus
1109 772 1286 853 prudentia
1315 822 1319 831 .

130 853 440 936 vacat-prudentia
460 856 531 937 ipsa
553 855 616 915 hoc
637 853 744 932 videt,
765 875 832 916 non
853 872 967 915 omnes
989 854 1287 919 bonoses'seetiam

131 936 264 1013 beatos‘s
291 939 462 1020 multaque
483 937 525 999 de
557 932 605 1001 M.
644 934 763 1015 Atilio,
797 937 835 1001 Q.
865 934 1042 1018 Caepione,
1072 935 1121 999 Μ’
1150 935 1287 1020 Aquilio

131 1141 212 1248 qeqq.
229 1194 236 1208 ⁹
256 1141 337 1248 prqn
339 1124 519 1179 tradereris
545 1121 600 1178 duo
626 1124 698 1178 Oxx.
724 1122 796 1199 Aug.
821 1123 897 1178 Gud.
926 1121 1025 1177 Duisb.
1049 1123 1134 1182 Vind.
1157 1129 1182 1181 1.
1210 1144 1289 1196 per-

153 1212 259 1249 urerss.
335 1213 359 1248 r.

203 1265 255 1319 boc
273 1267 374 1319 nudum
392 1264 587 1336 relinquitur,]
625 1265 764 1331 „Durum
789 1265 846 1319 hoc
862 1264 987 1321 ridetur.
1019 1264 1077 1320 MS.
1098 1266 1194 1322 Gueli.
1222 1285 1297 1322 non-.

133 1338 208 1389 dum.
228 1338 311 1402 bene,
330 1339 444 1407 opinor.
481 1336 586 1390 Sensus
607 1345 665 1389 est:
695 1336 752 1389 hoc
777 1338 905 1390 nondum
929 1337 1071 1402 efficitur,
1098 1338 1289 1414 intelligitur.

134 1425 202 1459 nam
221 1409 263 1461 sic
282 1409 403 1476 relinqui
422 1409 531 1460 dicitnr
548 1425 564 1459 a
583 1408 732 1461 Cicerone.
751 1408 815 1461 Vid.
837 1409 917 1462 Glav.
937 1410 969 1461 in
987 1407 1016 1462 h.
1036 1408 1090 1461 r.“
1108 1410 1177 1465 Ern.
1211 1411 1292 1476 „Nu-

134 1480 214 1531 dums
246 1479 359 1532 scilicet
382 1478 436 1531 illo
455 1487 568 1542 ornatu,
596 1478 648 1548 qui
676 1486 774 1548 captat
797 1481 894 1548 potius
919 1480 1061 1540 animum,
1090 1498 1176 1550 qnam
1195 1482 1290 1547 docet,

100 1545 102 1549 ’
131 1549 273 1611 detracto,
298 1548 329 1600 id
354 1554 469 1602 tantum
487 1557 630 1619 superest,
657 1567 694 1601 an
713 1551 788 1619 quis.
802 1551 915 1604 beatior
937 1552 1031 1619 possit
1050 1567 1121 1615 esse,
1150 1554 1290 1621 quamdiu

130 1627 311 1688 torqueatur.
350 1619 493 1674 Ernestus
517 1623 626 1673 frustra
644 1619 695 1672 hic
713 1619 816 1684 haesit,
849 1622 1012 1691 maluitque
1036 1623 1126 1675 nond
1132 1640 1184 1675 um
1201 1624 1289 1679 relin-

132 1690 230 1759 quitur
248 1692 266 1743 ἰ.
288 1710 312 1745 e.
334 1693 472 1746 efficitur.
511 1691 568 1757 Sed
586 1691 627 1744 ita
645 1707 761 1744 necesse
781 1700 853 1758 erat,
871 1701 905 1744 ut
924 1699 1107 1760 sequeretur:
1141 1700 1172 1746 ul
1194 1695 1290 1762 possit

131 1762 193 1830 quis
211 1763 307 1815 beatus
326 1762 420 1815 esse.“
438 1763 546 1816 Nissen.
584 1761 757 1829 „Sententia
777 1770 835 1817 est:
862 1761 934 1816 haec
953 1762 1015 1816 sola
1033 1771 1126 1816 restat
1146 1768 1288 1835 quaestip.

133 1833 600 1889 cf.0vi‹t.1ttetam.xt11.159:
632 1834 711 1901 Ergo
735 1850 847 1901 operum
868 1832 1000 1904 quonium
1024 1835 1127 1886 nudum
1150 1844 1290 1891 certamen

133 1901 277 1956 liabetur.“
297 1906 385 1971 Wolf.
406 1905 437 1957 in
460 1902 587 1956 Scholis.
1184 1964 1187 1971 ¹
1280 1968 1284 1973 ¹

194 1973 256 2027 ‘boe
286 1978 412 2029 nudum
439 1975 624 2044 relinquitur]
661 1976 805 2027 Vitiosum
832 1975 909 2028 illud
942 1977 1061 2029 nondum
1087 1975 1174 2037 habet
1200 1979 1287 2041 etiam

133 2044 201 2098 Cod.
221 2047 294 2122 Aug.
333 2047 378 2102 Ad
402 2046 605 2119 interrogandi
629 2045 796 2111 formulam,
825 2064 896 2116 quae
923 2049 1065 2116 sequitur,
1095 2047 1153 2102 vid.
1181 2049 1289 2111 Handii

132 2115 333 2170 Tursellinnm
354 2119 377 2170 1.
396 2135 425 2187 p.
445 2120 506 2172 261.
527 2135 569 2187 sq.
591 2115 660 2169 Cod.
680 2120 756 2169 lllon.
779 2124 802 2172 1.
823 2117 941 2170 exhibet
954 2117 1123 2186 possitque.
1160 2121 1221 2175 Mr.

205 2190 420 2243 Quamobrem
440 2187 573 2241 koenon
591 2187 772 2256 quaeramus]
809 2189 880 2258 „Sic
904 2189 1039 2242 mendose
1062 2190 1094 2240 in
1117 2191 1289 2258 quibusdam

132 2257 219 2312 libris
238 2259 368 2334 vulgatis
387 2260 499 2334 legitur
518 2276 607 2328 quum
627 2259 771 2312 emendati
784 2267 820 2319 ,et
831 2259 944 2329 antiqui
955 2267 1036 2312 recte
1047 2256 1170 2311 habeant
1188 2262 1290 2315 nuuc.“

131 2331 195 2382 Frc.
217 2331 303 2395 Febr.
340 2331 455 2384 Habent
480 2346 538 2382 non
563 2328 635 2382 Edd.
664 2328 698 2381 A.
718 2330 751 2381 B.
775 2332 845 2382 Ven.
872 2337 962 2382 nostr.
982 2331 1048 2382 Asc.
1069 2334 1094 2383 1.
1114 2337 1152 2394 et,
1180 2331 1290 2383 invitus

131 2401 264 2468 quidem,
284 2401 294 2451 i
317 2419 347 2454 se
365 2402 449 2453 Fabr·
482 2402 516 2452 ln
530 2400 598 2454 God.
612 2400 687 2454 Gud.
708 2408 752 2452 est
770 2397 821 2452 loc
839 2417 902 2453 uere
920 2415 1093 2469 quaeramus.
1112 2400 1185 2454 Edd.
1205 2405 1288 2467 lunt.
1374 2404 1377 2410 '

132 2471 198 2523 Asc.
223 2475 249 2527 2.
313 2480 366 2528 rat.
402 2471 583 2539 quaerimus.
632 2472 732 2546 Pergit
768 2470 821 2522 Ed.
851 2469 880 2523 P.
914 2473 1029 2525 virtutes
1062 2471 1142 2524 noli
1176 2480 1289 2526 autem

131 2543 233 2596 uereri.
270 2543 330 2595 Mr.
702 2596 705 2601 ,
1064 2582 1066 2587 -
1204 2596 1207 2602 .

203 2629 239 2666 ne
257 2613 438 2681 expostulent]
457 2615 499 2680 „i
518 2631 541 2668 e.
562 2632 598 2669 ne
616 2615 760 2670 incusent.
780 2615 966 2684 Expostulore
984 2621 1029 2668 est
1047 2615 1194 2683 querelam
1212 2616 1290 2686 apud

133 2701 200 2738 eum
219 2685 314 2755 ipsum
335 2685 489 2755 deponere,
509 2685 560 2755 qui
578 2687 650 2738 fecit
669 2687 822 2739 iniuriam:
848 2686 995 2752 postulare
1019 2694 1114 2738 autem
1139 2687 1287 2756 querelam

133 2755 232 2810 dicere
251 2755 285 2808 de
303 2755 492 2826 alteroapud
511 2755 669 2809 alterum.“
687 2757 822 2813 Beroald.
843 2757 911 2811 Cod.
931 2756 1021 2810 Rehd.
1041 2753 1128 2809 habet
1146 2775 1223 2811 nene
1242 2776 1289 2811 eu-

130 2826 281 2894 postulent,
300 2828 376 2878 Mon.
398 2831 422 2880 l.
442 2843 476 2880 ne
495 2834 557 2878 out
575 2831 744 2894 expostulent
762 2834 922 2896 queruntur,
938 2827 1044 2880 omisso
1063 2834 1100 2892 et,
1122 2829 1204 2881 cuius
1223 2829 1288 2882 loco

132 2894 261 2951 Vindsl.
281 2895 370 2950 habet
386 2904 425 2949 ut.
464 2897 518 2949 Per
541 2904 594 2949 unt
614 2901 686 2950 blon-
707 2903 731 2952 1.
753 2907 781 2952 et
800 2897 834 2951 D.
852 2914 921 2963 sese,
942 2897 1018 2952 Gud.
1039 2905 1140 2950 contra
1164 2907 1194 2952 et
1212 2917 1288 2952 unus

133 2967 184 3020 Ox.
204 2969 347 3020 omittunt
365 2983 401 3020 se.
423 3000 456 3010 -
492 2914 640 3034 „fielictns
663 2984 721 3021 esse
746 2976 791 3022 est
810 2967 973 3033 conjectura
998 2969 1029 3020 in
1047 2987 1140 3042 marg,
1165 2969 1288 3037 [lamb]

131 3041 212 3094 1584.
234 3037 335 3113 [marg.
357 3037 459 3105 Goth]
483 3055 540 3107 quo
565 3044 710 3093 vitaretur
731 3039 896 3092 hexametri
915 3042 1018 3095 exitus.
1057 3038 1111 3092 Sed
1130 3041 1288 3094 clausulam

131 3106 184 3161 hic
209 3110 338 3162 nondum
363 3111 548 3163 concluserat
574 3109 724 3162 Tullius.“
748 3110 797 3163 Or.
834 3110 923 3162 Abest
946 3127 1006 3163 esse
1024 3109 1057 3164 ab
1082 3127 1140 3164 uno
1160 3111 1210 3170 01,
1231 3129 1288 3182 quo

132 3180 245 3234 abiecto
272 3182 379 3234 eadem‘
394 3181 479 3234 fieret
503 3181 578 3243 loco,
611 3183 636 3233 si
656 3197 728 3250 opus
754 3189 835 3246 esset,
863 3181 1016 3234 medicina.
1046 3181 1120 3235 Gud.
1145 3192 1242 3236 antem
1260 3187 1286 3240 2.

132 3250 219 3304 habet
243 3253 360 3307 relictos
385 3268 455 3304 esse.
491 3253 592 3335 Pergit
619 3249 707 3305 Rehd.
733 3254 788 3306 sin
812 3252 894 3305 enim.
931 3252 976 3305 Ad
994 3271 1021 3305 r.
1041 3253 1076 3306 Si
1094 3255 1169 3306 enim
1187 3255 1288 3308 Nisse-

132 3323 211 3388 nius,
236 3324 367 3390 „Meum
392 3323 499 3393 inquit,
524 3339 551 3376 st
570 3325 653 3376 elium
672 3323 748 3392 quod
772 3339 825 3392 pro
843 3321 956 3375 etiamsi
974 3321 1091 3375 dicitur.
1129 3323 1289 3400 Vulgatum

132 3401 232 3447 tamen
250 3396 325 3448 ferri
343 3394 473 3463 potest.“
509 3393 552 3446 Ea
575 3402 655 3446 certe
681 3394 848 3446 coniectura
867 3392 947 3445 nihil
964 3395 1061 3447 minus
1081 3398 1287 3448 necessarium.

132 3467 169 3517 In
186 3465 239 3518 Ed.
260 3464 289 3520 P.
309 3465 423 3540 legitur
440 3472 521 3517 oncot
534 3464 697 3532 prudentio,
719 3467 783 3533 ipsa
799 3463 966 3531 prudentio:
995 3466 1114 3519 inverso
1133 3466 1289 3520 verborum

133 3536 245 3589 ordine.
283 3536 365 3589 Unus
385 3537 436 3588 Ox.
457 3536 570 3587 omittit
588 3537 670 3589 uidet.
708 3536 775 3587 lllox
801 3534 890 3588 Rehd.
909 3533 997 3590 hahet
1021 3535 1104 3589 etium
1124 3553 1192 3591 esse.
1213 3538 1287 3593 Gud.

132 3606 247 3659 omittit
265 3607 357 3666 etiarn.
390 3606 435 3659 Ad
453 3606 633 3660 locutionem
652 3607 790 3676 multoque
808 3607 884 3661 conf.
906 3605 966 3660 (lic.
986 3607 1071 3661 Catil.
1083 3609 1130 3660 IV.
1142 3613 1168 3664 4.
1180 3613 1204 3663 7.
1225 3610 1287 3664 Mr'.

205 3696 249 3753 M.
268 3695 377 3762 Atilio]
413 3695 543 3759 „Atilius
561 3695 722 3764 Xanthippi
745 3695 965 3749 Lacedaemonii
987 3697 1118 3750 consiliis
1136 3699 1234 3752 victor
1255 3702 1288 3753 in

131 3767 234 3820 Africa
253 3769 470 3820 circumventus
499 3775 529 3818 et
548 3775 647 3836 captus
665 3766 740 3819 fuit:
768 3783 841 3834 quae
869 3764 994 3820 historia
1017 3770 1132 3836 copiose
1157 3771 1289 3840 exposita

132 3846 177 3890 est
195 3857 211 3890 a
228 3836 360 3906 Polybio,
385 3837 482 3907 primo
501 3837 592 3890 libro:
619 3839 669 3890 ubi
699 3844 728 3889 et
755 3854 872 3890 versum
898 3837 1050 3906 Euripidis
1078 3841 1178 3906 posuit
1204 3836 1240 3898 ὥς
1258 3838 1289 3891 ἓν

132 3909 227 3977 σοφὰν
250 3907 396 3978 βούλευμα.
418 3907 465 3967 τὰς
490 3910 589 3968 πολλὰς
611 3910 695 3976 χέρας
722 3912 794 3974 νικᾷ.
831 3907 874 3961 De
898 3908 992 3960 Atilio
1019 3908 1112 3958 multa
1141 3909 1172 3958 in
1198 3909 1288 3961 tertio

132 3979 315 4033 officiorum.
353 3977 396 4030 De
416 3976 560 4046 Caepione
577 3981 610 4030 in
628 3979 765 4048 Epitoma
783 3978 900 4030 Liviani
918 3978 988 4029 libri
1006 3976 1119 4027 LXVII.
1139 3974 1195 4031 hoc
1215 3978 1289 4053 legi·
1333 4015 1335 4018 ι

132 4059 199 4103 tur:
235 4052 347 4105 Victum
374 4050 525 4102 exercitum
546 4050 643 4118 populi
672 4049 795 4101 Romani
822 4064 840 4099 a
866 4049 998 4110 Cimbris,
1031 4051 1058 4099 et
1082 4047 1112 4101 Q.
1138 4046 1288 4103 Seruilium

133 4122 311 4189 Caepionem,
342 4120 423 4173 euius
441 4121 595 4172 temeritate
613 4120 708 4172 clades
727 4135 759 4170 eo
779 4126 890 4184 accepto
909 4124 991 4180 esset,
1017 4118 1098 4169 iussu
1114 4120 1214 4186 populi
1231 4121 1288 4173 Ro·

132 4193 214 4246 rnoni
232 4194 451 4256 condemnatum,
471 4192 550 4243 bonis
568 4191 647 4243 illius
663 4189 816 4254 publicatis
840 4195 866 4240 et
884 4189 1001 4255 imperio
1020 4190 1164 4256 abrogato.
1201 4193 1289 4267 Legi·

133 4273 184 4316 tur
210 4272 240 4317 et
269 4264 462 4332 in.Epitoma
489 4261 561 4313 libri
588 4259 721 4312 LXXIII.
760 4258 890 4314 Quintum
916 4257 1084 4324 Caepionem
1110 4265 1246 4332 quendum
1271 4281 1290 4317 a

133 4335 248 4388 Marsis
267 4336 479 4388 circumventum
503 4335 608 4386 ornisso
634 4328 760 4384 exercitu
786 4330 925 4383 cecidisse.
964 4327 1020 4383 Sed
1045 4329 1079 4385 de
1097 4333 1197 4404 priore
1215 4339 1290 4390 acci·

132 4407 271 4475 piendam
297 4404 373 4458 hanc
397 4405 578 4458 mentionem
606 4410 688 4474 puto.
725 4401 768 4456 De
795 4400 915 4472 Aquilio
939 4418 990 4456 reo
1017 4406 1241 4473 repetundarum
1260 4410 1292 4461 in

161 4517 243 4581 ciceri
257 4538 321 4582 ruse.
336 4538 405 4594 ntsp.
424 4539 457 4579 ar,
472 4539 556 4581 noser.
574 4538 598 4582 r.
616 4537 664 4579 ru.
1024 4512 1044 4574 3
