2856 5084
209 251 273 320 382
485 246 709 314 EXCURSUS
730 247 787 314 XI.
811 248 853 312 ed
874 248 935 312 111.
959 249 1007 315 17.
1029 249 1083 316 38.

105 470 110 478 ,
208 414 362 470 Kiihnerus
380 413 505 484 denique
524 415 595 468 item
614 415 714 484 inique
733 423 762 468 et
780 413 855 466 male
867 412 1000 479 ⁸iudicare
1019 409 1167 464 contendit
1179 407 1360 472 Ciceronem,

208 487 361 556 laudatque
379 485 542 538 Forcellini
560 485 646 539 Thes.
666 487 727 537 Lat.
747 504 774 537 v.
794 484 933 537 laborare.
970 483 1046 534 Haec
1065 498 1130 533 cum
1147 480 1233 551 plane
1251 479 1362 548 possint

209 558 382 622 satisfacere,
401 573 462 621 nos,
480 565 514 608 nt
533 557 564 608 in
582 573 615 609 re
633 572 692 608 non
704 556 790 610 dubia
804 553 1017 623 sedexplorata,
1036 551 1123 623 plura
1141 551 1243 604 addere
1262 565 1362 618 super·

208 623 364 682 'vacaneum
382 627 522 680 duximus.
559 627 619 682 Mr.
1150 636 1157 647 ⁴

704 794 868 804 m

545 960 896 1035 excussus
941 959 1018 1066 xi

575 1091 608 1144 ad
623 1091 682 1148 Cic.
702 1093 805 1145 Tusco.
825 1090 877 1144 111.
894 1094 934 1146 17.
946 1094 990 1147 38.

289 1231 332 1245 -
352 1208 383 1260 et
410 1195 471 1258 noc
496 1196 552 1260 ille
581 1197 810 1274 acriculus,-
842 1217 887 1260 nee
915 1198 1063 1260 audiente
1083 1191 1230 1268 Athenis,
1256 1165 1361 1256 xsenen

373 1279 527 1342 Zeno-
556 1281 660 1343 dicere
686 1281 820 1342 solebat.

277 1412 347 1465 Fuit
365 1415 442 1484 Zeno
460 1414 631 1483 Epicureus,
651 1416 686 1466 Μ.
696 1415 788 1467 Tullii
808 1412 971 1484 σύγχρονος.
1005 1411 1087 1463 Alius
1105 1412 1164 1464 fuit
1180 1413 1259 1463 Zeno
1276 1410 1361 1464 Elea·

207 1492 264 1536 tes:
298 1483 371 1534 alius
394 1485 473 1536 Zeno
499 1485 631 1549 Gittieus,
667 1494 758 1538 sectae
783 1484 893 1538 Stoicae
921 1485 1060 1537 conditor.
1097 1482 1139 1535 De
1162 1482 1220 1535 hoc
1244 1483 1361 1534 Zenone

206 1552 352 1623 Epicureo
371 1554 505 1607 meminit
523 1556 555 1605 in
574 1560 598 1609 1.
619 1555 668 1606 lib.
694 1557 727 1608 de
747 1556 831 1607 Finn.
852 1555 889 1620 [c.
910 1558 935 1610 ὅ.
956 1557 994 1606 cf.
1014 1554 1048 1606 de
1067 1555 1104 1606 N.
1123 1554 1156 1606 D.
1177 1555 1199 1606 1.
1219 1552 1285 1617 21.].
1324 1552 1360 1605 Se

208 1640 275 1675 eum
299 1641 366 1676 cum
386 1625 510 1676 Antonio
537 1627 708 1694 frequenter
731 1627 870 1679 audivisse
893 1633 1017 1678 testatur
1039 1624 1162 1694 Epicuri
1187 1623 1361 1676 sententiam

208 1693 408 1765 explicantem.
448 1695 616 1748 Beroaldne.

278 1784 392 1834 Possum
411 1782 489 1835 falli:
511 1785 580 1852 quid
597 1792 695 1837 tamen
712 1784 833 1836 sentiam
844 1783 878 1837 de
896 1778 1044 1848 hocloco,
1063 1783 1187 1835 reticere
1200 1781 1276 1834 nolo.
1296 1781 1361 1855 Ego

206 1860 278 1935 puto
297 1852 329 1903 in
347 1852 474 1905 dictione
493 1854 545 1905 illa
564 1854 716 1908 Graeculae
735 1854 802 1920 [vid.
823 1873 887 1906 ann.
908 1854 988 1906 adh.
1008 1853 1042 1919 l.]
1061 1854 1167 1922 vitium
1188 1860 1361 1921 essentque

207 1922 238 1975 1d
256 1923 373 1992 quidem
392 1940 450 1976 non
467 1941 597 1994 parvum,
616 1942 670 1977 nec
689 1926 766 1994 quod
783 1925 869 1977 facile
888 1926 955 1977 tolli
974 1932 1066 1992 queat
1093 1926 1159 1976 Non
1177 1923 1255 1976 enim
1274 1923 1362 1974 illum

207 1994 369 2046 contemnit
387 2001 417 2046 et
435 1995 548 2059 irridet,
568 2003 600 2047 ut
612 1996 645 2047 ob
664 1996 693 2048 id
707 1996 883 2049 Graeculum
903 1995 1040 2066 appellet,
1060 2011 1146 2063 quem
1165 1993 1362 2046 acutissimum

207 2079 267 2116 esee
284 2063 383 2129 tradit,
403 2073 432 2117 et
444 2065 528 2119 cuius
546 2067 747 2119 auctoritatem
766 2066 891 2132 adducit,
911 2075 943 2119 ut
961 2066 1079 2136 planum
1090 2065 1185 2129 faciat,
1205 2081 1233 2116 se
1253 2064 1361 2132 optime

208 2147 244 2185 ex
265 2133 326 2188 eins
349 2135 446 2187 verbis
469 2145 498 2188 et
522 2135 715 2189 declaratione
741 2145 851 2202 tenere,
880 2137 950 2206 quid
975 2136 1078 2189 sentiat
1096 2135 1241 2204 Epicurus
1260 2135 1294 2185 de
1312 2149 1362 2187 vo-

207 2203 329 2274 luptate.
366 2205 470 2257 Multos
490 2206 552 2258 vidi
571 2224 658 2258 manu
676 2207 796 2276 scriptos
815 2207 934 2271 codices,
959 2205 1010 2275 qui
1029 2221 1127 2258 omnes
1145 2205 1203 2257 hac'
1217 2213 1299 2273 parte
1318 2205 1362 2255 in-

209 2275 322 2346 quinati
341 2282 422 2329 sunt:
449 2276 491 2328 sic
509 2276 587 2335 enim
605 2278 665 2330 fere
684 2276 805 2330 babent:
838 2277 992 2344 agricolus,
1012 2293 1068 2344 quo
1087 2275 1163 2326 nihil
1181 2275 1362 2344 depravatius

206 2345 303 2416 'prima
321 2347 415 2415 speeie
435 2364 494 2400 esse
512 2363 593 2416 posse
611 2348 735 2399 videtur.
773 2347 874 2415 Aliqui
892 2357 987 2402 autem
1016 2347 1225 2410 existimarunt,
1250 2353 1283 2396 ut
1302 2345 1364 2414 opi-

208 2415 258 2467 nio
277 2432 339 2467 mea
358 2425 410 2482 est,
437 2433 538 2469 vocem
557 2416 639 2469 illam
657 2417 766 2489 corrigi
783 2433 873 2491 posse,
900 2419 924 2468 si
943 2435 980 2469 ex
999 2434 1030 2468 ea
1048 2417 1201 2475 Graeculae
1218 2416 1319 2468 fieret:
1347 2432 1363 2466 a

209 2484 312 2556 quibus
329 2486 519 2540 vehementer
538 2487 683 2554 dissentio,
701 2488 777 2541 unde
796 2504 873 2538 nunc
897 2489 928 2539 in
947 2488 1078 2542 ornnibus
1097 2487 1240 2556 impressis
1260 2486 1301 2537 ita
1319 2485 1362 2537 le·

209 2556 300 2632 gitur.
338 2556 472 2623 Quamvis
499 2572 557 2610 non
591 2557 673 2610 valde
705 2575 766 2610 eam
793 2556 922 2629 probem,
952 2558 1024 2609 libet
1049 2567 1145 2609 tamen
1170 2556 1363 2625 suspicionem

209 2625 350 2696 quandam
373 2630 514 2696 proferre.
552 2628 714 2681 Videndum
738 2635 792 2691 est,
815 2645 851 2679 an
870 2625 1030 2680 acrocbolne
1054 2629 1149 2697 potius
1174 2627 1235 2701 legi
1255 2627 1361 2679 debeat.

209 2697 251 2749 ita
270 2697 348 2748 enim
371 2698 536 2767 appellatur
559 2697 646 2751 homo
669 2699 843 2762 iracundior,
872 2699 970 2766 etqui
999 2706 1119 2767 propter
1137 2715 1254 2767 parvam
1274 2695 1363 2749 offen·

209 2783 269 2820 sam
289 2767 321 2818 in
339 2766 413 2819 iram
431 2776 643 2832 commovetur,
663 2776 696 2822 ‘et
720 2768 844 2838 denique
862 2778 979 2837 praeter
1002 2768 1073 2820 alios
1096 2777 1139 2820 est
1156 2767 1316 2837 oxycholus
1335 2774 1364 2819 et

168 2902 172 2907 .
189 2848 195 2858 ·
210 2837 363 2906 asperioris
382 2847 508 2891 naturae.
536 2839 664 2890 Verbum
681 2837 739 2891 hoc
758 2839 832 2910 apud
846 2839 969 2892 Graecos
987 2841 1125 2911 frequens
1143 2846 1185 2891 est
1204 2846 1233 2890 et
1251 2837 1363 2893 notissi-

209 2925 299 2960 mum.
336 2907 541 2980 Aristophanes
563 2908 594 2959 in
612 2908 765 2976 Equitibus
784 2907 839 2972 [60.
860 2909 914 2979 sp]

377 3010 410 3021 -
432 3006 465 3017 -
485 3010 518 3021 -
541 2978 597 3030 τῶν
614 2978 666 3048 γάρ
692 2975 749 3032 ἔστι
767 2978 898 3046 δεσπότης

376 3049 503 3119 ἄγροικος
525 3049 621 3118 ὀργὴν,
640 3045 808 3118 κυαμοτρὼξ,
836 3047 922 3122 ἀκρό
930 3052 1043 3119 χολος.

210 3116 356 3171 Fecerunt
378 3136 423 3171 me
446 3119 502 3171 hoc
527 3120 666 3188 suspicari
683 3119 779 3186 verba,
804 3136 876 3189 quae
900 3123 998 3173 statim
1023 3121 1125 3187 infert,
1155 3121 1317 3175 contendere
1340 3128 1365 3174 et

211 3203 315 3256 magna
338 3204 412 3262 voce·
427 3189 520 3243 dicere
542 3188 658 3242 solebat.
695 3191 757 3242 Hoc
783 3191 860 3242 enim
887 3192 1003 3267 signum
1026 3199 1069 3244 est
1092 3192 1158 3243 talis
1183 3193 1307 3267 ingenii,
1334 3192 1365 3243 in

210 3259 449 3330 disputationibus
466 3260 655 3312 vehementer
672 3261 757 3312 irasci
786 3269 814 3312 et
832 3263 971 3315 clamores
988 3261 1103 3314 tollere.
1141 3260 1197 3313 Sed
1216 3270 1245 3314 et
1264 3263 1365 3316 Cicero

213 3330 358 3400 inprime
376 3329 411 3382 de
429 3329 566 3403 Legibus:
587 3329 623 3395 [c.
643 3332 669 3394 7,
688 3330 746 3397 21]
766 3331 855 3398 Atqui
872 3333 1023 3385 cavendnm
1041 3338 1096 3385 eet.-
1121 3334 1209 3385 eolent
1229 3332 1314 3398 enim,
1333 3333 1365 3387 id

212 3401 284 3470 qnod
301 3400 430 3454 virorum
448 3403 578 3473 bonorum
596 3407 645 3462 eet,
665 3401 810 3454 admodum
829 3404 930 3456 iroeci:
960 3403 1045 3473 idque
1064 3402 1136 3455 dicit
1154 3403 1188 3454 de
1207 3402 1305 3455 Attico
1323 3403 1365 3456 lo-

211 3488 313 3540 quens,
344 3470 394 3545 qui
419 3472 451 3524 ei'
468 3471 575 3523 rationi
599 3470 710 3522 deditus
729 3481 790 3524 erat
809 3482 838 3525 et
860 3474 982 3525 istorum
1006 3473 1254 3525 familiarissimus.
1294 3473 1365 3526 Cum

211 3548 308 3594 umen
326 3557 385 3595 non
402 3541 490 3595 facile
509 3541 598 3595 soleat
615 3541 661 3593 uti
680 3542 781 3595 Cicero
804 3544 836 3594 in
853 3544 955 3597 Latino
974 3559 1104 3596 sermone
1121 3543 1218 3595 verbis
1237 3544 1364 3609 Graecis,

210 3627 269 3665 non
286 3628 401 3683 possum
418 3612 501 3664 valde
519 3612 595 3664 hanc
615 3613 841 3667 emendationem
860 3614 989 3684 probare..
1029 3614 1108 3679 Quod
1126 3613 1216 3684 potui,
1236 3614 1269 3666 ad
1287 3614 1365 3668 hunc

210 3681 309 3748 locum
327 3682 518 3735 adiuvandum
542 3682 574 3732 in
595 3681 725 3736 medium
747 3684 874 3758 protuli:
904 3685 1011 3752 siquis
1037 3685 1164 3737 acutiore
1183 3684 1363 3758 excogitarit,

211 3753 272 3805 sive
291 3754 323 3805 in
340 3753 458 3828 vulgari
470 3762 500 3806 et
517 3761 633 3823 recepte
650 3753 774 3806 lectione
793 3755 907 3818 tuenda,
926 3755 987 3807 sive
999 3755 1030 3807 in
1039 3756 1159 3808 meliore
1178 3756 1363 3821 restituenda,

212 3823 236 3876 is
255 3841 287 3877 ea
304 3825 431 3894 reliquos
449 3825 551 3878 docere
573 3823 701 3877 animum
720 3824 854 3889 inducat.
886 3825 1039 3880 Vntortoe.

259 3913 346 3990 ligo
364 3931 466 3966 verum
483 3930 708 3987 germanumque
726 3922 815 3984 puto:
844 3912 938 3968 etboc
956 3914 1006 3968 ille
1029 3913 1227 3980 acriculus,
1253 3932 1297 3968 me
1314 3931 1364 3967 on-

215 3983 308 4038 diente
326 3983 446 4039 Atbenie
464 4000 549 4042 eenecc
567 3984 660 4042 Zeno:
692 4000 747 4055 pro
766 4000 821 4052 quo
840 3987 923 4038 modo
943 3986 1102 4051 Graeculus,
1129 3987 1214 4039 modo
1234 3984 1365 4039 acrocbo·

214 4058 269 4120 lue,
289 4055 482 4108 substituitur.
521 4055 568 4108 Sic
586 4054 641 4107 alio
660 4055 724 4107 loco
742 4054 905 4121 forticulum
914 4057 1015 4109 Cicero
1034 4057 1117 4109 dixit.
1155 4057 1188 4108 Α.
1212 4057 1364 4121 Termine,

214 4123 381 4180 Adversarr.
400 4127 458 4178 XX.
480 4129 522 4180 16.
548 4124 785 4198 [Forticnlneest
802 4144 888 4198 supra
905 4128 943 4180 11.
965 4131 1007 4182 19.
1026 4126 1082 4193 45.]

285 4215 431 4267 Victorius
455 4213 602 4267 annotavit
629 4214 775 4278 agricolus
799 4214 855 4268 hoc
881 4216 946 4268 loco
972 4233 1001 4268 se
1025 4217 1057 4267 in
1082 4208 1187 4286 priscis
1209 4216 1293 4268 libris
1321 4232 1365 4266 re-

215 4286 333 4355 perisse,
361 4302 394 4338 ac
419 4285 589 4354 suspicatur,
615 4285 669 4337 etsi
692 4284 856 4340 dubitanter
873 4287 925 4339 ille
944 4287 1070 4355 quidem,
1098 4286 1250 4359 ἀκράχολος
1268 4288 1367 4361 legen-

216 4355 294 4410 dum.
342 4355 398 4410 Sed
423 4355 512 4409 liceat
536 4363 565 4409 et
591 4355 671 4410 nobis
695 4356 843 4429 suspicari,
872 4358 896 4409 si
920 4357 972 4410 illa
996 4359 1138 4428 scriptura
1164 4358 1298 4414 mutanda
1321 4358 1366 4422 sit,
