2856 5084
201 293 265 361 350
554 279 770 353 RICHARDI
794 287 1004 371 BEN'I'LEII

277 456 349 510 lbid.
386 455 425 507 Αι
448 455 521 508 enirn
543 455 615 519 sine,
640 453 801 522 ignominia
828 455 945 522 afficere
967 453 1134 525 eapiemems
1164 452 1211 517 (de
1229 454 1359 522 rapiente

206 529 277 584 ellim
295 529 362 580 baec
380 526 471 581 omnis
490 525 594 588 oratio)
614 533 665 589 eet,
685 530 729 580 eui
748 528 810 579 iure
828 528 860 580 id
878 527 1005 581 accidere
1023 542 1077 579 non
1094 527 1197 595 possiti
1215 537 1277 577 nom
1294 527 1359 579 iura

204 601 379 654 exsulantem
397 583 541 650 consolari
564 613 618 649 non
637 599 765 665 oportet]
804 599 855 649 His
879 599 975 650 verbis
999 598 1088 650 edidit
1108 597 1285 661 Gebhardus,
1314 597 1359 648 in-

204 672 288 724 sertis
308 679 403 721 tarrren
423 669 577 732 asteriscis,
604 670 654 736 qui
673 669 784 737 aliquid
801 667 852 720 hio
876 669 970 722 deesse
996 676 1197 720 monstrarent.
1234 670 1358 733 Horum,

203 751 238 794 ut
256 742 397 810 loquitur,
417 739 577 805 foeditatem
596 739 711 789 sustulit
730 747 889 808 postremae
908 740 1042 792 editionis
1057 740 1253 792 concinnator.
1274 741 1359 791 Prae-

204 814 316 865 clarum
334 827 403 863 vero
422 811 548 861 facinus:
578 810 624 861 sed
643 811 793 878 quomodo,
821 810 867 861 his
886 811 1014 874 remotis,
1039 810 1136 863 locum
1161 811 1309 883 integrum
1329 816 1359 862 et

113 933 114 936 ,
203 885 350 938 sincerum
372 884 516 950 praestat?
553 879 629 943 Sine,
659 877 764 949 inquit,
789 880 906 932 afficere
932 884 1090 951 sapientem
1117 882 1276 954 ignominia,
1301 881 1358 933 hoo

203 963 254 1019 est,
283 956 339 1019 fac,
364 969 443 1021 pone.
482 953 544 1003 Hoc
561 952 688 1020 primum
717 959 759 1002 est
780 950 907 1003 hominis
927 953 1066 1028 elegantis
1092 962 1257 1022 peccatum:
1290 968 1357 1002 nam

203 1024 266 1078 aine
283 1042 422 1092 nusquam
441 1024 518 1075 valet
536 1026 583 1088 fac
600 1022 648 1074 rel
666 1037 745 1090 pone,
765 1022 812 1074 sed
827 1021 958 1090 permitte
977 1032 1024 1075 aut
1043 1024 1135 1076 mitte:
1157 1023 1232 1092 quod
1251 1025 1284 1078 ab
1302 1020 1358 1074 hac

202 1096 344 1150 sententia
362 1111 478 1164 prorsus
496 1094 632 1146 aliemun.
669 1092 785 1157 Verum,
805 1102 864 1146 esto
882 1102 915 1145 ut
933 1095 1079 1168 significet
1096 1110 1181 1162 pones
1207 1092 1277 1162 quid
1295 1102 1358 1144 tum

202 1170 318 1238 postea?
337 1184 392 1218 cur
410 1165 483 1236 iilud
501 1165 642 1227 concedit,
663 1164 738 1232 quod
757 1164 874 1216 omnino
893 1181 929 1216 ne
950 1166 1054 1217 andum
1079 1169 1158 1217 erat?
1194 1164 1286 1228 Ponti,
1314 1164 1358 1215 in·

203 1240 279 1307 quit,
308 1245 339 1290 ut
362 1253 422 1289 rene
449 1238 556 1301 futuam
581 1236 716 1303 planeque
735 1235 893 1287 absurdam.
960 1253 1023 1289 omo
1041 1254 1107 1289 sane
1126 1237 1235 1304 suavis:
1268 1235 1356 1286 immo

202 1309 323 1361 alterius
341 1308 413 1361 haec
432 1309 506 1359 ratio
527 1314 577 1370 est,
598 1322 654 1356 non
673 1305 832 1369 Ciceronis,
851 1307 946 1359 omnia
965 1310 1041 1373 fatue
1060 1314 1086 1360 et
1105 1307 1226 1360 absurde
1235 1322 1355 1376 ponere.

203 1378 269 1444 Sed,
288 1388 321 1430 ut
339 1378 463 1430 maxime
482 1384 569 1446 ponat
589 1394 651 1428 rem
669 1377 788 1441 fatuam,
812 1385 841 1427 at
865 1387 943 1430 certe
963 1395 1025 1431 eam
1049 1379 1184 1448 refellere
1211 1386 1310 1446 postea
1329 1379 1357 1428 et

202 1452 331 1502 refutare
356 1448 488 1501 debebat:
517 1447 594 1499 nihil
620 1455 716 1500 autem
744 1446 793 1498 hio
821 1448 959 1502 eiusmodi
984 1458 1034 1502 est.
1073 1448 1180 1501 Omitto
1200 1449 1256 1500 alia
1274 1447 1356 1511 vitia,

204 1537 277 1590 quae
294 1519 381 1571 facile
401 1529 475 1572 esset
492 1518 642 1588 prosequi:
672 1535 738 1570 nam
763 1518 834 1587 quid
859 1535 911 1594 ego
928 1536 997 1571 cum
1016 1521 1069 1572 illo
1088 1520 1200 1589 loquar,
1228 1519 1277 1571 cui
1296 1527 1357 1569 tan-

203 1601 267 1644 tum
287 1590 388 1644 iudicii
408 1599 436 1643 et
454 1590 595 1642 acuminis
620 1597 671 1653 est,
699 1598 733 1641 ut
751 1588 855 1641 meiius
875 1591 901 1643 ei
920 1590 1019 1656 fuerit,
1045 1591 1077 1641 in
1096 1591 1289 1642 Obscurorum
1308 1588 1357 1638 Vi-

202 1679 303 1715 rorum
321 1662 464 1731 Epistoias
492 1661 691 1725 commentari,
717 1678 801 1728 quam
826 1661 997 1714 Ciceronem
1025 1671 1053 1714 et
1077 1662 1165 1715 bonos
1193 1659 1356 1730 Scriptores

202 1736 350 1807 tangeret·
376 1732 418 1784 Te
442 1733 535 1801 potius
554 1731 678 1801 appello,
707 1731 748 1781 mi
774 1731 880 1798 amice,
908 1734 955 1784 cui
983 1733 1046 1784 lure
1072 1734 1140 1785 adeo
1164 1731 1290 1806 eon-tigit
1308 1730 1356 1781 hic

202 1804 261 1856 labi
280 1813 308 1855 et
328 1821 434 1867 errare,
455 1803 531 1871 quod
547 1811 607 1853 tam
625 1803 718 1853 nasuti
737 1801 863 1853 hominis
881 1804 1051 1855 sententiam
1072 1813 1185 1856 secutus
1204 1820 1243 1867 es,
1272 1814 1357 1870 quam

200 1876 288 1929 iiocci
317 1876 413 1927 facere
438 1875 583 1925 debueras.
627 1873 708 1924 Libri
731 1873 840 1924 Gallici
867 1883 896 1926 et
921 1876 1030 1937 italici,
1058 1875 1193 1926 Palatinis
1225 1875 1356 1942 profecto

202 1946 345 2009 meliores,
370 1954 492 2014 tuusque
512 1945 564 1995 ille
583 1945 725 2016 egregius,
744 1944 785 1994 sic
804 1943 922 1998 habent:
947 1947 988 1998 At
1007 1943 1080 1997 enim
1106 1962 1170 1998 non
1197 1946 1259 1998 sine
1277 1946 1357 2010 igno·

202 2016 434 2085 rainiariam
456 2017 579 2083 poteri
586 2020 596 2065 ι
624 2015 783 2083 sapientem·
820 2008 866 2066 Ex
892 2032 949 2085 qua
977 2017 1103 2068 lectione
1133 2017 1203 2084 quid·
1229 2015 1355 2085 propius,

202 2089 267 2141 reri
283 2086 421 2150 ‘sim-ilius,
441 2087 659 2139 convenientius
685 2086 759 2159 fingi
784 2095 877 2155 potest
905 2098 990 2157 quam
1016 2088 1088 2139 illud
1112 2087 1206 2139 Paulli
1224 2084 1355 2149 Munatii,

202 2159 243 2211 Aa
267 2160 339 2212 enim
365 2175 419 2211 uon
443 2157 503 2210 sine
534 2155 701 2223 ignominia.
740 2156 901 2221 Ignominia
924 2158 1037 2223 afficere
1057 2159 1164 2226 poterit
1183 2155 1356 2224 eapientem?

202 2229 275 2296 Quis
297 2232 369 2283 ausit
395 2246 510 2303 negare,
539 2229 666 2279 solemne
692 2227 748 2279 hoo
773 2227 914 2280 Librariis
939 2230 1044 2279 vitium
1073 2246 1141 2294 esse,
1168 2238 1211 2293 ut,
1247 2227 1357 2296 quoties

203 2303 280 2354 idem
298 2300 468 2354 vocabulum
487 2299 661 2374 getninatur,
680 2299 803 2365 alterum
822 2299 905 2350 modo
923 2308 1047 2368 ponant3
1067 2301 1191 2351 aiterum
1204 2299 1356 2351 omittant?

202 2373 299 2425 Etiam
319 2372 349 2424 in
368 2373 496 2423 carmine
514 2371 570 2422 hoc
589 2371 709 2432 faciunt,
728 2377 761 2420 ut
779 2367 825 2420 lais
844 2369 936 2422 oculis
954 2386 1035 2439 saepe
1053 2371 1127 2436 ridie
1153 2372 1201 2422 ubi
1220 2371 1282 2439 ipsa
1298 2382 1357 2420 me-
1399 2415 1401 2418 ,

201 2443 244 2495 tri
270 2443 345 2502 ratio
373 2443 473 2510 culpae
497 2441 584 2491 huius
603 2442 745 2491 immunes
767 2449 911 2508 praestare
936 2444 1083 2510 potuisset.
1126 2443 1206 2516 Ergo
1231 2447 1261 2493 at
1285 2439 1357 2492 enim

202 2528 258 2568 noa
276 2517 337 2568 sine
355 2512 514 2579 ignominia
534 2518 600 2562 sunt
618 2509 779 2574 oblicieatls
796 2511 891 2576 verba,
921 2521 954 2564 ut
973 2514 1071 2582 paullo
1090 2519 1165 2576 ante,
1180 2513 1224 2565 ,Αι
1241 2513 1358 2564 multon·

202 2591 250 2637 tur
273 2584 354 2637 bonis
381 2586 505 2647 εεεηιεες
531 2597 589 2632 non
615 2581 743 2646 sinentis,
767 2598 861 2650 neque
888 2585 1079 2637 concedentis.
1117 2583 1262 2652 Equidem
1288 2582 1358 2634 huic

201 2656 325 2708 Manutii
343 2654 628 2712 coniecturae,fave0
649 2661 678 2704 et
695 2652 846 2722 applaudo:
872 2663 1071 2707 verumtamen
1097 2665 1132 2705 ne
1161 2653 1238 2705 nihil
1257 2652 1357 2704 habeat

202 2726 255 2778 iile
274 2725 430 2778 benevolus
450 2724 526 2793 quod
544 2723 632 2794 possit
650 2725 794 2786 arrodere,
814 2723 912 2775 addam
932 2726 1042 2794 aliquid
1061 2726 1095 2777 de
1113 2741 1186 2777 meo.
1219 2726 1278 2776 Pro
1305 2724 1356 2775 illo

183 2812 258 2850 non
275 2795 346 2861 eine,
366 2793 442 2864 quod
459 2796 578 2847 videtur
595 2795 693 2862 paullo
711 2790 885 2867 languidius,
905 2796 946 2847 sic
967 2796 1089 2870 legerim
1109 2797 1169 2849 levi
1187 2795 1356 2857 mutatione,

201 2869 245 2920 eit
262 2875 319 2920 ert
337 2867 378 2920 in
396 2868 530 2920 nomine
548 2865 714 2932 ignominia.
752 2867 799 2918 An
815 2881 854 2917 ea
872 2869 989 2932 officere
1005 2867 1109 2933 poterit
1127 2868 1297 2935 eapientem?
1323 2866 1357 2917 de

201 2938 329 3008 sapiente
348 2939 422 2992 enim
441 2936 507 2990 iaec
527 2935 619 2990 omnis
641 2936 734 2988 oratio
755 2943 808 3000 est3
836 2939 880 2990 eui
905 2938 968 2989 iure
987 2938 1020 2990 id
1037 2939 1165 2990 accidere
1189 2951 1241 2990 non
1257 2935 1355 3005 possit.

201 3011 246 3064 lta
271 3028 358 3080 supra
383 3011 505 3071 dixerat,
535 3009 598 3059 lom
621 3023 687 3059 uero
710 3007 849 3073 exsilium,
877 3008 905 3060 ei
928 3008 973 3060 rei
997 3018 1137 3074 naturam,
1161 3023 1215 3060 non
1233 3007 1357 3080 ignomi-

201 3082 280 3132 niam
298 3082 423 3132 nominis
442 3079 612 3148 quaerimus.
633 3087 663 3130 et
681 3092 733 3147 pro
753 3078 840 3131 domo
855 3095 903 3130 suu
922 3096 945 3130 c.
967 3084 1009 3135 27.
1048 3081 1122 3135 Quid
1149 3085 1190 3131 eet
1218 3080 1292 3131 enim
1311 3092 1357 3130 ex-

201 3151 267 3202 sul?
285 3153 376 3218 ipsulm
391 3167 444 3217 per
462 3167 489 3200 se
508 3165 611 3200 nomen
630 3149 801 3202 calamitatis
819 3166 873 3202 non
898 3150 1092 3216 turpitudinis.
1131 3151 1247 3205 Quando
1265 3149 1357 3216 igitur

170 3281 174 3284 ,
201 3228 243 3274 est
261 3225 360 3288 turpe?
378 3237 410 3271 re
428 3232 496 3271 uera
514 3219 624 3287 quando
641 3226 684 3281 eat
705 3233 795 3285 poena
810 3225 932 3288 percutit
954 3222 1081 3287 opinione
1099 3228 1192 3275 autem
1209 3219 1356 3283 bominum,

201 3293 289 3344 eliam
307 3293 335 3343 εί
353 3296 395 3343 εει
412 3302 500 3358 poena
520 3291 655 3344 domati.
696 3289 794 3344 Utrum
812 3293 906 3359 igitur
919 3299 1034 3359 precato
1051 3308 1109 3346 meo
1128 3292 1235 3344 exsulis
1253 3306 1356 3344 nomen

200 3363 294 3429 subeo,
314 3377 351 3413 an
368 3377 401 3414 re
419 3361 564 3414 iudicata?

271 3504 338 3574 Gap
359 3503 403 3559 39.
441 3500 543 3556 Pueris
566 3502 644 3555 nutis
663 3500 714 3557 cn.
734 3503 867 3568 Aufidius
887 3504 1051 3571 praetorius
1074 3511 1100 3558 et
1124 3504 1154 3558 ln
1180 3500 1280 3559 senatu
1296 3516 1357 3560 rea·-

200 3576 319 3628 tmtiam
342 3575 466 3640 meabat,
493 3588 543 3627 nea
560 3573 661 3627 amicir
685 3574 904 3628 deliberantibus
922 3577 1026 3639 deerat,
1047 3584 1072 3628 et
1092 3577 1227 3630 Graecam
1252 3577 1356 3631 ecrite*

200 3645 249 3697 tar
273 3643 430 3708 historiam,
463 3651 490 3697 et
514 3645 628 3698 videbat
653 3647 682 3698 in
709 3645 826 3712 literis]
864 3647 969 3698 Caecus
998 3655 1059 3700 erat
1086 3650 1138 3700 iste
1158 3648 1304 3699 Aufidium
1329 3655 1357 3698 et

201 3715 313 3768 ideireo·
328 3716 481 3790 argutuius
503 3717 559 3767 sibi
582 3716 735 3768 ridebatur
753 3718 928 3786 quicumque
957 3727 1017 3770 erat
1037 3719 1194 3781 Librarius,
1224 3719 1278 3788 qui
1297 3719 1358 3789 pri

200 3796 263 3839 mus
281 3787 357 3839 illud
375 3786 525 3839 videdat
543 3788 625 3839 nobis
644 3789 801 3856 supposuit.
838 3788 901 3872 Ego
920 3805 989 3842 vero
1007 3796 1067 3840 tam
1085 3790 1219 3860 putidum
1246 3791 1357 3841 schema

200 3874 259 3912 non
277 3875 335 3912 esse
355 3857 503 3910 Ciceronis
522 3859 659 3911 continuo
679 3850 791 3930 agnovi.
820 3859 934 3924 Aliter,
965 3860 1056 3924 aiunt,
1084 3862 1164 3913 olent
1183 3861 1282 3926 catuli,
1307 3859 1358 3912 ali-

200 3937 248 3982 ter
265 3946 335 3983 sues.
373 3931 412 3982 Et
430 3931 561 3998 proinde,
580 3929 629 3980 ubi
648 3943 804 3998 parumper
822 3931 949 3981 animum
968 3931 1161 3996 intenderam,
1189 3949 1239 3983 sua
1258 3934 1357 4002 sponte

190 4002 386 4054 ‚enascebatur
407 4017 477 4052 reru
505 4009 534 4052 et
559 4001 670 4051 sincera
694 4000 792 4062 lectio,
823 4001 861 4053 Et
880 4001 1017 4055 Graecam
1045 4003 1182 4056 scribebat
1200 4000 1357 4065 littorium,

202 4075 229 4126 el
245 4073 386 4125 eluebat
410 4073 440 4124 in
464 4071 568 4124 literis:
603 4070 659 4122 hoc
678 4079 730 4134 est,
751 4087 863 4122 omnem
882 4090 961 4124 suam
982 4081 1103 4125 aetatem
1128 4075 1159 4125 in
1177 4074 1273 4125 literis
1293 4089 1359 4126 con·

200 4144 311 4199 sumsit.
349 4143 458 4194 Noster
476 4142 528 4211 Ep.
549 4141 628 4194 Fam.
649 4140 697 4216 Ill,
716 4143 760 4196 26.
800 4143 872 4197 Quid
890 4143 958 4210 ergo
975 4145 1098 4210 faciam?
1122 4145 1290 4206 recensata,
1310 4142 1359 4214 qui

199 4209 395 4281 philosophum
421 4211 515 4267 audis.
552 4211 673 4279 Angor?
701 4212 890 4267 excruciemur
907 4218 969 4268 me?
994 4215 1062 4283 quid
1081 4219 1229 4282 assequor?
1258 4215 1358 4268 deinde

201 4299 281 4352 mem
307 4284 346 4335 ad
368 4285 469 4348 finem?
498 4283 593 4348 Vives,
620 4283 726 4352 inquis,
755 4285 787 4335 in
812 4285 916 4343 literis.
959 4287 1008 4338 An<
1028 4285 1177 4356 quidquam
1206 4300 1250 4338 me
1279 4285 1360 4340 uliud

202 4369 291 4421 agere
308 4357 419 4407 censes?
438 4359 610 4418 culpassem
627 4357 727 4419 uiuere,
747 4354 805 4409 nisi
822 4355 853 4406 in
865 4357 961 4408 literis
971 4358 1120 4409 viverem?
1138 4357 1190 4411 red
1204 4362 1247 4410 rel
1262 4366 1359 4410 aarum

202 4423 290 4477 etiam
308 4440 361 4478 uon
379 4428 510 4491 satietas,
529 4424 709 4495 aliquidem
727 4426 832 4479 modas.
867 4427 976 4479 ibidem
994 4427 1073 4494 xiil,-
1092 4431 1136 4486 tt.
1173 4427 1227 4482 Εει
1245 4428 1358 4482 enimin
