2856 5084
197 284 239 350 oe
396 277 627 373 ucuuoms
649 239 895 342 ruscumu.
917 274 1148 338 nuruum.

198 447 303 534 signis
326 453 360 506 et
379 445 534 525 pulcher,
562 444 765 530 Pythagora,
789 441 937 519 Socrate,
970 441 1105 502 Platone
1127 439 1354 527 dignissimus,

198 529 358 591 inducant
378 532 535 604 animum,
562 526 630 604 illa,
654 544 799 606 quorum
820 523 999 607 splendore
1021 526 1213 601 capiuntur,
1246 527 1353 602 vires,

198 610 433 684 valetudinem,
465 608 762 692 pulchritudinem,
797 606 944 685 divitias,
976 608 1133 684 honores,
1166 626 1245 688 opes
1273 625 1354 669 con·

197 698 357 771 temnere,
381 712 494 775 eaque,
516 712 600 774 quae
620 691 674 755 ‘his
698 691 868 752 contraria
889 692 967 766 sint,
989 708 1052 773 pro
1073 689 1181 751 nihilo
1210 689 1354 753 duceres

196 785 269 839 tum
290 784 449 858 poterunt
475 776 658 837 clarissima
686 792 769 835 voce
798 773 964 856 profiteri,
1004 792 1039 834 sc
1064 791 1169 855 neque
1195 777 1354 836 fortunae

148 871 173 923 b.
196 861 331 941 impetu,
353 878 415 919 uec
436 857 660 920 multitudiuis
682 857 849 937 opinione,
878 875 940 919 nec
961 853 1089 926 dolore,
1121 874 1182 916 nec
1208 875 1354 937 pauper-

194 948 263 1002 tate
291 943 427 1017 terreri,
457 943 635 1022 omniaque
667 939 730 999 sibi
760 942 795 999 in
828 957 899 999 sese
930 957 1001 1000 esse
1054 938 1153 1014 onita,
1186 957 1248 1024 nec
1282 957 1353 1001 esse

195 1025 369 1105 quicquam
401 1032 498 1086 extra
525 1043 618 1085 suam
654 1029 864 1104 potestatem,
899 1019 988 1100 quod
1043 1027 1141 1081 ucant
1173 1022 1210 1081 in
1242 1020 1351 1084 bonis.

129 1108 171 1161 ³1·
195 1105 348 1188 Namque
371 1114 404 1167 et
425 1105 508 1168 haec
529 1105 632 1188 loqui,
664 1123 747 1183 quae
773 1112 852 1166 eunt
878 1105 992 1187 magni
1023 1101 1193 1164 cuiusdam
1227 1111 1261 1164 et
1292 1104 1355 1165 alti

13 1236 24 1284 N
193 1298 356 1346 structurae
382 1292 532 1362 complura
563 1291 692 1361 exernpla
727 1288 870 1363 congessit
900 1288 1106 1362 Stuerenburg.
1138 1290 1173 1345 ad
1200 1289 1261 1346 cic.
1319 1307 1353 1345 ro

194 1362 282 1416 Arch.
308 1379 336 1432 p.
358 1363 418 1416 138.
454 1360 536 1413 Alius
554 1360 640 1414 habet
666 1367 698 1414 et
717 1361 835 1414 Socrate
859 1360 891 1411 et
909 1359 1039 1424 Platona·
1065 1369 1108 1414 est
1127 1361 1214 1413 etiam
1233 1366 1268 1413 et
1310 1364 1355 1415 la-

195 1441 259 1487 tone
277 1433 308 1484 in
327 1432 393 1485 Cod.
414 1435 489 1485 Mon.
509 1435 535 1489 2.
555 1440 584 1484 et
602 1431 693 1484 tribus
712 1431 776 1483 aliis
795 1433 876 1495 Oxx,
903 1436 938 1482 et
957 1431 1082 1496 Socrate,
1106 1430 1221 1485 Plutone
1243 1432 1353 1486 habent

194 1503 279 1558 Godd.
301 1502 374 1556 Gud.
394 1506 420 1558 2.
441 1502 514 1579 Aug.
551 1504 605 1556 Pro
630 1501 763 1555 inducunt
787 1511 828 1555 est
846 1502 962 1555 inducat
987 1502 1018 1552 in
1035 1518 1093 1555 uno
1113 1504 1162 1555 Ox.
1182 1501 1256 1578 Aug.
1277 1503 1353 1557 Ani·

193 1591 266 1627 mum
284 1574 415 1627 inducere
434 1590 491 1626 non
510 1575 598 1627 semel
617 1573 691 1625 dixit
710 1574 827 1626 Cicero:
854 1572 947 1624 veluti
966 1572 999 1624 de
1017 1573 1114 1624 Divin.
1134 1575 1158 1626 Ι.
1180 1577 1226 1629 13:
1257 1577 1298 1628 Tu
1318 1602 1352 1614 -

194 1645 316 1698 animum
331 1643 443 1712 poteris
459 1644 600 1709 inducere,
621 1646 656 1697 de
669 1643 841 1698 divinatione
859 1643 969 1708 dicere,
989 1643 1045 1695 alit
1063 1645 1165 1709 lomna,
1184 1645 1234 1699 sed
1252 1646 1353 1700 eidem

194 1715 345 1780 sententia,
365 1716 438 1768 dixit
457 1715 580 1768 animum
598 1716 737 1779 inducere,
763 1721 794 1767 ut
815 1723 869 1767 etc.
906 1712 1027 1766 Diversa
1047 1731 1117 1766 vero
1142 1724 1185 1768 est
1208 1717 1353 1772 sententia

193 1786 349 1840 locutionis
373 1789 404 1840 in
431 1786 554 1838 animum
581 1785 723 1847 inducere,
758 1786 897 1838 videlicet
923 1784 955 1837 id
978 1783 1035 1838 eibi
1058 1785 1216 1850 faciendum
1241 1795 1351 1855 putare,

194 1857 270 1928 quod
288 1858 371 1910 docet
393 1858 485 1912 Kritz.
515 1858 549 1909 ad
568 1857 683 1910 Sallust.
705 1857 788 1909 Catil.
810 1859 853 1919 54,
872 1859 898 1911 4.
935 1856 978 1907 Ea
995 1872 1075 1921 vero,
1104 1875 1190 1926 quam
1207 1857 1258 1911 hic
1276 1859 1305 1912 le
1329 1860 1353 1910 i-

192 1947 265 1992 mus,
284 1926 350 1980 vult
368 1926 387 1978 i.
409 1946 436 1996 q.
457 1924 515 1981 sibi
531 1929 707 1996 persuadere.
745 1928 807 1980 Duo
827 1927 872 1978 illi
894 1926 973 1991 Oxx,
999 1944 1070 1996 quos
1089 1927 1120 1978 in
1139 1879 1351 2001 corrum'penffio

193 1999 333 2052 Cicerone
354 1999 517 2069 saepissime
529 2015 690 2074 congruere
709 2016 767 2054 non
785 1999 874 2050 semel
892 1997 1065 2063 monuimus,
1083 1998 1191 2053 habent
1210 2001 1240 2052 iu
1273 2002 1352 2054 roxi-

192 2070 247 2122 mis
265 2069 412 2137 splendore
439 2069 641 2138 rapiuntur.
674 2070 758 2122 Vind.
782 2074 805 2124 l.
831 2069 943 2122 omittit
964 2064 1217 2137 pulchritudinem3
1251 2019 1349 2126 bulso.

192 2140 278 2211 habet
296 2155 371 2207 opes,
390 2137 515 2193 honores.
554 2142 614 2194 Mr.
810 2171 814 2175 ·
897 2157 901 2161 ·

264 2210 336 2276 Quos
355 2213 382 2265 ei
401 2210 497 2265 titulus
515 2209 562 2264 lu'c
580 2211 701 2264 delectet
720 2209 860 2277 insignis]
880 2209 929 2263 Sic
947 2209 1107 2277 Ascensius‚
1126 2214 1272 2279 Erasmus,
1292 2216 1353 2267 lla·

192 2282 304 2348 nucius,
332 2281 485 2404 Lgmbinus
514 2291 543 2335 et
571 2282 633 2334 alii.
663 2282 808 2334 Pithoean.
840 2300 855 2334 a
882 2281 977 2352 prima
1006 2300 1093 2334 manu
1123 2284 1210 2354 quasi.
1256 2285 1351 2361 Vulgo

227 2353 264 2405 od
280 2355 314 2406 si.
383 2391 389 2405 .

192 2369 226 2420 qu
263 2439 376 2493 enque
401 2439 485 2494 quae
510 2420 555 2476 tis
573 2422 718 2476 contraria
736 2421 810 2488 sunt]
846 2422 958 2475 Habent
976 2440 1016 2477 en
1035 2440 1103 2494 quae
1122 2423 1208 2478 Codd.
1228 2426 1303 2480 Gud.
1322 2427 1349 2482 2.

191 2492 265 2568 Aug.
286 2503 316 2546 et
333 2512 406 2546 unus
425 2495 486 2556 Ox,
507 2509 539 2546 ea
558 2510 708 2563 quaeque
727 2494 793 2546 (iod.
814 2494 911 2557 lllarb,
940 2510 1031 2564 euque,
1059 2495 1162 2548 omisso
1186 2512 1258 2565 quoe
1275 2514 1350 2550 unns

85 2604 87 2608 >
192 2564 254 2636 (lx,
275 2563 316 2617 it's
331 2581 385 2635 pro
404 2562 449 2618 tu's
467 2566 534 2618 cod.
555 2567 629 2620 Mon.
648 2567 680 2626 23
699 2562 756 2618 tiis
774 2564 869 2616 Duisb.
899 2567 933 2617 ln
944 2565 1030 2618 Godd.
1049 2567 1135 2618 Bern.
1154 2575 1263 2638 septem
1277 2568 1349 2621 Oxx.

193 2635 262 2710 Reg.
289 2635 369 2700 (sine
388 2634 489 2698 dubio)
518 2635 591 2687 Gud.
614 2629 637 2688 Ϊ.
656 2637 683 2690 2.
714 2635 811 2690 Duisb.
839 2636 923 2687 vind.
945 2640 968 2690 l.
998 2637 1068 2688 Edd.
1095 2639 1124 2691 P.
1150 2640 1188 2694 Μ.
1212 2640 1244 2694 L.
1264 2638 1347 2690 Brut.

193 2707 279 2759 Leod.
300 2705 364 2758 Ald.
385 2707 448 2760 Car.
467 2705 567 2776 steph.
596 2706 676 2757 Boul.
696 2703 774 2774 sylb.
801 2706 869 2757 Dav.
890 2707 960 2760 Ern.
981 2705 1065 2759 Schz.
1089 2707 1232 2761 contrario
1255 2709 1349 2772 et'nt,

193 2779 269 2830 Mon.
289 2781 314 2833 2.
342 2777 414 2830 sint
440 2779 600 2840 contrarim
635 2775 744 2844 reliqui
768 2778 912 2829 contraria
938 2784 1028 2830 sunt.
1066 2779 1100 2830 ln
1123 2779 1224 2831 talibus
1242 2779 1351 2848 optimi

193 2848 264 2900 libri
284 2857 350 2901 sunt
363 2848 511 2918 sequendi,
531 2847 654 2910 etiamsi,
673 2847 697 2896 si
709 2847 788 2915 optio
801 2847 896 2913 detur,
915 2847 1035 2900 alteram
1053 2850 1173 2902 fortasse
1190 2849 1349 2905 lectionem

193 2920 285 2976 malis.
322 2921 377 2973 Pro
402 2924 461 2971 tum
487 2918 555 2971 God.
581 2919 655 2969 Mon.
680 2921 704 2971 1.
732 2925 761 2969 ct
782 2916 835 2969 Ed.
855 2920 884 2972 P.
908 2918 1004 2970 minus
1036 2919 1107 2972 bene
1134 2927 1206 2974 tuuc.
1250 2921 1349 2995 Pergit

193 3009 268 3045 unus
288 2991 337 3044 Ox.
355 2995 515 3058 potnerunt,
534 2988 607 3041 alius
624 2985 738 3055 poterit.
774 2989 829 3039 Pro
854 2987 958 3056 impetu
981 2989 1013 3040 in
1036 2991 1095 3042 sola
1116 2991 1168 3043 Ed.
1189 2994 1217 3046 P.
1237 2985 1349 3068 legitur

214 3063 287 3115 lossa
304 3061 415 3114 ictibus.
453 3060 528 3125 Quae
547 3067 708 3127 sequuntur
732 3075 817 3110 voces
836 3060 975 3128 repetitae
993 3075 1051 3124 uec,
1078 3061 1186 3115 duobus
1203 3062 1349 3132 prioribus

192 3079 265 3186 focis
284 3132 451 3186 scribuntur
468 3146 554 3198 neque
573 3130 604 3181 iu
622 3130 675 3181 Ed.
694 3129 802 3194 Lamb,
829 3131 917 3182 tertio
936 3131 1010 3197 loco,
1030 3139 1095 3185 ante
1111 3138 1288 3200 paupertate,
1308 3141 1350 3187 est

181 3201 567 3330 ‘ppqpelin²mpptisblibpgiszl
580 3200 695 3321 sclpiptp
719 3200 1035 3327 eutteffitis‘useudddm}
1048 3201 1154 3326 hsabesst
1173 3204 1258 3329 goder.
1278 3207 1348 3330 geg.

220 3295 358 3327 u...
413 3289 470 3324 ar.
529 3287 696 3322 u.ms.
755 3287 893 3325 on...
1146 3292 1347 3330 ...0.

193 3346 294 3418 Steph.
314 3345 413 3397 Herw.
433 3342 529 3405 Leod,
548 3342 618 3393 Dav.
639 3338 728 3393 orell.
748 3342 825 3394 Thu?
853 3343 949 3395 Primo
966 3343 1042 3407 loco,
1061 3353 1124 3413 post
1142 3348 1255 3414 impetu,
1275 3347 1304 3400 le
1327 3348 1349 3390 '-

192 3425 243 3470 tur
260 3422 344 3485 neque
362 3429 416 3484 pro
436 3428 492 3465 nec.
521 3414 555 3465 ln
572 3411 677 3464 talibus
689 3429 802 3482 quoque
821 3414 904 3465 rebus
922 3413 992 3465 libri
1004 3415 1107 3484 optimi
1119 3418 1266 3486 sequendi.
1321 3436 1346 3472 r.

265 3485 409 3554 omniaque
426 3483 483 3538 sibi
501 3481 533 3536 t'n
551 3498 611 3536 sese
630 3499 691 3535 esee
705 3482 812 3551 positu]
846 3486 886 3538 Ut
904 3484 933 3536 h.
954 3484 975 3536 l.
1000 3485 1142 3554 omniaque
1165 3498 1208 3540 est
1225 3505 1281 3559 pro
1298 3490 1350 3543 sed

194 3558 298 3622 omnio,
316 3563 381 3626 post
399 3554 590 3629 negationem,
610 3553 650 3605 ita
668 3571 754 3624 supra
771 3555 824 3607 111.
844 3557 869 3610 3.
885 3558 911 3611 6.
931 3556 963 3605 in
980 3556 1090 3608 verbis:
1110 3559 1189 3611 cuius
1207 3559 1349 3614 auxilinm

193 3646 258 3685 non
272 3626 418 3696 petendum
436 3631 479 3678 est
496 3627 582 3691 foris:
602 3626 777 3695 omnibusque
795 3625 890 3694 opibus
907 3657 950 3690 -,
969 3632 1001 3678 ut
1018 3659 1049 3669 -
1067 3627 1125 3696 e'pst’
1143 3629 1223 3683 nebia
1240 3626 1350 3685 mederi

190 3700 339 3768 pessimus,
367 3697 566 3749 elaborandum
592 3702 635 3748 eet
653 3724 685 3734 —
712 3698 833 3767 ponitur
860 3696 1035 3766 omnibusque
1057 3714 1112 3768 pro
1134 3701 1184 3754 sed
1210 3703 1347 3759 omntdm.

192 3773 288 3824 Potest
308 3766 394 3820 etiam
411 3777 535 3836 utroque
557 3768 621 3819 loco
646 3768 784 3820 eiusmodi
810 3768 989 3820 continuatio
1014 3769 1153 3846 intelligi,
1182 3780 1216 3824 ut
1238 3772 1349 3848 siguifi-

193 3849 261 3894 cent
285 3856 316 3891 ea
342 3838 430 3891 verba
456 3837 574 3907 ideoque
595 3837 813 3908 omniafqunre
839 3838 974 3891 omnibus.
1018 3839 1100 3892 Solus
1126 3843 1192 3896 Cod.
1221 3845 1296 3898 Gud.
1320 3846 1345 3899 2.

192 3911 278 3963 habet
296 3908 391 3963 omnia
411 3924 494 3979 quae
513 3909 585 3974 eibi3
602 3927 704 3963 vocem
722 3909 781 3963 siti
798 3911 939 3965 omittunt
958 3908 1044 3963 Codd.
1061 3912 1133 3968 Gud.
1153 3933 1227 3968 unus
1246 3917 1299 3970 Ox.
1318 3923 1348 3968 et

191 3981 278 4034 Vind.
299 3984 324 4036 2.
362 3980 433 4034 Eius
458 3981 522 4034 loco
546 3979 619 4056 Aug.
647 3998 714 4033 cum
739 3981 823 4033 Vind.
844 3984 868 4034 1.
895 3981 980 4033 habet
1004 3998 1064 4035 sua.
1101 3985 1209 4041 Rursus
1236 3986 1348 4060 legitur
1374 4046 1377 4050 ,

192 4052 626 4181 ttettttetetttt
647 4067 789 4179 seat
806 4053 1259 4197 11¹¹<ieiunante
1271 4059 1345 4183 tte

192 4195 307 4249 inverso
327 4195 457 4259 ordine:)
476 4195 548 4248 Edd.
568 4197 597 4248 P.
622 4193 691 4246 Dav.
720 4195 766 4247 Or.
792 4193 862 4247 Tbn.
901 4196 936 4246 In
960 4194 1044 4248 Godd.
1069 4199 1156 4250 Marb.
1176 4207 1206 4252 et
1225 4200 1299 4253 Gud.
1319 4164 1346 4255 if

192 4266 303 4342 legitur
327 4282 471 4318 necesse
493 4270 647 4335 quicquam.
676 4265 743 4322 Cod.
762 4266 846 4318 Vind.
866 4269 891 4320 2.
920 4265 1005 4318 habet
1025 4269 1218 4336 quotidinaum,
1248 4271 1346 4324 sedin

192 4356 283 4413 marg.
304 4338 419 4400 ducant,
443 4339 497 4392 duo
516 4340 586 4392 Oxx.
615 4335 743 4400 ducetur,
769 4337 840 4389 alius
860 4327 950 4390 ducet.
982 4337 1053 4390 Gud.
1075 4340 1100 4395 2.
1126 4342 1276 4395 obducant
1291 4356 1350 4415 pro,

193 4411 281 4479 quod
302 4411 414 4463 ducunt·
450 4409 510 4463 Mr.
