2856 5084
403 292 629 362 EXCURSUS
650 292 727 360 XII.
749 291 791 358 ad
810 290 877 360 111:
890 292 944 360 ih.
964 292 1025 360 82.Ι4
1069 235 1071 239 Ι
1170 336 1183 358 ·
1225 294 1289 362 385

131 463 246 518 dicatur
261 459 347 515 homo
367 460 483 531 quidem
501 475 560 513 non
578 458 736 514 acutissimi
754 459 877 534 ingenii,
902 465 932 512 at
948 457 1162 529 Epicureorum
1179 465 1288 527 umen,

132 535 184 604 qui
200 542 271 587 tunc
288 531 410 586 Athenis
428 532 575 597 vivebant,
593 530 804 584 acutissimum:
832 531 1059 600 esm,.iuquam‚·
1072 531 1245 609 sentientiam
1263 531 1289 585 si

131 607 225 659 inesse
243 604 345 657 Cicero
376 601 517 656 voluisset
546 602 622 667 loco,
650 602 779 672 apertius
805 601 1002 677 significasset.
1042 599 1195 666 Quaenam.
1209 602 1288 656 enim
1355 668 1357 670 η

131 684 175 731 est
193 691 209 730 o
229 675 334 745 positio
354 674 385 725 in
402 673 513 726 verbis:
533 679 562 725 et
580 669 631 726 hoc
648 671 701 726 ille
718 671 868 736 acriculus,
886 688 930 725 me
947 667 1081 725 audiente
1097 669 1227 738 Athenis,
1244 689 1288 728 se·

132 763 186 800 nea
203 694 292 810 heae,
320 744 441 810 istorum
465 743 694 798 acutissimus-
714 743 931 799 diceresolehat
949 741 1005 796 —l
1040 741 1170 797 Dixisset
1189 752 1286 812 certe:

133 823 162 871 et
180 815 231 870 hoc
248 817 309 880 ille,
327 831 481 885 quanquam
498 815 724 876 nonadmodum
735 821 846 881 acutus,
864 816 1091 879 istoramtamen,
1108 830 1152 868 me
1161 814 1291 868 audiente

132 886 263 953 Athenis,
290 886 475 952 acutissimus,
499 901 580 938 senec
596 886 675 940 Zeno
694 893 751 939 etc.
776 885 897 939 velita:
923 889 950 938 el
966 883 1017 939 hoc
1033 884 1092 950 ille,
1116 902 1161 939 rne
1178 885 1291 953 quidem

134 960 264 1013 audiente
280 955 408 1022 Athenis,
433 958 550 1011 istorum
578 957 765 1021 acutissimus,
789 971 874 1011 aenea
895 955 984 1022 Zeno,
1007 970 1159 1025 quanquam
1185 962 1292 1011 cetero-

134 1033 184 1099 qui
202 1043 259 1083 'noa
282 1027 401 1082 nimium
424 1035 531 1082 acutus
544 1027 582 1092 (v.
602 1045 658 1082 non
675 1029 758 1083 valde
775 1027 839 1082 acri
855 1028 980 1095 ingenio)
998 1054 1033 1066 -
1051 1025 1146 1080 dicere
1170 1026 1290 1082 solebat:

133 1101 183 1154 vel
205 1099 300 1153 simile
325 1099 404 1169 quid.
441 1099 555 1154 Poterat
577 1099 732 1165 videlicet,
762 1108 857 1168 neque
883 1098 982 1152 ordine
1004 1097 1169 1163 verborum,
1197 1116 1292 1169 neque

133 1171 230 1224 verbis
249 1171 318 1241 ipsis
336 1170 464 1233 inumtis,
481 1170 605 1223 ironiam
623 1170 709 1224 istam
725 1170 959 1245 itasignifioare,
981 1176 1015 1222 ut
1041 1168 1193 1223 scriberet:
1222 1169 1294 1224 isto·

135 1258 200 1296 rum
225 1247 302 1295 certe
328 1242 513 1307 acutissimus,
541 1241 682 1294 nimirum
704 1248 737 1293 ut
761 1241 923 1316 intelligas:
961 1256 1135 1363 quampuam
1159 1257 1214 1293 nec
1231 1241 1294 1312 ipsa

135 1312 287 1365 admodum
304 1313 395 1375 vafer,
414 1313 528 1365 etiamsi
544 1311 627 1364 Philo
647 1329 712 1366 eum
730 1310 942 1381 Epicureorum
961 1327 1051 1382 coryp
1074 1329 1157 1365 asum
1174 1311 1291 1364 dixerit.

136 1383 183 1436 Ita
200 1383 342 1436 acriculus
359 1382 549 1455 significabit:
568 1382 642 1435 sotis
660 1383 723 1437 ocri
738 1382 864 1451 ingenio.
901 1381 1036 1436 Ceterum
1054 1382 1187 1452 probavit
1204 1383 1294 1436 etiam

136 1453 320 1507 Forcellinus
347 1452 378 1505 in
395 1454 502 1506 hexico
526 1453 682 1507 lectionem
706 1453 849 1507 acriculus
873 1461 911 1517 et,
935 1451 970 1504 ad
986 1461 1115 1506 nostram
1132 1461 1211 1506 certe
1230 1471 1294 1507 sen-

136 1524 270 1591 tentiam,
288 1531 368 1577 recte
387 1540 421 1577 ex
442 1524 524 1578 licat:
544 1521 716 1593 aliquantum
734 1539 799 1577 acer
815 1531 843 1579 et
859 1520 1011 1577 uehemens.
1048 1523 1105 1577 Sed
1122 1524 1294 1578 manum-dc

136 1595 240 1648 tabula.
277 1596 375 1648 Unum
399 1542 483 1650 arido:
511 1611 548 1647 ne
574 1595 670 1669 videri
699 1596 816 1666 quidem
842 1595 919 1648 velle
942 1594 1110 1648 Ciceronem
1140 1594 1295 1650 detrahere

136 1666 250 1736 aliquid
267 1682 283 1717 a
300 1665 425 1717 Zenonis
444 1666 577 1718 acumine
596 1672 626 1719 et
643 1665 772 1740 ingenio,
790 1682 859 1719 cum
877 1682 944 1729 cum
961 1672 995 1717 ut
1013 1673 1117 1718 testem
1133 1668 1295 1721 sententiae

136 1737 259 1808 Epicuri
277 1736 471 1789 certissimum
495 1735 603 1801 laudet,
629 1736 678 1788 cui
695 1735 813 1806 quidem
837 1735 955 1812 ingenio
974 1734 1053 1797 nihil
1070 1735 1244 1804 detrahitur,
1268 1737 1295 1790 si

138 1825 203 1863 eum
221 1808 368 1876 aliquanto
392 1808 535 1860 acriorem
557 1815 586 1860 et
612 1807 862 1861 vehementiorem
889 1823 949 1860 esse
967 1806 1119 1890 significat.
1156 1808 1295 1871 Ceterum

136 1878 195 1932 vid.
220 1880 255 1931 de
273 1880 388 1933 zenone
406 1878 551 1949 Epicureo
569 1875 740 1932 Klihnerum
760 1877 791 1932 in
813 1879 889 1933 libro
906 1877 948 1932 De
967 1876 1027 1933 (ho.
1051 1878 1084 1932 iu
1101 1877 1208 1938 Philas.
1234 1896 1296 1934 mea

137 1949 204 2003 ritis
221 1967 250 2020 p.
270 1951 314 2005 39.
658 1980 667 1987 α
768 1986 771 1993 ,
1087 1965 1089 1968 '

614 2103 780 2114 m

463 2280 815 2358 EXCURSUS
864 2283 969 2360 XII.

495 2414 532 2466 aa
554 2414 618 2468 cie.
637 2415 740 2470 rusco.
759 2416 815 2470 ιιι.
834 2417 879 2472 aa.
899 2419 944 2475 aa

164 2521 228 2598 (Ex
248 2521 286 2584 R.
309 2519 439 2583 Klotnii
462 2496 676 2601 Quaestione.
699 2521 871 2585 Tulliano.
893 2511 936 2584 L.
958 2521 986 2587 1.
1007 2541 1041 2608 p.
1065 2470 1296 2619 lwdms}

211 2658 249 2711 Et
267 2663 358 2711 tamea
376 2663 407 2711 ut
424 2653 532 2710 medici
550 2662 608 2710 toto
626 2671 741 2724 corpore
758 2657 880 2712 curando
896 2655 1034 2713 minimae
1051 2655 1138 2714 eliam
1153 2657 1243 2729 parti,
1267 2658 1297 2714 si

140 2727 291 2794 condoluit,
309 2729 468 2781 medentur:
488 2727 533 2780 sic
547 2725 737 2795 philosophia,
756 2744 837 2796 puram
850 2728 1010 2784 universam
1019 2729 1224 2799 aegritudinem
1235 2735 1298 2784 sue-

141 2800 218 2865 tutis,
244 2806 337 2852 tamen
359 2798 388 2851 si
411 2801 476 2868 quis
493 2815 576 2851 error
593 2797 708 2853 aliunde
726 2799 845 2865 asstitit,
868 2803 895 2855 si
910 2809 1064 2870 paupertas
1088 2801 1240 2866 momordit,
1268 2798 1298 2856 u·

141 2869 303 2940 ignominia
324 2871 453 2939 pupugit,
478 2869 506 2921 si
529 2867 599 2938 quid
621 2870 800 2923 tenebrarum
823 2871 925 2936 offudit
951 2871 1092 2939 exsilium,
1118 2877 1166 2926 aut
1190 2889 1297 2937 eorum,

141 2958 211 3012 quae
229 2942 310 2996 modo
329 2939 401 3003 disi,
429 2939 459 2992 ei
483 2939 552 3008 paid
573 2939 694 3005 sustitit,
726 2947 752 2994 et
779 2941 807 2994 oi
829 2943 1008 3010 singularum
1030 2959 1127 2997 rerum
1150 2950 1215 2998 ssent
1228 2959 1298 3013 pro·

96 3027 99 3032 ·
139 3016 224 3082 priae
241 3010 456 3067 consolationes:
475 3011 508 3062 de
527 3010 626 3080 quihus
644 3012 743 3064 audies
761 3017 792 3063 tu
811 3013 930 3079 quidem,
950 3030 1030 3084 quum
1047 3015 1133 3069 voles.
1259 3075 1261 3078 y

212 3084 274 3137 Hoc
301 3083 336 3136 de
362 3083 427 3134 loco
451 3081 549 3134 critici
572 3081 603 3133 in
621 3081 745 3136 diversas
763 3082 955 3137 discesserunt
980 3087 1147 3151 sententias,
1172 3102 1296 3156 quarum

141 3171 188 3208 sne
205 3156 301 3224 fateor
318 3153 439 3224 probare
458 3151 571 3204 nullam
587 3167 685 3221 posse:
704 3169 802 3206 omnes
822 3156 900 3208 enim
918 3173 1008 3225 quum
1026 3157 1093 3209 satis
1110 3156 1229 3210 facilem
1246 3174 1298 3211 ne·

142 3242 198 3294 que
218 3243 279 3278 eain
298 3224 465 3277 inusitatam
482 3223 726 3276 constructionem
745 3239 804 3277 non
823 3224 1044 3293 intellexissent,
1069 3227 1144 3281 alius
1168 3227 1225 3280 alio
1252 3245 1297 3282 er·

141 3311 210 3349 rore
236 3296 316 3348 ducti
342 3295 581 3348 existimaverunt
607 3291 689 3347 huno
710 3295 807 3347 locum
832 3312 890 3350 csse
914 3306 1097 3369 corruptum,
1128 3315 1216 3369 quem
1243 3314 1297 3376 ego

141 3367 195 3432 aio,
215 3367 259 3422 uti
278 3384 365 3436 supra
391 3372 439 3436 est·
456 3382 473 3417 a
498 3381 545 3419 me
569 3365 690 3434 positus,
715 3364 758 3418 sio
782 3383 841 3420 esse
864 3368 1038 3422 aCiceronc
1063 3369 1126 3440 ipso
1143 3369 1297 3439 scriptum»
1348 3408 1352 3416 .

141 3436 238 3506 Atque
255 3444 289 3487 ut
306 3438 436 3504 primum
454 3436 488 3488 dc
505 3436 601 3488 verbis
620 3434 665 3487 his
683 3435 790 3489 dicam:
810 3439 854 3491 sic
867 3435 1055 3508 philosophia,
1116 3456 1160 3492 am
1183 3439 1298 3493 unsver-

143 3523 204 3562 sam
222 3506 429 3574 aegritudinem
448 3506 575 3570 sustulit,
603 3506 754 3562 Ernestius
772 3508 862 3560 scribi
878 3510 975 3562 voluit
993 3510 1036 3563 sic
1058 3457 1249 3580 philosophiae
1267 3519 1298 3565 et

143 3579 175 3631 in
194 3578 392 3648 sequentibus:
412 3577 439 3630 ei
455 3577 635 3644 singularum
651 3592 746 3631 rerum
763 3585 827 3631 sant
840 3580 976 3649 propriae
994 3579 1209 3647 consolationes,
1231 3582 1299 3634 Nis-

142 3649 238 3702 senius
255 3665 324 3702 vero
343 3648 469 3701 coniecit
487 3649 633 3718 scripsisse
652 3647 837 3703 Ciceronem:
856 3650 899 3704 sic
916 3652 947 3705 in
961 3646 1138 3722 philosophia
1157 3660 1211 3706 eto.
1239 3651 1296 3707 Sed

142 3721 277 3791 plerique
302 3717 374 3771 haec
399 3719 506 3773 intacta
530 3719 715 3788 reliquerunt
741 3727 771 3774 st
794 3721 861 3773 satis
885 3721 1049 3777 habuerunt
1072 3723 1104 3776 iu
1127 3722 1184 3776 ista
1199 3723 1297 3788 verba,

144 3809 217 3861 quae
236 3791 314 3841 infra
331 3790 471 3864 leguntur
489 3795 515 3841 et
534 3790 563 3842 si
580 3789 759 3859 singularam
778 3796 841 3858 ela,
858 3810 949 3862 paene
967 3795 1092 3854 saevire:
1118 3809 1192 3862 quaa
1211 3793 1243 3846 in
1260 3794 1298 3845 li·

143 3863 203 3914 bris
222 3861 339 3929 quidem
356 3876 447 3930 prope
466 3861 597 3913 omnibus
618 3864 664 3918 *ita
681 3863 829 3936 leguntur,
854 3864 911 3915 n'isi
930 3865 1008 3934 quod
1030 3863 1199 3917 Oxoniensis
1222 3881 1298 3916 unus
1313 3878 1327 3906 Χ,

144 3932 311 3996 sicmittit,
332 3930 408 4001 quod
427 3948 511 3999 quam
530 3931 618 3985 facile
636 3941 701 3985 ante
721 3931 903 3998 singularum
920 3934 1052 4004 potuerit
1070 3933 1212 4000 excidere,
1232 3935 1297 4004 quis

145 4013 199 4069 est,
223 4003 351 4070 quinon
376 4001 540 4075 intelligat?
568 4001 638 4056 libri
655 4018 725 4056 vero
753 4003 904 4056 admodum
922 4005 1008 4074 pauci
1033 4003 1185 4058 exhibent:
1210 4004 1299 4058 etsie

144 4074 332 4143 singularum,
351 4071 428 4142 quod
445 4080 545 4142 aperto
562 4073 636 4125 vitio
655 4073 784 4127 laborare
803 4091 887 4137 nemo
905 4082 1000 4150 negat.
1038 4074 1087 4130 Sic
1113 4075 1243 4128 omnibus
1261 4075 1299 4127 li·

144 4146 204 4199 bris
221 4146 275 4199 ista
290 4143 379 4206 verba
395 4142 533 4197 videntur
550 4143 730 4198 confirmari:
750 4151 777 4197 et
796 4145 824 4198 si
841 4140 1022 4214 singularam
1039 4161 1134 4200 rerum
1151 4153 1215 4199 sunt
1229 4163 1298 4216 pro⁴

143 4219 227 4287 priae
244 4214 451 4270 consolationes.
487 4214 526 4266 At
553 4214 676 4269 editores
700 4213 771 4268 haec
795 4217 1037 4282 verhuiniuria,
1051 4224 1086 4269 ut
1112 4217 1211 4287 opinio
1235 4234 1299 4270 inea

145 4290 214 4351 fert,
233 4303 384 4341 removere
403 4287 584 4350 studuerunt,
598 4302 644 4347 Aac
662 4286 814 4338 Lambinus
833 4288 952 4355 quidem
968 4288 1052 4358 plane
1071 4288 1194 4354 abiecit,¹
1210 4305 1298 4357 wem

147 4357 302 4417 Schiitzius
320 4376 416 4429 nuper
433 4367 476 4413 est
494 4357 637 4422 imitatus:
662 4357 790 4414 Wollius
809 4357 861 4411 ille
879 4360 1007 4430 quidem,
1032 4361 1118 4413 etiam
1136 4359 1234 4413 hisin
1245 4376 1300 4413 τε·

146 4431 197 4487 bus
221 4431 342 4496 cautior,
370 4430 453 4483 uncis
480 4428 686 4484 circumdedit:
723 4428 872 4484 Bentleius
900 4437 927 4485 et
948 4430 1132 4501 singularum
1164 4432 1299 4498 coniecit,

175 4533 255 4578 cicero
264 4533 329 4580 Tusa.
341 4534 408 4591 Disp.
423 4535 458 4582 ed.
473 4534 558 4581 lltoser.
576 4533 659 4581 ΗΠ.
1032 4541 1074 4604 25
