2856 5084
198 202 264 323 ¹ua
392 251 1146 319 111111111111111111111.1111111111.
1244 223 1247 231 ’

203 430 328 499 temen,
348 426 464 484 ut'rurn
485 421 609 495 mallosi
630 431 673 493 te,
694 421 725 483 si
746 424 1001 503 potesteseeset,
1023 420 1124 485 semel
1141 428 1181 483 ut
1201 419 1358 482 Laelium

139 521 183 579 55.
202 505 383 583 consulem,
417 523 470 578 an,
496 512 542 564 ut
576 502 728 580 Cinnam,
754 510 895 587 quater?
942 502 1020 564 Nou
1048 502 1179 579 dubito,
1205 513 1245 566 tu
1275 501 1359 585 quid

118 595 425 669 r·2³⁹·responsurns
446 588 508 646 sis:
530 587 640 667 itaque
661 585 771 664 video,
794 589 851 648 cui
876 588 1092 647 committam.
1136 585 1216 646 Non
1243 606 1360 667 quem·

37 724 40 728 ,
152 666 178 703 ³·
203 672 255 734 vis
277 669 340 729 hoo
360 666 449 729 idem
470 669 737 753 interrogarem
761 666 978 751 responderet
1001 671 1088 729 enim
1103 670 1186 730 elius
1201 671 1358 746 fortasse,

203 771 239 819 se
259 759 325 812 non
349 749 448 812 modo
471 760 631 832 quattuor
651 752 840 815 consulatus
861 753 923 813 uni
943 758 1159 832 anteponere,
1180 749 1359 814 sedunum

203 923 338 976 fecerunt
356 936 374 973 n
392 936 484 974 vano
499 920 607 989 popula.
632 921 781 996 Engopae!
802 920 877 973 illud
894 917 1000 971 habent
1018 919 1105 970 Palat.
1126 927 1260 986 quatuor,
1280 917 1359 983 (nam

203 993 323 1062 quintus
342 992 496 1065 degenerat
515 993 547 1043 in
565 992 605 1044 ab
622 1007 687 1044 nna
705 992 813 1044 eonsnle
829 992 924 1059 potina
943 1004 1027 1058 quem
1044 989 1093 1043 nte
1112 989 1153 1041 ab
1177 1006 1240 1042 nno
1255 991 1358 1060 papale

203 1065 343 1131 repulsam
362 1064 429 1128 fert,
447 1061 653 1130 suffragiis
668 1061 915 1130 praeteritur)
934 1060 1005 1111 item
1024 1059 1106 1113 Fabr.
1125 1077 1159 1112 ac
1176 1061 1301 1114 vatican
1323 1069 1359 1114 ut

203 1135 288 1198 ¹modo
307 1135 400 1187 dietus
419 1134 512 1202 quint.
527 1135 646 1199 Victor.
659 1134 727 1185 edit.
748 1132 901 1185 adiiciunt:
922 1134 1064 1198 repulsam
1080 1131 1137 1194 {ert
1156 1132 1359 1200 suffragia}

146 1211 153 1216 “
201 1205 432 1273 praeteritur
449 1205 499 1257 sed
517 1204 573 1246 -“
592 1202 674 1256 61111.
711 1203 823 1268 „Quasi
850 1204 986 1255 innueret
1009 1218 1039 1253 se
1063 1203 1165 1274 ignaro
1192 1203 1224 1253 in
1242 1211 1359 1256 contex-

202 1285 268 1329 tum
295 1276 387 1330 altare
413 1275 465 1327 illa
491 1273 639 1340 suffragiis
660 1274 832 1342 praeteritur
855 1274 949 1326 addita
973 1289 1049 1336 essa;
1079 1290 1150 1338 quae
1179 1289 1245 1326 sane
1271 1272 1358 1326 omit-

202 1346 290 1404 tenda
310 1354 400 1410 erant,
421 1345 474 1399 etsi
493 1348 686 1414 reperiuntur
699 1346 730 1397 in
750 1343 916 1414 quibusdam
935 1343 1037 1399 MSS.“
1074 1342 1193 1397 Gronov.

210 1412 213 1417 ’
276 1417 303 1468 Α
323 1417 399 1469 analo
414 1416 527 1484 popula]
565 1416 659 1490 Vulgo
678 1416 756 1472 dono.
792 1414 953 1477 ascensius,
978 1415 1123 1478 Erasmus,
1151 1423 1181 1466 et
1204 1412 1258 1466 alii
1275 1411 1360 1467 dede-

205 1494 276 1538 runt
295 1504 312 1539 a
330 1503 403 1539 vano
419 1486 530 1554 populo.
568 1487 654 1538 Hadr.
673 1504 744 1540 vero
762 1486 883 1540 Relandi
899 1485 995 1538 Codex
1012 1500 1031 1538 a
1049 1485 1125 1538 malo
1141 1484 1253 1554 papula,
1272 1502 1361 1555 quem

206 1575 272 1609 curn
291 1557 334 1610 cl.
354 1558 484 1610 Bentleio
503 1575 616 1626 sequor.
653 1558 688 1609 D.

264 1644 295 1680 ·a
308 1644 401 1695 *vana
417 1629 532 1696 populo]
570 1631 614 1681 Ita
631 1627 716 1681 Codd.
738 1635 798 1679 tres
823 1629 893 1682 Oxx.
917 1625 989 1678 Edd.
1008 1625 1041 1677 Α
1061 1625 1092 1678 Β.
1112 1624 1142 1679 S.
1161 1627 1196 1682 Ε.
1217 1625 1248 1682 G.
1268 1626 1359 1682 1111..

207 1707 236 1750 et
254 1716 353 1752 omnes
380 1708 492 1751 nostrae
519 1708 591 1752 vett.
617 1708 736 1768 excepta
759 1699 830 1751 Rob.
858 1697 957 1766 Steph.
984 1697 1091 1765 inqua
1113 1705 1156 1750 est
1173 1698 1251 1762 batto,
1277 1697 1361 1749 utin

133 1796 141 1810 ·
205 1787 256 1832 ,sex
275 1771 345 1823 Oxx.
365 1773 439 1822 Mon.
462 1776 485 1825 Ι.
504 1773 530 1825 2.
552 1769 625 1823 Gud.
646 1773 671 1824 2.
691 1769 780 1822 Rehd.
799 1767 873 1843 Aug.
893 1770 962 1890 ssep).
982 1766 1080 1827 Duisb.
1099 1768 1183 1824 Vind.
1198 1773 1223 1824 1.
1241 1770 1269 1823 2
1287 1768 1359 1822 Edd.

206 1843 235 1896 P.
255 1841 289 1896 V.
309 1840 398 1892 Gebh.
418 1841 502 1893 Verb.
524 1839 590 1906 Alt.
619 1841 701 1893 Malo
719 1840 835 1904 habent,
854 1848 918 1909 post
963 1839 1093 1902 anisium,
1118 1840 1190 1891 Era.
1213 1839 1359 1894 FAWolf.

207 1911 291 1971 Sohz.
312 1911 402 1964 Nobb.
441 1911 597 1965 Nobiscum
621 1912 734 1963 faaiunt
761 1928 796 1963 ex
817 1911 1029 1967 recentioribus
1051 1909 1098 1962 Or.
1128 1917 1158 1962 et
1175 1910 1247 1963 Tbn.
1275 1910 1361 1980 idque

205 1982 324 2050 volebat
343 1982 491 2034 Bentleius
519 1981 588 2046 (non
612 1985 694 2046 malo,
719 1989 752 2033 ut
779 1982 820 2033 ait
846 1981 928 2044 Dav.)
953 1981 1112 2051 probatque
1129 1980 1304 2035 Doederlein
1330 1981 1363 2048 in

207 2055 284 2106 Lat.
305 2052 436 2122 Synon.
461 2071 490 2104 u.
515 2053 712 2122 Etymol.1.
741 2070 769 2121 p.
792 2054 851 2108 1ot.
890 2053 972 2106 Solus
998 2050 1070 2104 Gud.
1095 2058 1193 2104 noster
1218 2052 1304 2106 habet
1325 2051 1361 2105 od

204 2123 271 2177 nno.
308 2123 339 2176 Si
358 2123 431 2176 malo
451 2132 492 2177 est
510 2124 541 2174 in
559 2124 626 2177 (iod.
645 2121 775 2188 Relandi,
795 2122 871 2192 quod
889 2124 930 2176 ait
948 2124 1027 2187 Dav„
1048 2130 1077 2173 et
1095 2122 1126 2174 in
1144 2122 1324 2177 nostroGnd
1337 2127 1361 2178 l.

97 2234 102 2241 .
208 2194 296 2263 (quod
313 2195 430 2246 videtur
449 2212 484 2246 ex
503 2194 690 2260 collatione),
718 2194 889 2247 correctoris
908 2203 959 2258 est,
987 2193 1039 2263 qui
1057 2207 1075 2242 α
1093 2192 1164 2247 bono
1183 2211 1242 2248 non
1259 2197 1362 2260 ferret,

229 2265 284 2318 uod
308 2265 424 2318 facilius
451 2265 523 2317 oriri
550 2266 646 2334 potuit
673 2283 708 2318 ex
727 2279 745 2316 a
769 2280 849 2325 rano,
874 2283 959 2334 quarn
979 2281 1014 2316 ex
1033 2279 1051 2315 a
1070 2260 1154 2318 enata.
1191 2264 1270 2330 Quod
1285 2265 1364 2317 dedit

207 2285 277 2389 Dav.
306 2338 336 2387 in
353 2337 490 2419 'omnibus
515 2337 588 2420 Edd'.
600 2336 755 2418 'repulsam
780 2337 888 2402 refert,
919 2336 950 2391 id
972 2334 1070 2417 nullus
1093 2335 1179 2389 habet
1204 2336 1282 2389 liber
1304 2335 1361 2388 MS.

208 2405 1364 2546 111111111111111111111111·11131.

208 2547 396 2616 ignominiam
420 2555 444 2600 et
471 2547 667 2601 calamitatem.
705 2548 762 2601 Ubi
784 2547 843 2601 vid.
862 2549 998 2600 Beierum
1011 2548 1194 2603 ‘sententiam
1216 2549 1365 2619 explican-

208 2627 283 2685 te1n3
304 2636 376 2686 quae
396 2617 495 2670 differt
513 2637 529 2671 a
547 2629 660 2671 nostrae
678 2618 834 2675 lucutionis
851 2619 1001 2675 sententia.
1039 2620 1100 2676 Mr.

209 2699 212 2707 ·
280 2689 423 2756 repulsam
453 2689 528 2756 fert]
569 2688 737 2759 Sequuntur
761 2688 848 2740 verba
878 2707 1032 2773 perperam
1064 2689 1188 2761 repetita
1213 2687 1364 2755 suffragiis

205 2762 383 2828 praeteritur
396 2759 433 2810 'in
453 2757 538 2812 Codd.
560 2761 703 2815 Gutta
723 2759 815 2812 Rehd.
835 2760 931 2813 Dussb.
953 2760 1026 2814 Gud.
1046 2760 1137 2813 tribus
1151 2761 1221 2814 Oxx.
1240 2760 1324 2816 Vind.
1338 2766 1361 2815 1.

208 2833 284 2883 Mon.
306 2835 330 2885 l.
349 2830 422 2882 Edd.
441 2831 473 2880 V.
493 2831 561 2883 Rob.
582 2832 681 2901 steph.
703 2831 793 2884 Gebh.
814 2832 897 2883 Verb.
918 2831 976 2882 Alt.
1005 2830 1047 2883 Ad
1065 2830 1172 2896 malles,
1200 2836 1228 2884 te
1251 2831 1365 2884 intelli·

229 2902 336 2954 endum
354 2918 414 2954 esse
431 2901 519 2967 faisse
537 2912 616 2955 recte
635 2909 733 2955 rnonet
751 2901 846 2954 Kiihn.
876 2903 919 2954 Ad
937 2902 1109 2954 sententiam
1125 2902 1192 2955 vide
1211 2902 1246 2954 de
1265 2911 1363 2955 nostra

208 2920 272 3025 Dico
292 2973 485 3043 disputantem
502 2975 667 3027 Victoriam
685 2975 768 3025 Varr.
788 2975 879 3025 Lectt.
900 2973 963 3026 XII.
985 2973 1027 3027 10.
1051 2990 1079 3043 p.
1099 2974 1154 3029 294
1171 2991 1213 3042 sq.
1242 2973 1284 3026 ed.
1310 2972 1365 3024 Ar-

230 3052 287 3096 ent.
308 3071 342 3081 —-
371 3047 436 3095 Post
460 3047 602 3098 tonantem
625 3044 741 3096 additur
762 3057 824 3096 ease
841 3045 874 3096 in
892 3045 958 3099 Ood.
977 3043 1066 3097 Rehd.
1091 3050 1120 3096 et
1142 3060 1200 3096 uno
1220 3044 1269 3100 Ox.
1289 3043 1362 3098 Edd.

208 3063 238 3167 ᾗ.
265 3114 299 3165 Α.
324 3115 354 3166 Β.
385 3113 412 3168 S.
437 3115 472 3169 E.
501 3116 531 3168 G.
558 3117 639 3173 Junt.
667 3115 733 3167 Asc.
754 3120 777 3169 1.
797 3119 824 3171 2.
847 3116 917 3168 Van.
943 3122 1033 3179 nostr.
1051 3134 1055 3138 ·
1071 3111 1153 3168 Solus
1180 3114 1248 3168 Oo'd.
1272 3113 1362 3168 Rehd.

209 3184 296 3238 habet
315 3187 453 3238 conantem
471 3184 501 3238 nt
520 3185 672 3240 Lnetinm.-
691 3187 761 3240 Mn·
930 3198 932 3203 ’
1116 3202 1121 3209 ’
1152 3202 1155 3207 ·

263 3267 327 3322 ‘an‚
346 3262 377 3323 nt
397 3255 527 3322 Cinnam,
548 3255 686 3326 qnatert]
705 3256 777 3310 eod.
793 3269 867 3309 nnus
879 3257 930 3312 Ox.
949 3258 1036 3311 habet
1053 3264 1101 3312 ant
1118 3252 1230 3328 pro'an.
1249 3257 1363 3313 1111111.

207 3329 321 3394 omittit
339 3334 384 3390 αῖς
404 3327 477 3380 Gud.
491 3328 584 3393 vhabet
601 3335 650 3381 ant
661 3328 696 3383 'nt
715 3333 820 3398 querat.
850 3328 939 3394 Quam
957 3330 1108 3404 vulgarem
1127 3345 1187 3382 esse
1203 3328 1245 3380 ait
1263 3327 1364 3379 distin-

210 3399 442 3465 otionemhuius
460 3399 523 3452 looi·
537 3400 669 3452 Davisius
687 3399 718 3450 in
737 3417 802 3450 ann.
824 3416 882 3468 seq.
907 3418 967 3453 eam
986 3401 1094 3453 habent
1112 3399 1205 3453 Gebh.
1231 3406 1260 3451 et
1277 3397 1361 3451 Verb.

208 3471 347 3542 Reliquae
364 3478 445 3523 recte
463 3470 657 3546 distinguunt.
693 3471 775 3524 Unus
793 3470 842 3522 Ox.
862 3470 948 3524 habet
969 3476 1001 3524 nt
1019 3472 1156 3525 cinno.⁸
1176 3470 1237 3523 Mr.
1265 3482 1268 3487 ·

280 3542 334 3606 An,
357 3549 388 3595 nt
413 3539 541 3606 Cinnam,
561 3541 678 3610 quater?
705 3556 760 3594 nan
787 3540 894 3607 debita]
931 3542 1025 3618 Vulgo
1048 3541 1209 3595 orationem
1236 3539 1277 3593 sio
1296 3555 1364 3593 aon·

209 3614 335 3674 tinuant,
359 3629 397 3666 en
421 3619 452 3665 nt
478 3613 594 3667 cinnam
618 3617 722 3680 qnater,
751 3629 803 3665 nan
828 3612 931 3677 dubita,
957 3620 986 3666 tn
1012 3612 1080 3680 qnid
1103 3625 1285 3680 responsurae
1310 3612 1362 3665 sie.

209 3686 268 3737 Nos
292 3684 388 3736 sensui
412 3685 601 3749 consulentes,
628 3681 806 3736 commodam
832 3684 982 3753 sequimur
1000 3684 1242 3749 distinctionem,
1277 3698 1364 3752 quem

208 3756 346 3827 'praebent
363 3756 432 3828 Reg.
452 3755 599 3808 Pithoean.
619 3754 691 3808 Med.
713 3752 840 3823 aditique
858 3754 1003 3806 nonnulli.
1041 3754 1078 3807 D.

209 3835 212 3839 '
279 3825 343 3880 Nan
362 3825 467 3891 dedito,
492 3834 521 3879 tn
545 3824 614 3892 qnid
637 3840 820 3894 responsurus
847 3823 910 3890 eie]
954 3823 1116 3887 0111111111.
1137 3827 1162 3878 2.
1184 3821 1364 3877 consuetiore

208 3898 309 3951 ordine
328 3897 397 3966 qnid
414 3902 454 3949 tu.
492 3896 602 3951 Similis
622 3905 664 3948 est
681 3896 835 3948 verborum
853 3896 922 3950 ordo
940 3913 1025 3965 supra
1044 3896 1082 3949 11.
1103 3899 1144 3951 13.
1165 3897 1214 3949 3111
1233 3896 1281 3948 aia
1294 3890 1366 3961 quod

208 3969 285 4036 ferri
304 3970 473 4037 tolerarique
489 3967 587 4037 parsit.
624 3966 688 4019 Vid.
709 3983 758 4018 nos
777 3983 862 4037 supra
879 3967 913 4020 ad
931 3968 955 4020 l.
975 3968 1001 4021 4.
1021 3971 1063 4023 ta.
1083 3966 1149 4020 cod.
1170 3965 1244 4038 Aug.
1272 3963 1363 4016 male:

208 4057 261 4092 non
280 4040 375 4094 dubito
394 4037 477 4108 quin
494 4055 568 4106 resp.
589 4038 639 4091 aie.
676 4038 776 4111 Pergit
794 4041 869 4094 Mon.
890 4043 913 4094 l.
940 4038 999 4091 ita
1016 4038 1104 4092 videa.
1122 4068 1125 4073 -
1141 4036 1183 4088 De
1207 4053 1260 4087 usu
1283 4034 1366 4088 Cice-

209 4111 340 4176 romano,
369 4125 426 4179 quo
452 4109 641 4163 committendi
667 4109 787 4160 verbum
812 4111 873 4161 sine
899 4111 1062 4162 accusativa
1086 4108 1215 4178 ponitur,
1251 4105 1365 4159 monuit

208 4183 331 4256 Madvig.
350 4182 444 4251 Epist.
465 4181 537 4233 crit.
558 4181 593 4233 ad
612 4179 700 4232 Orell.
720 4198 748 4249 p.
768 4182 802 4234 16
821 4198 863 4249 sq.
883 4189 957 4250 etp.
975 4183 1035 4235 184.
1055 4180 1104 4231 ubi
1124 4195 1176 4231 nea
1194 4177 1287 4229 nostri
1305 4175 1364 4229 looi

157 4284 161 4293 ·
209 4254 363 4305 immemor
378 4251 447 4316 fuit,
466 4252 594 4322 aliosque
613 4251 775 4319 corsnplures
798 4250 935 4303 laudavit.
971 4251 1070 4324 Pergit
1097 4249 1162 4302 God:
1188 4248 1262 4319 Aug.
1289 4263 1365 4299 nam

161 4356 163 4362 .
209 4322 329 4392 quemvis
346 4325 557 4390 interrogarem
574 4320 624 4376 ior
641 4321 732 4387 idem;
760 4321 815 4374 duo
835 4323 905 4379 Oxx.
926 4314 1125 4390 non-,quemme
1142 4317 1302 4373 heredem
1320 4316 1365 4370 in·

210 4400 376 4462 terragona.
414 4393 490 4447 Tum
514 4395 597 4468 Aug.
615 4393 778 4460 respondet
794 4393 884 4447 enim.
921 4393 984 4446 Duo
1007 4393 1077 4447 Oxx.
1102 4389 1183 4446 alind
1205 4407 1258 4460 pro
1282 4388 1365 4443 atine.
