2856 5084
190 265 234 335 94
397 262 897 332 cleaaole.¹rUscttmN.
919 267 1149 334 DISPUTA'I'.

170 450 233 497 ›ox
262 430 480 497 dissimilibm
508 431 539 495 ai
560 441 671 508 ornat,
699 432 877 496 honestum
898 454 939 497 ox
960 435 1002 497 iia
1033 437 1124 499 offici
1155 433 1251 497 nihil·
1270 445 1349 519 pot·

191 516 275 579 orit:
309 534 375 597 quo
397 515 560 594 detracto,
592 516 672 598 quid
694 519 821 599 poterit
843 517 976 579 boatum
1004 517 1170 606 intelligit
1212 519 1348 582 Etenim

193 599 351 681 quioquid
371 607 432 676 ost,
454 598 544 683 quod
567 597 766 675 bonum-sit,
789 598 825 661 id
839 599 1057 682 expetendum
1081 611 1153 665 astt
1176 601 1266 683 quod
1288 622 1347 664 au·

191 689 260 743 tom
282 679 513 763 expetendum,
535 679 572 743 id
592 684 685 744 corto
706 683 972 763 approbandum:
1006 683 1094 766 quod
1114 703 1197 746 voro
1223 704 1348 767 appro-

191 762 296 841 baris,
325 761 360 824 id
389 771 523 848 gratum
552 773 788 846 acceptamque
816 763 1020 835 habendum:
1054 786 1092 829 or
1115 784 1136 827 o
1165 768 1266 828 otiam
1294 767 1347 830 di-

191 847 301 933 gaitas
324 847 357 907 oi
384 845 563 909 tribuenda
586 856 646 909 ost.
692 847 790 912 Quod
818 850 846 911 si
879 851 928 910 ita
949 860 1010 927 aot,
1032 786 1201 911 lauffabile
1221 851 1268 911 sit
1288 871 1347 912 no·

190 946 282 991 cosso
315 929 536 991 est22b0num
561 931 680 1015 'igitur
713 950 811 993 omno
846 928 1025 996 laudabile.
1068 933 1116 992 E'x
1148 951 1213 1013 quo
1246 934 1347 997 effici·

129 1013 170 1076 16
190 1018 260 1090 tur,
291 1021 340 1091 ut,
370 1010 457 1092 quod
486 1015 530 1074 sit
559 1012 747 1087 honesturn,
779 1013 814 1077 td
844 1015 889 1076 sit
914 1014 1025 1075 solum
1059 1015 1193 1080 bonum.
1249 1016 1346 1080 Quod

124 1097 168 1150 46.
193 1095 230 1155 ni
260 1095 309 1156 ita
336 1095 534 1172 tenebimus,
565 1097 670 1159 multa
702 1105 815 1175 eruat,
844 1116 928 1179 quae
958 1097 1055 1159 nobis
1088 1099 1177 1165 bana
1205 1097 1347 1163 dicanda

137 1165 164 1220 b.
190 1177 267 1241 sint.
306 1178 433 1241 Omitto
456 1176 612 1267 diritiasz
634 1199 714 1261 quas
736 1200 838 1262 quum
859 1181 979 1263 quivis,
1000 1183 1152 1263 quamvis
1174 1182 1346 1269 indignae,

187 1348 286 1421 potuit
309 1347 455 1402 offendere
480 1350 587 1403 beatam
613 1364 668 1421 pro
701 1350 832 1405 beatitate
856 1370 879 1406 s.
892 1414 894 1419 ἲ
907 1351 1094 1418 heatitudine,
1123 1368 1220 1421 neque
1241 1353 1347 1407 Cicero

188 1436 267 1471 nuno
285 1419 373 1473 aliter
391 1421 516 1474 scribere
533 1422 639 1490 potuit,
657 1439 749 1492 quam
767 1423 819 1476 illa
836 1425 972 1477 vocabula
997 1425 1029 1476 in
1045 1426 1121 1477 libro
1147 1424 1263 1477 donnum
1280 1433 1346 1496 post

188 1489 363 1544 Tusculanas
385 1491 494 1562 scripto
518 1492 629 1561 primus
656 1493 806 1548 effinxerit
829 1493 875 1560 (de
895 1496 930 1548 N.
951 1495 985 1547 Ι).
1006 1498 1028 1549 Ι.
1048 1495 1120 1560 32),
1145 1496 1272 1548 nondum
1290 1515 1345 1550 usu

189 1562 319 1616 emollita
337 1579 407 1617 aevo
426 1563 626 1630 Quinctiliani,
646 1581 734 1634 quem
751 1566 818 1619 vido
835 1567 914 1631 Vffl,
934 1570 960 1632 3,
980 1570 1023 1623 32.
1061 1567 1201 1636 Sequitur
1219 1568 1295 1621 idem
1314 1575 1344 1621 et

187 1632 287 1705 paullo
315 1632 439 1687 inferius
466 1643 495 1687 et
520 1635 541 1701 ἕ.
562 1637 612 1690 62ε
643 1633 717 1689 atta
741 1652 800 1690 eoae
827 1640 854 1692 ei
877 1639 996 1691 beatam.
1033 1637 1113 1690 Alibi
1139 1638 1225 1708 plane
1244 1640 1346 1693 eodem

188 1723 272 1758 sensu
291 1712 333 1758 ost
351 1706 426 1775 apud
443 1705 613 1760 Ciceronem
631 1705 690 1760 rita
708 1707 805 1762 beatae
830 1709 862 1760 in
881 1709 958 1779 quod
981 1711 1076 1780 ipsum
1100 1725 1159 1762 non
1177 1719 1236 1763 tam
1260 1729 1345 1782 saepo

188 1776 346 1841 incidisset,
368 1778 403 1829 >oi
419 1795 511 1829 unum
536 1792 571 1831 ex
588 1777 696 1830 duobus
720 1779 781 1831 illia
805 1780 943 1832 usitatum
966 1779 1099 1835 fuisset.‘.‘
1125 1781 1271 1835 >Ceteram
1288 1799 1344 1851 pro

105 1912 109 1917 .
188 1847 720 1922 eatvlegitureaeincoa.v1nd.1.
757 1850 832 1904 Cum
850 1851 948 1908 Guolt.
968 1853 1046 1905 tacit·
1057 1860 1157 1904 noster
1174 1853 1250 1927 Aug.
1272 1855 1344 1912 Mr.

259 1935 293 1973 ea
310 1918 400 1972 mixta
418 1935 452 1973 ex
470 1919 670 1987 dissimilibus]
690 1920 757 1974 Cod.
771 1922 844 1976 Gud.
854 1925 880 1980 2.
900 1929 933 1976 et
952 1926 1039 1978 mixta
1057 1941 1094 1977 ea
1110 1923 1344 1992 dira-fuerant,

187 2009 261 2063 anm
278 1990 329 2047 Ox.
352 1993 385 2045 ai
406 1992 547 2056 fuerant.
594 1990 705 2062 Scripsi
732 1991 764 2044 in
787 2010 866 2064 seqq.
895 2010 929 2047 ea
950 1995 1000 2048 tia
1028 2012 1083 2066 pro
1108 2012 1141 2049 ex
1163 1994 1235 2062 aia,
1262 2007 1344 2051 recte

186 2065 326 2133 probante
343 2062 489 2117 Kiihnero.
519 2063 559 2116 Et
576 2062 618 2115 sio
637 2073 679 2117 est
698 2063 826 2117 iacodd
854 2067 928 2120 Mon.
939 2069 964 2122 2.
984 2066 1080 2119 Duisb.
1098 2084 1162 2119 mar
1184 2105 1190 2118 .
1210 2067 1268 2121 MS.
1287 2069 1343 2122 Ea.

186 2133 253 2188 Aac.
272 2137 298 2192 2.
325 2135 398 2189 Edd.
420 2135 447 2188 S.
467 2135 502 2188 E.
539 2133 684 2188 scribitur
705 2132 780 2188 niti!
801 2135 878 2203 effici
901 2137 933 2188 in
955 2138 1028 2192 Edd.
1052 2141 1082 2192 P.
1102 2138 1136 2192 Α.
1177 2137 1235 2194 ,8.
1253 2140 1288 2192 E.
1310 2141 1344 2199 0.

186 2206 268 2261 tunt.
297 2208 367 2261 Van.
392 2215 480 2261 nostr.
506 2203 570 2259 Asc.
598 2210 622 2261 l.
647 2211 673 2264 2.
702 2207 800 2263 Horw·
845 2208 952 2261 Vocem
978 2205 1053 2263 aitat'l
1078 2225 1136 2262 non
1162 2209 1249 2264 habat
1274 2211 1344 2270 eod.

187 2276 262 2333 (tua.
283 2280 310 2335 2.
336 2278 414 2332 idom
432 2278 503 2349 qaod
520 2282 545 2330 et
563 2283 640 2332 recto
657 2295 710 2350 pro
729 2294 781 2346 quo
805 2280 938 2335 detracto.
976 2280 1020 2333 Ad
1038 2289 1215 2334 structuram
1232 2283 1346 2338 Etenim

187 2354 241 2406 otc.
260 2352 298 2408 ot.
318 2349 462 2404 Goerenz.
488 2349 523 2403 ad
541 2348 602 2403 Cio.
628 2351 664 2403 do
688 2351 728 2403 Lo
749 2351 883 2426 g.1.18.
904 2353 1058 2421 tto-pao.
1094 2352 1187 2406 Verba
1211 2357 1345 2423 estquod

186 2423 288 2476 dosunt
315 2423 347 2476 ia
365 2421 433 2476 cod.
452 2420 540 2474 Rohd.
576 2422 703 2497 Porgunt
739 2438 777 2474 uo
795 2423 864 2477 Oxx.
889 2422 1025 2477 beatam
1043 2425 1090 2478 ait.
1120 2423 1194 2477 Gud.
1213 2427 1239 2480 2.
1259 2425 1346 2478 habet

186 2498 223 2546 at
248 2493 322 2546 mim
346 2493 482 2563 quidquid
508 2499 547 2546 eat
572 2492 673 2547 bonam
696 2497 743 2558 ait,
771 2494 875 2546 omisso
903 2495 982 2564 qaod.
1020 2496 1085 2548 Post
1106 2493 1140 2548 ia
1165 2497 1346 2566 expetendam

187 2565 328 2618 omittunt
350 2571 390 2616 eat
417 2563 488 2617 Eat.
514 2565 548 2616 Α
566 2563 597 2616 Β.
622 2564 653 2618 C.
673 2567 708 2616 V.
735 2567 816 2620 Junt.
841 2567 913 2621 Ven.
939 2572 1028 2617 nostr.
1055 2565 1119 2619 Asc.
1140 2570 1165 2621 1.
1186 2570 1211 2623 2.
1241 2569 1343 2621 Herw.

186 2636 256 2689 Rob.
276 2634 375 2706 steph.
413 2633 522 2688 Contra
538 2634 592 2687 Ed.
611 2637 641 2688 P.
660 2635 746 2690 habet
764 2637 835 2706 qaod
853 2641 943 2688 autam
961 2637 1142 2704 expetendam
1158 2643 1227 2691 eat:
1253 2648 1282 2691 et
1300 2640 1359 2690 stc>

188 2707 276 2763 eodo.
295 2708 370 2762 Mon.
391 2707 417 2761 2.
436 2723 510 2758 unus
529 2705 610 2758 Laid.
631 2707 728 2765 Duisb.
764 2708 844 2760 Unus
861 2707 914 2763 ox.
933 2715 1025 2761 autem
1044 2708 1240 2776 petendam.
1279 2711 1341 2762 Mr.

189 2799 193 2805 ·
259 2778 333 2848 qaod
348 2793 414 2831 aero
432 2775 626 2846 approbarim]
654 2778 722 2832 God.
747 2780 821 2830 Mon.
844 2784 867 2834 l.
894 2795 957 2848 qao,
982 2781 1056 2833 Mon.
1077 2783 1103 2834 2.
1117 2774 1194 2832 ‘oum
1218 2789 1345 2850 quatuor

188 2850 238 2905 01.
257 2857 348 2904 autem
373 2864 427 2920 pro
453 2864 526 2902 aero.
564 2848 617 2901 Est
644 2850 731 2902 etiam
755 2849 787 2901 in
811 2851 886 2903 Mon.
907 2850 1162 2920 &approbaverim
1187 2853 1266 2904 etin
1284 2853 1343 2907 MS.

186 2923 285 2976 nescio
304 2937 362 2993 qao
380 2920 455 2990 apud
471 2919 557 2972 Verb.
594 2921 674 2973 Unus
693 2920 744 2975 Ox.
765 2921 831 2973 eius·
843 2921 908 2973 loco
928 2921 1013 2974 habet
1032 2923 1250 2990 approbandum,
1270 2923 1344 2975 alius

187 2995 352 3064 approbant.
388 2992 424 3046 ln
443 2992 522 3060 seqq.
544 2988 618 3046 Gud.
639 2994 665 3048 2.
692 2997 808 3058 gratam
830 3000 1006 3061 acceptam
1022 2990 1184 3046 habendum.
1222 2995 1344 3047 Partiri-

186 3067 235 3136 pio
259 3069 386 3133 acceptata
408 3065 449 3116 ita
474 3062 616 3115 adiective
639 3063 1020 3135 utitarCic.doRep.V1.
1041 3067 1088 3119 1³:
1120 3061 1194 3118 nittt
1209 3073 1252 3118 eat
1271 3063 1344 3119 eat‘m

186 3136 234 3194 itti
253 3135 381 3204 principi
408 3136 459 3188 deo
479 3165 512 3175 -
531 3133 682 3203 acceptius.
718 3135 782 3187 Vid.
810 3135 853 3188 01.
880 3135 1012 3188 Borrioh.
1037 3133 1174 3210 Cogitatt.
1204 3137 1238 3190 de
1256 3139 1289 3189 L.
1310 3139 1342 3190 1..

195 3216 215 3266 '.
237 3203 636 3280 192.1trttz.adsa11.1ug.
657 3209 700 3262 to.
719 3224 746 3276 p.
765 3208 818 3262 373
836 3225 879 3277 sq.
906 3207 972 3259 eod.
993 3206 1067 3261 Gud.
1088 3207 1198 3260 omittit
1216 3210 1253 3274 ei,
1282 3209 1344 3261 eius

185 3226 249 3336 {oco
269 3279 355 3342 Maro.
380 3275 468 3330 habet
490 3281 530 3330 et:
562 3275 617 3330 duo
637 3278 706 3331 Oxx.
732 3286 860 3353 pergunt
884 3278 1096 3340 attribuenda,
1129 3295 1146 3330 a
1164 3277 1237 3333 Gud.
1266 3280 1345 3332 abest

185 3358 236 3406 ert.
273 3350 373 3424 Pergit
390 3348 479 3402 Rehd.
503 3348 577 3417 qaod
602 3348 630 3401 oi
656 3348 774 3402 bonam
799 3355 852 3414 eat,
879 3350 1020 3404 laudabile
1044 3350 1159 3402 honam
1181 3351 1229 3403 ait.
1266 3351 1343 3403 Tum

185 3423 284 3476 Duisb.
317 3423 415 3475 hanam
438 3425 493 3472 eat
515 3419 622 3486 igitar3
650 3421 734 3474 vind.
762 3425 786 3476 l.
814 3421 906 3488 igitar
932 3437 1005 3474 aare
1030 3419 1180 3484 laudabile,
1215 3422 1343 3475 confusis

186 3493 364 3566 compendiis
382 3493 412 3549 ἔῐ
423 3499 452 3547 et
469 3491 505 3548 b}-
525 3491 599 3545 Gud.
626 3493 651 3546 2.
682 3491 767 3545 habet
797 3509 874 3545 omne
902 3492 1002 3558 igitar.
1043 3493 1098 3544 Pro
1126 3497 1155 3544 at
1183 3500 1226 3545 ost
1253 3493 1285 3546 ia
1311 3494 1343 3546 in

185 3569 261 3620 Mon.
280 3570 307 3621 1.
328 3571 358 3617 ot
375 3578 432 3615 uao
452 3562 518 3628 Ox.;
537 3562 620 3615 Vind.
642 3567 666 3618 l.
687 3564 800 3616 omittit
817 3566 865 3630 ait,
884 3581 951 3616 cum
969 3579 1026 3616 ano
1036 3562 1085 3618 Ox.
1106 3563 1173 3616 Cod.
1192 3563 1267 3618 Gud.
1287 3580 1342 3635 pro

186 3638 276 3693 'aotam
293 3635 380 3688 habet
398 3650 540 3689 rammam.
579 3636 640 3688 Mr.
857 3693 860 3700 ,
1225 3668 1227 3675 ,

193 3712 195 3717 '
257 3706 287 3762 G.
309 3711 352 3762 lo
390 3722 459 3775 qaae
478 3705 558 3759 notio
576 3706 649 3758 bona
667 3704 883 3771 attentarint]
904 3705 972 3759 Cod.
985 3705 1059 3762 Gud.
1079 3706 1148 3759 bona
1166 3705 1253 3761 notio.
1278 3705 1343 3758 Dao

186 3777 256 3834 oxa.
276 3782 350 3834 Mon.
371 3783 394 3833 Ι.
415 3777 500 3830 Vind.
520 3782 545 3832 l.
566 3777 640 3832 Gud.
661 3782 686 3831 l.
710 3777 783 3852 Aug.
813 3777 932 3830 dicenda
955 3784 1051 3841 rant,
1076 3777 1175 3830 Duisb.
1200 3793 1267 3829 cum
1285 3793 1344 3829 uno

186 3850 236 3910 Ox.
258 3849 378 3906 dicenda
396 3853 514 3911 eraat3
533 3847 613 3901 Idem
624 3848 673 3901 Ox.
694 3848 871 3917 habetqaam
889 3848 983 3916 qaia.
1002 3846 1076 3900 alius
1096 3861 1174 3914 qaam
1192 3845 1344 3918 quiaquia

211 3939 288 3976 aam
304 3921 419 3990 gravio
436 3920 582 3988 indignas.
619 3917 711 3972 Verba
730 3919 857 3989 quamvis
874 3921 1010 3988 indignor
1028 3920 1198 3973 exciderunt
1225 3920 1257 3971 in
1276 3919 1344 3973 Cod.

186 3941 259 4049 itud.
278 3997 306 4060 2,
333 3995 462 4062 itemquo
487 3991 575 4044 verba
600 3992 631 4044 a'a
658 3992 736 4046 banio
762 4008 850 4061 usque
874 3992 909 4044 ad
925 3997 1023 4059 pateat.
1060 3993 1126 4045 Post
1151 3991 1222 4060 qaod
1240 3992 1272 4042 in
1290 3991 1343 4044 Ed.

185 4067 253 4120 Dav.
270 4068 299 4122 ’3.
326 4066 464 4119 omissum
487 4071 530 4114 ost
556 4063 636 4127 enim,
666 4064 795 4133 itemque
822 4063 856 4116 in
880 4061 971 4118 an
996 4071 1025 4114 et
1049 4063 1080 4114 in
1098 4062 1251 4115 Darisiana
1271 4062 1345 4114 Oxo-

184 4138 288 4203 niensi‚
308 4153 381 4209 qaae
399 4150 474 4187 anno
491 4131 578 4186 huius
596 4135 687 4186 seculi
712 4135 812 4203 quinto
840 4133 958 4204 prodiit.
985 4135 1030 4192 ‚In
1049 4132 1116 4188 eod.
1136 4132 1211 4187 Gud.
1231 4132 1345 4206 legitur

184 4209 328 4281 quadrat
346 4207 446 4269 enim,
466 4206 498 4258 in
516 4222 573 4257 uno
589 4206 638 4259 Ox.
656 4205 733 4274 qaod
751 4221 825 4258 cum
844 4213 892 4270 eat,
912 4206 968 4258 duo
987 4206 1127 4258 omittunt
1145 4211 1197 4268 ert,
1217 4221 1343 4273 quonam

184 4298 258 4333 unus
277 4279 308 4331 in
328 4294 407 4347 seqq.
427 4277 513 4331 habet
529 4275 728 4345 improborum,
754 4278 895 4346 sineque.
915 4279 989 4329 Mon.
1008 4279 1034 4330 2.
1055 4277 1250 4340 concitatam,
1270 4293 1343 4327 unus

184 4346 234 4404 Ox.
254 4348 470 4406 exercitatam
497 4348 575 4401 idem
593 4366 661 4400 cum
678 4351 752 4401 Mon.
774 4352 798 4402 1.
827 4346 894 4402 haec
912 4347 1030 4414 quidemt
1049 4346 1144 4399 Duisb.
1171 4344 1238 4400 ttaec
1264 4350 1344 4399 aunt

186 4418 279 4490 qaae.
316 4419 390 4476 Male
409 4419 539 4474 correxit
556 4419 676 4474 Naidias
694 4418 835 4474 minimae
858 4423 938 4473 recto
955 4418 1073 4474 rataima
1097 4419 1225 4490 explicat
1243 4417 1341 4473 naha.
