2856 5084
205 278 266 344 lto
414 274 641 340 CICERONIS
661 220 913 342 TUSCULAN.
928 275 1159 342 DISPUTAT.

204 445 241 504 in
263 443 456 528 cognitione
477 460 592 504 rerum
614 443 742 522 positus
764 444 854 504 etin
878 441 1100 523 explicatione
1123 446 1282 503 naturae:
1314 444 1361 504 el-

205 528 316 586 turin
337 524 560 603 descriptione
573 523 831 604 expetendarum
847 528 881 585 fu
907 524 1267 585 iendarumvercrum:
1292 532 1360 586 tera

205 609 273 669 tius
294 609 330 668 in
350 605 541 684 iudicando,
563 605 642 688 qnid
653 608 773 686 cuique
787 607 837 667 rci
856 545 905 669 sii
923 625 1136 687 consequens,
1158 604 1238 687 quid
1257 625 1359 688 repu-

206 706 326 776 gnans:
359 688 396 748 in
419 706 484 768 quo
507 690 594 750 inest
615 690 722 750 omnis
766 709 845 756 uum
867 689 1034 751 subtilitas
1059 686 1266 766 disserendi,
1285 696 1359 751 tum

178 766 331 845 -trcri'tas
354 763 534 834 iudicandi.
588 769 661 833 Quo
689 710 819 831 tandem
843 772 950 856 igitur
972 769 1094 854 gaudio
1116 770 1202 832 affici
1224 789 1361 834 necesse

221 980 224 985 ,
277 938 349 975 unus
367 919 398 975 in
416 923 587 988 cognitione]
606 921 688 974 Unus
707 920 758 972 Ox.
778 920 862 973 Vindj
884 926 907 976 1.
926 924 954 976 2.
975 921 1049 991 Gud.
1070 921 1101 975 iu
1118 923 1357 992 cognatione.

205 993 251 1046 Ad
269 986 373 1047 verba:
393 988 466 1046 alter
488 994 518 1045 in
537 991 722 1059 descriptione
742 992 940 1044 Camerarius:
970 995 1066 1058 „Ven
1087 994 1264 1049 discretione.
1302 987 1360 1048 Sed

207 1081 259 1117 nos
278 1063 350 1117 alibi
377 1080 432 1133 pro
457 1063 576 1116 discrete
593 1061 718 1115 Venetos
739 1063 880 1131 descripte
907 1064 1068 1132 reposuisse
1088 1065 1358 1119 animadvertimus.
1394 1091 1399 1099 ·

208 1134 370 1202 Quaeritur
388 1135 482 1206 igitur
499 1138 600 1186 utrum
619 1132 749 1188 verius-f‘
770 1165 799 1175 -
828 1133 938 1198 „Fabn
957 1137 988 1187 in
1013 1134 1099 1187 deser.
1127 1151 1187 1203 erp.
1207 1137 1359 1202 fugienda·-

209 1222 302 1258 rumoe
330 1221 427 1258 rerum
458 1204 492 1257 in
519 1219 658 1256 munere
688 1203 843 1256 uiuendi.
888 1203 1009 1256 Palatia.
1038 1210 1108 1271 tert.
1139 1213 1233 1275 quart.
1261 1206 1357 1276 quint.

209 1277 324 1330 Gembl.
344 1276 611 1344 fugiendarumque
629 1291 724 1327 rerum
743 1290 782 1327 ne
799 1275 962 1328 uiuendi:
983 1283 1012 1327 et
1030 1276 1074 1327 sic
1091 1276 1154 1331 iere
1173 1293 1219 1346 pr.
1240 1275 1358 1330 secund.

208 1342 268 1400 nisi
287 1347 364 1419 quod
382 1347 524 1411 omittunt
547 1361 589 1400 ue.
624 1347 742 1414 martin.
766 1360 854 1400 vero:
882 1345 1132 1416 fugiendarumque
1149 1347 1278 1401 uiuend
1284 1347 1297 1400 i
1314 1362 1359 1400 re-

209 1419 306 1471 rum.“
324 1416 406 1470 Geblt.
430 1414 589 1481 „Turbant
605 1414 708 1478 ussti,
728 1415 850 1485 ideoque
868 1413 988 1468 dubium
1006 1432 1065 1469 non
1085 1426 1136 1482 est,
1156 1419 1229 1486 quin
1247 1410 1360 1488 aliquid

209 1489 278 1541 vitii
296 1486 393 1540 lateat.
421 1486 486 1539 Des.
508 1483 645 1540 Erasmus
665 1485 755 1554 edidit
776 1487 1011 1554 fugiendarumoe
1034 1497 1129 1540 rernm
1152 1489 1195 1541 in·
1212 1505 1360 1545 commu·

108 1591 114 1608 .
210 1560 313 1611 nione
336 1558 456 1611 vivendi
482 1557 826 1610 Cod.Fabr.reru1nin
851 1573 987 1610 munere
1011 1556 1163 1611 uiuendi.
1195 1561 1309 1612 Martia.
1329 1567 1358 1613 et

209 1621 338 1682 Petrens·
365 1629 634 1696 fugiendarumque
660 1627 773 1680 uiuendi
796 1644 900 1679 rerum.
926 1623 995 1691 Poll.
1022 1632 1048 1684 3.
1072 1631 1098 1683 4.
1125 1632 1150 1684 5.
1179 1631 1293 1683 Gembl.
1318 1629 1357 1694 (v.

209 1700 283 1753 Ann.
305 1698 410 1764 Gebh.)
436 1699 493 1752 MS.
513 1694 632 1751 Norvic.
657 1700 793 1768 proxime
811 1695 845 1750 ad
864 1716 966 1751 verum
989 1706 1188 1768 repraesentat
1206 1701 1359 1769 fugienda·

210 1787 304 1823 runroe
322 1787 418 1823 rerum
436 1776 558 1822 arteve
577 1769 695 1822 vivendi.
734 1768 886 1823 Rescribo:
915 1769 946 1820 in
964 1769 1052 1820 deser.
1081 1773 1298 1840 expetendarum
1315 1773 1360 1837 fu·

209 1843 450 1910 giendaruniqne
470 1856 564 1891 rerum
583 1845 710 1892 arteve
727 1839 889 1920 uiuendi:
917 1855 984 1891 nam
999 1838 1110 1907 ,ethice
1138 1842 1217 1894 circa
1240 1859 1288 1896 res
1313 1845 1359 1896 fu·

180 1960 182 1965 ,
210 1912 329 1988 giendas
350 1918 379 1964 et
397 1910 571 1979 expetendas
589 1916 733 1976 versatur,
752 1919 903 1979 artemque
919 1909 990 1962 adeo
1009 1910 1127 1962 vivendi
1152 1912 1359 1979 subministret,

210 1983 273 2037 sive
298 1979 392 2047 docet,
444 1981 567 2033 uomodo
593 1981 632 2034 sit
655 1981 945 2042 vivendum.“-Dav.
974 1979 1029 2032 Ed.
1050 1982 1074 2036 l.
1094 1980 1183 2034 Addit
1201 1983 1233 2035 in
1250 1984 1304 2037 Ed.
1324 1987 1358 2039 2:

209 2052 349 2124 „Apulei
375 2053 410 2105 de
457 2052 525 2103 abit.
551 2051 633 2104 Dect.
655 2042 725 2103 Plat.
745 2069 775 2122 p·
794 2053 860 2108 6⁰6:
886 2049 1029 2113 lustitiam
1050 2068 1126 2119 uero,
1151 2053 1222 2118 qteod
1248 2068 1283 2107 esc
1306 2055 1359 2108 tti-

211 2126 257 2178 uis
286 2123 397 2179 animae
427 2121 592 2188 regionibus
621 2138 723 2190 sparsa
748 2120 795 2186 eit,
821 2125 934 2173 ortem
958 2121 1101 2176 uiuendi
1123 2138 1157 2176 ac
1181 2124 1360 2192 disciplinam

210 2202 303 2263 putat.
338 2190 412 2246 Vide
435 2192 632 2266 Augustinum
656 2192 688 2244 C.
716 2193 750 2244 lt.
772 2192 825 2248 lv.
849 2191 916 2251 21³⁴
954 2192 1024 2246 cod.
1047 2193 1133 2250 vino.
1155 2198 1179 2248 1.
1204 2196 1278 2249 alter
1306 2201 1360 2264 fu·-

211 2265 423 2334 giendarum
459 2264 792 2332 repetendarumque
828 2279 922 2314 rerum
957 2263 995 2317 in
1030 2265 1271 2321 communione
1306 2267 1361 2320 ui-

211 2337 325 2390 uendi.
362 2335 448 2388 Marb.
470 2335 853 2402 fugiendarumquereram
871 2333 950 2386 bene
967 2336 1122 2389 uiuendi.
1160 2338 1233 2390 Cud.
1261 2337 1292 2392 in
1311 2339 1361 2393 di·-

209 2406 478 2474 captatione-
499 2404 749 2473 fugiendarumque
775 2421 885 2457 rerum:
921 2404 1009 2464 Rehd.
1038 2406 1361 2478 in-,eupetenditione

212 2479 276 2543 (sic)
310 2474 525 2546 expetendarum
551 2476 784 2543 fugiendarumoe
811 2491 905 2528 rerum
932 2477 1017 2529 dene
1041 2479 1195 2535 uiuendi.
1231 2484 1306 2533 Mon.
1333 2486 1359 2536 1.

212 2565 307 2602 rerum
333 2546 474 2609 minime
500 2545 651 2602 uiuendi.
688 2549 764 2602 Mon.
791 2548 816 2601 2.
846 2563 942 2598 rerum
968 2547 1122 2605 uiuendi.
1153 2550 1227 2604 Gnd.
1257 2556 1281 2605 l.
1311 2553 1362 2605 di·
1413 2601 1417 2620 ,

212 2620 365 2687 scriptione
384 2645 416 2654 -
435 2617 700 2685 fugiendarumque
718 2629 912 2678 vererumne
930 2616 1086 2684 uiuendi,
1105 2619 1180 2676 Gud.
1203 2623 1229 2683 2.
1248 2621 1361 2688 fugien-

213 2691 383 2758 darumque
409 2704 448 2740 oe
472 2704 565 2739 rerum
590 2686 748 2740 uiuendi.
784 2685 883 2740 Duisb.
904 2705 1040 2741 rentmee
1065 2689 1102 2747 in
1124 2684 1222 2744 muni
1240 2689 1358 2759 uiuendi.

212 2747 283 2835 ileg.
310 2758 552 2827 fugiendarumqu
597 2765 698 2810 rerum.
738 2754 818 2811 Unus
839 2759 889 2814 Ox.
917 2754 1038 2824 uttiod.
1056 2754 1141 2813 Febr.
1156 2757 1242 2836 “alius
1265 2779 1362 2827 rerum

213 2833 360 2885 ratione
377 2829 542 2895 uiuendi,
558 2775 618 2881 duo
636 2835 670 2881 ut
688 2831 762 2881 illan.
782 2831 808 2886 2.
828 2830 919 2904 liturg.
939 2820 996 2883 MS.
1015 2828 1080 2884 Asc.
1100 2838 1215 2886 nostrae
1235 2850 1290 2888 sce.
1309 2831 1361 2903 ha-

211 2902 261 2956 bet
290 2902 341 2967 (ed
365 2919 392 2954 v.
422 2901 532 2964 rerum)
561 2894 617 2950 ilic
642 2896 778 2952 nonnulli
802 2899 945 2952 adiiciunt
968 2903 998 2956 in
1029 2903 1218 2956 communione
1240 2903 1359 2958 uiuendi.

212 2973 363 3026 Nimirum
390 2972 443 3024 Ed.
462 2970 497 3023 E.
523 2970 678 3039 eademque
696 2968 861 3036 livinitus,
890 2971 940 3024 sed
957 2972 1074 3024 uncinis
1092 2973 1213 3038 inclusa,
1241 2970 1361 3030 addidit.

211 3036 265 3097 Ed.
285 3046 355 3097 Ven.
376 3042 434 3095 Ait.
454 3040 540 3094 habet
558 3058 654 3093 rerum
676 3040 707 3092 iu
725 3057 837 3093 munere
861 3040 981 3107 uiuendi,
1003 3046 1042 3094 ‘ut
1061 3042 1130 3096 Cod.
1150 3044 1252 3108 Fabr.;
1280 3044 1361 3099 Junts

212 3112 327 3166 otnittit
351 3130 454 3166 rerum.
472 3116 506 3164 V.
532 3121 561 3164 et
585 3112 654 3164 Rob.
683 3110 783 3180 steph.
808 3112 985 3176 discretione,
1011 3112 1072 3166 sola
1097 3114 1194 3167 Lntnb.
1214 3114 1292 3173 1566.
1317 3117 1362 3179 fu·

213 3185 462 3252 giendarumque..
497 3184 598 3259 Pergit
623 3200 698 3233 unus
718 3181 767 3235 Ox.
795 3190 813 3238 t.
840 3183 870 3234 in
889 3178 1067 3246 iudicanda,
1095 3183 1168 3238 alius
1186 3186 1207 3241 t.
1227 3188 1258 3240 in
1276 3183 1363 3240 indi·

214 3257 313 3308 cando.
351 3245 426 3305 Tum
452 3253 526 3306 Gud.
553 3253 650 3321 'cuique
675 3267 786 3304 rernm.
806 3252 874 3329 ch.
896 3269 929 3305 ne
948 3255 1024 3324 quid.
1061 3253 1142 3307 Unus
1169 3256 1218 3309 Ox.
1238 3259 1314 3310 Mon.
1334 3260 1361 3313 2.

213 3319 285 3395 Edd.
306 3326 340 3379 Α.
359 3325 389 3378 Β.
411 3324 439 3378 S.
458 3325 492 3376 Ε.
515 3323 544 3377 C.
575 3323 635 3388 [scd
661 3325 692 3374 in
715 3342 805 3398 marg.
836 3331 869 3376 ut
892 3323 958 3392 nos]
982 3327 1053 3376 Ven.
1084 3335 1173 3378 nostr.
1203 3327 1268 3379 Asc.
1290 3333 1313 3383 l.
1333 3323 1360 3382 2.

212 3390 294 3451 dunt.
317 3398 416 3451 Herw.
435 3401 461 3460 1.
482 3397 507 3448 2·
535 3395 572 3447 sit
596 3395 815 3447 conveniens.
858 3392 902 3446 Ad
929 3394 1105 3448 locutionem
1121 3397 1190 3451 uid.
1221 3399 1361 3453 Goerenz.

213 3469 248 3521 ud
267 3469 327 3524 cic.
348 3464 451 3521 Acedd.
472 3466 495 3517 1.
515 3468 541 3520 5.
560 3483 588 3535 p.
609 3468 652 3518 31.
678 3465 727 3516 ubi
749 3464 886 3517 laudatur
913 3465 973 3517 Cic.
995 3464 1041 3522 Or.
1062 3470 1106 3529 32,
1127 3467 1192 3524 1'15:
1221 3469 1286 3538 quid
1304 3464 1373 3531 'cuir'

214 3557 264 3608 que
291 3554 455 3608 consequens
482 3538 529 3601 sit,
556 3537 670 3605 quidque
701 3537 884 3588 contrarium.
928 3537 991 3588 Duo
1011 3537 1080 3590 Oxx.
1107 3536 1214 3590 hebent
1237 3547 1279 3592 est
1308 3557 1363 3611 pro

212 3612 295 3673 inest,
323 3609 397 3661 alius
422 3607 542 3660 omnium
569 3621 624 3675 pro
648 3606 745 3669 omnis,
770 3606 844 3658 ltlon.
868 3611 892 3660 l.
917 3604 1004 3660 h'nbet
1027 3609 1216 3675 inenormis,
1246 3612 1362 3665 inverso

212 3679 324 3744 ordine,
344 3686 376 3732 ut
394 3679 466 3731 Edd.
487 3678 520 3733 V.
539 3676 607 3729 ilob.
627 3675 725 3746 steph.
746 3677 844 3730 Herw.
883 3678 942 3733 Mr.
1256 3703 1257 3711 κ

283 3751 373 3803 otnnis
398 3762 495 3820 quum
520 3747 659 3815 'subtilitas
683 3747 850 3810 disserendi,
877 3754 945 3814 tum
971 3746 1076 3801 ueritas
1104 3749 1275 3815 iudicandi]
1319 3752 1364 3805 na
1388 3808 1391 3814 ,

211 3824 372 3875 necessario
391 3824 444 3890 pro
464 3827 520 3872 tum
531 3846 562 3854 —
574 3822 639 3880 tunt,
660 3817 748 3870 etiam
766 3819 828 3870 sine
847 3817 941 3875 libris.
962 3819 1146 3872 scribendum
1164 3823 1224 3872 fuit
1241 3830 1309 3892 post
1321 3834 1363 3884 ea,

212 3899 283 3960 quae
301 3887 455 3945 verissime
473 3889 624 3959 praecepit
635 3881 842 3961 Stuercnburg.
861 3887 904 3940 'ad'
918 3889 978 3944 Cic.
997 3900 1052 3958 pro
1063 3889 1151 3945 Arch.
1171 3894 1248 3959 polit.
1268 3909 1297 3969 p.
1311 3895 1364 3949 164

210 3969 271 4085 pu
296 3954 522 4088 titiis
536 3956 833 4082 &diffiniti
855 3958 1364 4087 titt.tttit.tttitt³⁵1.⁰t³t·

274 4074 280 4086 .
370 4072 376 4086 .
415 4071 420 4083 ·
524 4065 530 4080 ⁶
617 4065 636 4094 ·>
828 4065 836 4091 9
1121 4081 1127 4087 ,
1212 4070 1218 4084 ι

213 4051 273 4161 ΟΞ
285 4111 328 4156 est
346 4101 493 4156 deserendi
508 4103 563 4171 pro
583 4101 748 4152 asserendi.
786 4098 864 4157 Mn,

211 4237 232 4295 0
281 4173 362 4298 aldid
380 4174 557 4297 ηῶσὲρὲὲῖεεὲ
567 4169 706 4293 iqpiqntgs
720 4169 953 4296 qniquetp,]ll‘po
963 4176 1014 4296 {pli
1032 4170 1140 4309 lpabqpt
1155 4176 1238 4298 esqpltt
1250 4176 1363 4310 peptpm

234 4262 370 4298 nne.
421 4255 650 4296 cumn..
699 4256 943 4296 mm...
1010 4282 1063 4298 ..
1122 4254 1165 4297 en.
1241 4284 1270 4297 ..
1330 4264 1363 4300 ro

210 4312 255 4367 tris
272 4322 317 4368 est
335 4261 363 4366 εξ
382 4314 409 4375 (a
428 4318 451 4367 l.
473 4313 524 4376 m.)
542 4313 576 4363 ln
597 4309 663 4366 Cod.
685 4309 773 4365 litai-b.
800 4299 927 4375 Inllon.
948 4312 974 4367 2.
1000 4319 1042 4365 cst
1059 4313 1110 4378 iis,
1127 4310 1274 4377 ‘inssDuisu
1296 4315 1361 4372 tiis.

210 4384 253 4437 Ad
273 4400 351 4453 seqq.
376 4382 468 4440 deon.
493 4383 525 4436 in
543 4382 601 4435 Pal.
628 4390 723 4452 quart.
744 4401 806 4438 esse
831 4386 871 4436 nit
888 4389 1096 4453 pernoctetnqu'e
1122 4384 1242 4442 addens:
1271 4405 1365 4455 „con-
