2856 5084
200 261 261 329 1st
401 243 630 324 monemus
652 257 898 325 tusconen
922 257 1154 323 ntsoornr.

87 416 89 421 ’
201 407 279 493 rent
309 426 457 491 dolorem
488 434 522 488 et
542 424 774 504 reformidant,
806 425 943 508 reliquis
975 423 1108 507 quidem
1141 425 1220 486 licet
1240 425 1351 498 fecere

100 530 103 535 ⁴
201 509 250 590 id,
271 509 361 593 quod
381 513 451 571 fere
467 509 608 586 'faciunt
637 517 675 570 ut
695 509 896 597 gravitatem
911 505 1186 595 dignitatemque
1209 507 1349 568 virtutis

201 601 411 678 exaggerent.
457 587 562 655 Quam
584 611 685 672 quum
707 589 749 652 ad
771 590 900 652 caelum
914 589 1114 662 extulerint,
1128 587 1219 670 qood
1239 592 1351 652 iecere

201 677 393 756 eloquentes
414 672 565 735 homines
586 674 719 754 copiose
741 673 866 748 solent3
895 673 1025 754 reliqua
1046 691 1085 732 ex
1106 672 1283 734 collatione
1304 674 1353 734 fa·
1419 701 1421 704 ·

201 758 266 819 cile
286 763 336 818 est
356 766 531 819 conterere
551 764 652 837 atque
673 761 896 818 contemnere.
922 754 995 816 Nec
1016 755 1105 816 enim
1121 752 1201 816 licet
1215 755 1269 834 iis,
1282 755 1353 834 qui

199 836 333 901 laudem
354 857 429 899 cnm
451 838 570 900 dolore
591 835 768 920 petendam
789 856 860 898 esse
888 835 1009 915 dicant,
1042 835 1166 920 negare
1194 855 1250 898 eos
1279 855 1360 897 esse·

199 922 326 999 beatos,
348 923 404 1002 qui
425 922 515 982 illam
536 918 647 1002 adepti
669 926 757 982 suni.
800 919 1003 1000 Quemquam
1030 920 1119 981 enim
1141 919 1209 979 sint
1228 920 1265 978 in
1282 920 1355 999 qui·

199 1001 336 1067 busdam
357 1003 463 1082 malis,
484 1011 595 1065 temen
616 1001 679 1063 hoc
699 1021 821 1064 nomen
842 1001 930 1063 beati
951 1003 1048 1087 longe
1070 1009 1105 1064 et
1125 1000 1191 1063 late
1212 1008 1313 1083 patet.

174 1206 177 1213 ·
201 1193 245 1274 est
261 1186 374 1279 Cicero.
411 1191 464 1244 Est
480 1198 577 1244 tamen
595 1189 629 1242 de
647 1188 736 1271 i'inn.¹
750 1188 788 1242 11.
810 1191 857 1245 16:
876 1188 937 1258 ipse
955 1202 985 1242 ee
1003 1189 1111 1243 cruciat
1125 1186 1271 1259 omniaque
1287 1191 1303 1256 f
1337 1219 1353 1231 ·

201 1262 396 1404 „qdarteiianil
412 1331 519 1403 quidem
536 1333 602 1387 licet
625 1323 720 1400 facere
737 1328 791 1398 ld,
819 1324 891 1401 qnod
907 1330 969 1398 fere
986 1301 1116 1398 radunt,
1135 1335 1167 1384 ut
1186 1327 1232 1397 -,-]
1268 1328 1354 1394 ,,Αιι-

105 1437 107 1441 2
202 1404 308 1458 otiores
324 1405 517 1475 provocabulo
534 1403 569 1457 id
585 1411 652 1456 sunt
665 1418 768 1467 ,omnes
787 1401 873 1456 Godd.
892 1401 995 1469 nostri,
1018 1398 1148 1453 vatican.
1169 1399 1353 1471 Victoriique

202 1472 322 1529 editio.“
341 1472 423 1528 uest.
445 1506 478 1517 -
496 1473 583 1527 Abest
598 1474 736 1527 videlicet
753 1471 786 1526 id
804 1472 836 1524 ab
854 1471 926 1525 Edd.
946 1473 983 1528 M.
1002 1473 1035 1524 h.
1054 1470 1243 1525 Alutambb.
1263 1471 1350 1525 Goth.

202 1545 266 1600 Car.
287 1545 386 1616 Steph.
406 1544 488 1602 Ronl.
509 1543 588 1615 sylb.
607 1547 687 1598 Brut.
707 1559 760 1597 nec
777 1558 847 1596 vero
864 1559 881 1594 a
899 1540 984 1597 Godd
1003 1539 1081 1610 MSS.
1101 1540 1265 1595 iunxerunt
1281 1558 1353 1596 vero

201 1616 337 1687 plerique
355 1615 389 1670 id
406 1617 479 1687 qood
495 1617 685 1686 praecedente
696 1613 889 1667 ‘distinctione
906 1622 971 1684 post
988 1613 1099 1678 faceres
1131 1612 1225 1684 qualis
1252 1612 1356 1666 distin-

203 1687 262 1739 ctio
280 1702 330 1740 sno
348 1687 412 1741 loco
430 1687 545 1758 probari
585 1695 672 1740 otest:
691 1693 789 1739 nostro
807 1685 872 1738 loco
890 1699 949 1737 non
966 1685 1046 1738 item.
1064 1682 1144 1736 Dicit
1163 1683 1242 1736 enim
1258 1683 1364 1743 licere,

202 1756 334 1839 reliquis,
353 1757 510 1811 secundum
533 1705 646 1811 scbolae
670 1756 808 1826 cuiusque
826 1771 891 1808 snae
908 1755 1064 1826 principia,
1092 1755 1123 1807 id
1146 1755 1253 1820 facere,
1277 1757 1355 1824 quod

201 1829 265 1881 fere
283 1828 405 1894 faciunt,
429 1828 569 1880 nimirum
591 1837 625 1880 ut
646 1827 819 1902 gravitatem
843 1825 1072 1902 dignitatemque
1095 1824 1214 1877 virtutis
1233 1841 1356 1900 exagge-

203 1900 308 1952 renti.
328 1915 352 1951 e.
378 1899 554 1970 praedicent,
578 1897 696 1952 laudent
720 1897 785 1962 (nec
801 1912 885 1951 vero:
920 1896 997 1949 ultra
1024 1894 1149 1948 modum
1166 1894 1355 1968 debitumque

204 1969 365 2035 extollant).
405 1969 625 2040 Vereprofere
644 1968 736 2022 estin
754 1967 825 2020 Edd.
846 1965 923 2023 Orat.
944 1975 973 2020 et
991 1967 1089 2021 Herw.
1109 1971 1135 2021 l.
1173 1965 1232 2020 Mr.
1256 1966 1258 1970 ’

277 2057 385 2128 reliqua
403 2074 438 2111 ex
457 2057 614 2112 conlatione
632 2057 718 2125 focile
736 2063 777 2111 eet
794 2054 947 2125 conterm]
984 2054 1073 2129 „Duo
1091 2055 1211 2108 Palatia.
1239 2051 1355 2110 secun'd.

205 2137 300 2252 poert.
318 2129 427 2200 reliqua
447 2144 480 2181 ex
498 2129 693 2183 consolatione.
729 2128 833 2180 Nescio
854 2144 940 2197 quam
958 2124 1061 2197 bene.“
1079 2123 1161 2180 Geth.
1199 2126 1270 2193 „Ex
1287 2129 1356 2196 ‘coi-

218 2199 324 2254 alt'onee
347 2207 417 2269 puto
443 2215 501 2252 esse
527 2201 609 2252 analo
631 2200 695 2252 iam.
725 2199 788 2251 vid.
808 2197 886 2250 Glav.
913 2196 945 2248 in
967 2195 998 2250 h.
1017 2195 1067 2249 v.“
1085 2196 1153 2250 Era.
1189 2197 1243 2263 „E
1260 2198 1357 2251 notio-

202 2287 274 2336 num
292 2267 526 2326 coniunctione.“
545 2269 598 2324 Net'
618 2270 671 2336 ius,
690 2269 828 2341 probante
851 2267 999 2321 Kiihnero.
1036 2267 1186 2322 Nissenius
1209 2267 1355 2352 explicat:

203 2341 410 2410 „reliquarum
428 2358 528 2395 rerum
545 2339 613 2394 'cum
636 2341 747 2394 virtute
774 2340 850 2391 facta
869 2338 1093 2460 comparatione,
1121 2354 1205 2408 quam
1228 2346 1287 2391 emt
1305 2355 1357 2392 eae

204 2412 437 2476 contemnendae,
456 2411 543 2465 facile
560 2412 671 2481 patet.“
707 2411 859 2463 Conterere
877 2426 931 2479 exp
947 2409 1041 2461 icatur
1066 2409 1097 2466 in
1121 2423 1194 2461 nova
1210 2408 1264 2463 lid.
1283 2409 1360 2462 For-

205 2481 464 2548 celliniref‘ulare.
500 2482 597 2549 Recte,
616 2482 640 2533 si
658 2480 805 2547 refutandi
826 2479 948 2533 verbum
972 2495 1029 2531 non
1043 2478 1201 2554 >intelligas
1219 2479 1360 2535 wider-

205 2550 328 2626 legen,
347 2553 495 2618 refellere,
513 2552 695 2627 redarguere,
714 2550 772 2617 sed,
796 2550 922 2620 aliquam
942 2566 1005 2603 rem
1023 2549 1141 2602 futilem
1160 2566 1218 2604 esse
1235 2566 1268 2602 ac
1286 2551 1368 2610 nul-·

205 2622 263 2673 lius
281 2622 380 2690 pretii,
399 2623 603 2678 demonstrare.
641 2622 777 2675 Ceterum
791 2621 905 2696 legitur
921 2620 953 2671 in
971 2619 1057 2673 Codd.
1077 2623 1151 2674 Mon.
1170 2623 1196 2676 1.
1217 2627 1245 2673 et
1262 2620 1354 2676 Marb.

205 2697 371 2746 aontmere.
409 2693 467 2747 Mr.
1052 2708 1053 2711 ¹
1244 2701 1249 2708 '
1291 2706 1294 2709 ·

277 2761 336 2816 Nec
353 2760 424 2817 enim
442 2763 507 2818 licet
523 2761 568 2827 iis,
588 2762 637 2831 qm·
654 2760 700 2827 -]
737 2761 823 2816 Godd.
849 2763 924 2814 Mon.
948 2765 972 2816 l.
997 2759 1088 2816 Rebd.
1123 2758 1240 2832 Neque
1265 2761 1358 2828 enim,-

206 2851 279 2886 unus
299 2833 350 2886 Ox.
370 2849 427 2887 non
446 2833 532 2886 babet
550 2832 632 2887 enim.
670 2834 724 2886 Pro
750 2832 788 2886 iis
805 2841 848 2885 est
874 2829 921 2884 bie
946 2831 977 2882 in
995 2832 1080 2888 Godd.
1099 2832 1168 2908 Reg.
1188 2831 1261 2886 Gud.
1281 2832 1307 2883 1.
1328 2835 1359 2888 2.

205 2907 282 2958 Mon.
304 2909 328 2959 l.
357 2904 447 2958 Rehd.
477 2902 552 2956 (iud.
578 2902 634 2956 Ed.
657 2903 726 2955 Dav.
752 2911 781 2956 et
806 2919 841 2956 ex
862 2911 933 2956 vett.
959 2901 987 2956 S.
1007 2902 1042 2955 E.
1071 2903 1147 2972 quod
1163 2902 1219 2955 hoc
1239 2901 1360 2971 quidem

206 2976 271 3028 loco
294 2991 351 3028 non
376 2974 520 3046 improbat
543 2972 639 3026 Kiihn.
678 2972 751 3027 Mihi
773 2987 844 3026 vero
868 2973 973 3027 melior
1002 2973 1143 3042 sententia
1172 2973 1299 3038 videtur,
1332 2974 1361 3026 si

206 3046 341 3099 universe
359 3047 451 3129 magis
469 3045 645 3110 enuntiatur,
673 3061 758 3112 quam
782 3045 807 3098 si
825 3045 860 3097 ad
878 3051 971 3097 certos
990 3043 1123 3114 quosdam
1147 3043 1207 3096 sive
1225 3044 1361 3097 refertur

207 3115 269 3168 sive
287 3115 484 3190 restringrtur.
519 3115 586 3168 Cede
605 3113 714 3181 Duisb,
739 3114 770 3167 in
787 3131 854 3186 quo,
881 3124 915 3167 ut
931 3115 993 3168 fere
1012 3131 1135 3184 semper,
1165 3123 1208 3168 est
1231 3112 1298 3179 tiis,
1324 3115 1360 3167 in

207 3201 287 3255 seqq.
306 3185 392 3238 habet
414 3185 525 3239 laudem
548 3201 611 3238 eam
632 3182 780 3240 bonore:
808 3186 926 3261 egregia
948 3185 1062 3237 scilicet
1086 3184 1201 3238 librarii
1225 3184 1361 3238 emenda·

208 3255 296 3309 tinne.
334 3255 396 3309 Duo
415 3256 485 3312 Oxx.
503 3255 609 3309 habent
623 3256 779 3325 ponendam
796 3274 848 3327 pro
863 3257 1021 3326 petendam.
1058 3255 1118 3309 Mr.
1281 3282 1285 3287 ·
1311 3274 1313 3279 ’

279 3324 428 3450 Ρεῑῦηάαηι
452 3342 511 3381 esre
533 3324 644 3392 dicant]
681 3326 729 3380 Sic
755 3329 824 3402 Reg.
848 3326 994 3381 Pithoean.
1031 3333 1060 3379 et
1084 3325 1158 3379 Med.
1192 3324 1287 3400 Vulgo
1313 3325 1362 3379 di·

208 3403 283 3450 cunt.
350 3436 358 3449 .
596 3432 597 3436 ,
874 3431 876 3434 <

278 3468 424 3536 petendam
442 3483 504 3522 esse
521 3467 625 3535 dicant]
653 3468 775 3544 „Vulgo
794 3467 904 3522 dicant.
924 3470 1012 3522 male:
1029 3467 1065 3520 'ut
1082 3475 1147 3539 post
1164 3463 1260 3539 adepti
1277 3474 1361 3519 eunt

207 3553 262 3660 pro
281 3555 337 3610 qtro
357 3539 497 3607 edidimus
515 3539 611 3608 adepti
628 3538 708 3592 sint.
730 3565 759 3576 -
780 3538 885 3599 Dicant
908 3547 938 3592 et
954 3539 1008 3592 Ed.
1028 3546 1110 3592 vetus
1133 3555 1177 3608 ap.
1196 3536 1361 3593 Buberium

230 3608 303 3676 abet,
327 3610 379 3678 qui
402 3609 444 3678 sic
472 3617 501 3662 ct
527 3614 593 3663 cnm
615 3609 731 3662 Davisio
753 3609 875 3663 edidit.“
895 3611 961 3664 Erre.
998 3609 1066 3664 Non
1090 3609 1132 3662 ite
1154 3607 1245 3662 edidit
1261 3605 1358 3660 Βοιὼ.

207 3679 406 3804 sed'probavit
423 3679 527 3734 dicant.
562 3679 618 3733 Est
635 3679 733 3735 dicant
752 3681 784 3733 in
802 3680 886 3734 Godd.
905 3682 974 3756 Reg.
995 3679 1069 3734 Gud.
1090 3683 1113 3735 1.
1132 3678 1217 3732 Vind.
1235 3681 1260 3733 l.
1281 3677 1359 3734 Gnd.
1391 3682 1395 3687 '

119 3752 122 3758 '
207 3749 269 3803 Reh
289 3790 297 3805 .
314 3749 411 3803 Duisb.
440 3768 488 3803 sex
506 3751 576 3805 Oxx.
595 3750 667 3806 Edd.
685 3751 753 3803 Dav.
780 3752 852 3804 Em.
872 3748 955 3805 Schz.
981 3751 1077 3808 Wolf.
1104 3751 1152 3803 Or.
1172 3739 1266 3802 Nnbb.
1281 3746 1359 3800 Tbn.

208 3822 275 3874 Nun
294 3821 512 3892 improbandum
530 3828 602 3874 esset
620 3819 728 3874 dicunt:
754 3821 806 3886 sed
819 3837 873 3875 nec
897 3821 1074 3893 optimorum
1099 3819 1242 3873 librorum
1260 3826 1362 3872 aucto·

191 3892 278 3960 ¹nites
298 3893 472 3963 spernenda:
500 3893 531 3944 in
555 3891 659 3944 talibus
682 3892 760 3944 enim
786 3891 878 3958 rebus,
907 3893 956 3946 ubi
982 3891 1191 3964 acogitetione
1208 3889 1363 3942 scribentis

207 3963 323 4031 pendet,
343 3964 402 4017 sive
421 3963 612 4016 indicativum
630 3962 691 4026 ille,
711 3963 771 4015 sive
789 3962 1010 4016 coniunctivum
1033 3961 1107 4014 velit
1126 3977 1245 4031 ponere,
1274 3957 1363 4012 libris

208 4035 366 4103 parendum
383 4033 502 4086 ridetur
520 4033 645 4103 optimis.
675 4059 709 4071 -
746 4032 891 4087 Scribitur
908 4033 999 4087 illos
1023 4045 1087 4086 'esse
1104 4032 1135 4082 in
1154 4030 1241 4086 codd.
1259 4030 1362 4084 Duisb.

209 4111 239 4155 et
256 4104 340 4158 Vind.
361 4108 397 4169 1.‚
425 4118 487 4157 esee
505 4118 552 4157 eos
579 4103 610 4154 in
629 4104 701 4158 Gud.
721 4106 747 4158 2.
784 4103 884 4178 Pergit
901 4103 985 4157 Vind.
1006 4107 1041 4160 1.’
1059 4100 1107 4172 qui
1130 4101 1245 4154 illene
1281 4100 1365 4166 Quod

209 4174 293 4227 modo
311 4174 372 4227 dixi
390 4173 425 4230 de
443 4171 539 4229 dicant
556 4173 632 4226 idem
655 4173 808 4228 dicendum
833 4182 876 4236 est
900 4173 936 4228 de
954 4173 1112 4244 scriptione
1135 4173 1192 4226 sint
1215 4171 1265 4224 'vel
1288 4177 1363 4224 sunl.

208 4243 288 4296 Illud
306 4245 330 4294 si
349 4252 420 4297 esset
439 4245 469 4296 in
488 4243 606 4315 optimis
623 4244 716 4309 libris,
734 4246 929 4315 praeferrem:
958 4261 1035 4297 nunc
1060 4260 1126 4296 cum
1149 4247 1213 4296 stat
1236 4240 1364 4294 habeant

208 4313 294 4367 cndu
316 4329 422 4379 omnes,
441 4314 522 4367 nolui
539 4316 695 4370 Ernestnm
714 4315 804 4385 sequi,
824 4317 886 4388 qui,
905 4316 963 4370 sint
981 4315 1116 4380 scribens,
1143 4311 1291 4367 neminem
1309 4312 1363 4366 ha-

208 4383 271 4438 buit
290 4386 499 4454 obsequentem.
537 4387 597 4439 Mr.
1258 4384 1263 4425 ἶ
