2856 5084
195 199 258 308 sio
395 202 895 318 c1cuuou1srusoumu.
920 231 1151 307 aasrumr.

197 407 354 476 civitatis,
381 408 504 479 ferunt,
539 423 639 485 quum
673 402 878 465 coenavisset
906 399 996 482 apud
1021 400 1347 478 Platonem,·eoque

135 532 137 537 ·
197 466 353 551 coirvivio
376 484 552 547 admodum
573 484 756 547 delectatus
779 492 877 561 esset,
897 482 1103 562 vidissetque
1124 501 1199 542 eum
1221 481 1346 560 postri-

139 618 141 621 -
197 570 261 642 die,
284 569 424 630 dixisse:
454 567 586 631 Vestrae
608 567 732 648 quidem
754 586 868 628 coenae
888 585 952 628 aaa
973 563 1070 626 solum
1092 567 1127 626 iu
1147 565 1346 642 praeseutia,

193 651 254 716 'sed
274 655 366 714 etiam
385 659 515 730 postero
539 651 590 714 die
611 650 766 719 iucundae
786 657 873 721 sunt,
918 645 1023 714 Quid?
1054 645 1141 729 quod
1162 665 1204 706 ue
1235 653 1348 735 inepta

193 773 1353 786 *mquam-mmmmm

195 836 310 891 uidisset
331 835 469 902 postridie
489 812 608 900 (omisso
632 851 681 904 que
704 834 789 896 eum).
828 834 908 887 Unus
927 834 976 887 Ox.
1006 832 1118 882 omittit
1144 837 1224 883 esset.
1254 831 1347 884 Rehd.

191 907 313 960 'exhibet
335 907 503 975 vidisseque
531 933 564 942 -
591 910 625 958 et
649 906 765 958 dixisse.
796 903 871 956 Gud.
897 920 958 956 eum
980 907 1044 970 post
1068 901 1245 966 triduum,
1272 920 1350 954 unus

197 978 247 1032 Ox.
268 995 327 1030 eam
344 978 547 1044 posteriori
572 976 628 1040 die,
655 977 738 1028 Vind.
759 981 783 1031 1.
810 975 921 1027 omittit
938 972 1082 1043 postridie.
1120 974 1180 1025 Mr.

270 1065 390 1127 Vestrae
416 1066 526 1135 quidem
551 1063 649 1130 cenae]
683 1064 799 1135 Duplex
822 1070 884 1119 erat
901 1064 986 1125 fama,
1015 1061 1090 1130 quod
1107 1068 1187 1132 patet
1204 1079 1240 1115 ex
1256 1059 1351 1116 Athe-

197 1150 266 1188 naeo
284 1134 334 1185 lib.
354 1137 386 1186 X.
413 1142 478 1226 pag,
498 1138 560 1193 419.
604 1128 751 1201 Τιμόθεος,
781 1134 887 1203 inquit,
919 1128 933 1186 ὁ
958 1125 1087 1191 Κόνωνος
1115 1160 1144 1194 τ
1168 1134 1276 1200 ἀφελῶς
1300 1133 1351 1186 udi

196 1211 336 1279 peruersis
354 1207 414 1272 ἔφη,
434 1209 470 1266 ὼς
488 1205 517 1264 οἱ
535 1202 753 1274 aaqd‘lIldtarr
771 1205 956 1267 δειπνοῦντες,
983 1204 1028 1254 καὶ
1050 1202 1236 1273 τῇῠστεραίᾳ
1248 1206 1350 1261 -καλῶς

197 1285 338 1346 γίνονται·
355 1270 542 1345 Ἡγήσανδρος
558 1277 590 1329 δὲ
608 1275 639 1329 ἓν
656 1281 711 1338 τοῖς
737 1275 936 1342 ὑπομνήμασιν
954 1274 1015 1343 ἔφη,
1044 1269 1081 1333 ὦς
1104 1275 1150 1326 καὶ
1168 1280 1199 1326 r*
1218 1274 1350 1343 ὑστεραίᾳ

198 1347 216 1401 o‘
237 1340 376 1414 Τιμόθεος
393 1344 548 1414 ἀπαντήσας
566 1351 604 1412 aqi
621 1342 746 1400 Πλάτωνι
764 1340 848 1411 εἶπεν,
866 1345 966 1412 Ὑμεῖς,
986 1338 1142 1409 datisne,
1162 1293 1198 1399 ei
1212 1343 1348 1397 δειπνεῖτε

197 1421 302 1486 μᾶλλον
319 1417 359 1482 εἰς
375 1412 424 1482 τὴν
442 1415 598 1494 ὑστεραίαν,
621 1416 638 1484 ἢ
658 1417 698 1476 εἷς
716 1413 766 1484 τὴν
782 1417 928 1485 παροῦσαν
950 1410 1063 1484 ἡμέραν.
1101 1416 1178 1467 Haec
1197 1416 1352 1486 exscripsit

198 1487 333 1542 Aelianus
357 1489 390 1546 V.
411 1488 446 1551 H.
471 1489 519 1539 lib.
542 1488 578 1547 11.
606 1505 664 1558 cap.
686 1490 727 1542 18.
773 1488 859 1541 Plura
889 1486 1080 1556 suppeditabit
1102 1488 1177 1542 Petr.
1202 1486 1352 1546 Victorius

197 1553 263 1613 Van
282 1560 361 1622 Lect.
381 1558 431 1609 lib.
450 1558 555 1611 xvltt.
576 1576 637 1629 cap.
656 1562 682 1613 3.
720 1556 756 1613 D..

273 1648 390 1702 Vestrae
416 1647 553 1714 'quidem
579 1646 697 1712 coenae]
735 1646 859 1712 „Malim
883 1645 1009 1714 equidem
1031 1643 1095 1714 (pro
1114 1644 1232 1712 quidem)
1255 1637 1353 1697 ut'est

198 1716 230 1768 iu
249 1716 317 1775 cot.
337 1720 406 1792 Reg.
428 1719 534 1770 duobus
551 1718 650 1770 Leidd.
669 1718 722 1770 Ed.
741 1735 806 1771 mea
822 1724 921 1770 vetere
939 1717 1004 1772 Ald.
1023 1715 1119 1768 aliis.“
1140 1712 1226 1767 Bauli.
1263 1716 1353 1790 Legi-

199 1795 248 1839 tur
265 1805 347 1854 aerae
365 1789 397 1838 in
414 1805 477 1844 uno·
491 1790 540 1842 Ox.
561 1804 614 1856 pro
632 1795 747 1853 restrae,
777 1788 807 1838 in
825 1788 881 1839 alio
901 1788 951 1841 Ox.
971 1795 1000 1840 et
1017 1787 1101 1838 Vind.
1121 1789 1146 1840 2.
1166 1788 1254 1838 'Tuae
1273 1789 1352 1854 equi-

198 1857 270 1924 dem,
289 1859 320 1908 in
337 1875 394 1910 uno
414 1864 495 1910 tuae
514 1859 633 1927 quidem,
661 1861 692 1909 in
711 1859 826 1923 duobus,
845 1859 929 1910 vind.
952 1862 976 1913 l.
1003 1857 1055 1924 (ita
1073 1857 1152 1909 enim
1170 1857 1353 1924 interpretor

107 1955 111 1961 ·
197 1928 376 2002 typographi
395 1928 534 1992 errorem)
552 1929 641 1983 Rehd.
663 1929 736 1984 Gud.
750 1929 847 1982 Duisb.
871 1929 990 1982 Vestrae
1010 1928 1176 1995 equidem,
1195 1926 1349 1982 inGuM.

198 2004 414 2063 restruerem,
433 2016 519 2068 supra
529 1999 581 2050 lin.
593 1999 688 2056 addito
709 1998 845 2068 equidem.
864 1999 952 2054 llarb.
970 1998 1083 2051 otnittit
1101 1997 1209 2050 dixisse
1227 1995 1351 2063 o'estrae,

197 2070 353 2143 pergitque
373 2069 505 2139 equidem,
525 2072 599 2128 Mon.
620 2077 645 2124 1.
668 2070 789 2124 Verum
808 2070 974 2137 equidem.
1005 2069 1058 2120 Est
1076 2077 1222 2138 praeterea
1239 2075 1353 2125 vestrae

199 2139 354 2207 equidem
378 2141 410 2190 in
434 2140 504 2196 Edd.
525 2143 554 2193 P.
578 2138 612 2191 A.
636 2142 667 2195 B.
688 2140 717 2193 S.
742 2141 813 2192 Ven.
841 2148 930 2192 nostr.
956 2138 1019 2190 Asc.
1042 2144 1065 2193 l.
1094 2139 1175 2190 Junt.
1214 2138 1293 2204 Quod
1317 2139 1352 2193 <le

198 2207 305 2264 Aldina
328 2209 370 2262 ait
393 2210 483 2261 Bouh.
504 2210 534 2262 id
551 2228 654 2267 verum
671 2219 804 2263 nonest:
830 2227 924 2279 neque
942 2209 1033 2284 tnagis
1053 2209 1079 2261 ei
1101 2210 1196 2273 credo,
1225 2208 1352 2276 equidem

199 2280 231 2330 in
248 2281 318 2354 Reg.
338 2298 396 2332 esse
415 2281 537 2333 dicenti:
569 2297 626 2340 non
654 2282 732 2333 enim
753 2288 866 2333 tantum
888 2288 964 2335 tacet
988 2279 1105 2332 collatio
1124 2289 1220 2331 nostra
1238 2278 1352 2332 Codicis

199 2351 295 2422 Regii,
322 2350 371 2403 sed
394 2368 448 2412 nec
467 2351 612 2411 Gudianus
635 2360 733 2410 noster
756 2353 784 2404 el
811 2351 978 2403 simillimus
1003 2350 1090 2404 habet
1115 2350 1250 2425 equidem.
1288 2352 1352 2402 Nec

198 2435 268 2481 vero
292 2420 368 2485 hane
394 2423 583 2492 scriptionem
602 2423 736 2476 Oiceroni
758 2422 939 2487 obtruserim,
968 2422 1019 2490 qui
1044 2421 1130 2477 aliam
1154 2428 1233 2480 certe
1251 2437 1353 2489 perso·

199 2507 275 2554 nam,
308 2500 425 2560 praeter
442 2495 576 2562 primam,
606 2493 633 2546 ei
658 2494 724 2546 roci
749 2492 904 2558 rarissime,
933 2491 1077 2563 pluralem
1100 2509 1169 2544 vero
1197 2508 1353 2551 numerum

199 2578 347 2630 nunquam
366 2563 526 2616 adiunxisse
544 2563 673 2616 videtur:
705 2580 876 2633 quamquam
895 2580 952 2616 non
974 2579 1040 2615 cum
1063 2561 1210 2631 plerisque
1229 2561 1352 2629 equidem

200 2639 296 2684 ortum
315 2649 374 2695 esse
392 2635 532 2687 contendo
551 2651 586 2686 ex
605 2651 657 2701 ego
675 2635 793 2700 quidem,
813 2633 860 2685 sed
875 2634 986 2686 Handio
1005 2632 1152 2699 assentior,
1173 2632 1224 2701 qui
1243 2633 1276 2684 de
1293 2630 1352 2683 hoc

198 2701 337 2754 vocabulo
355 2699 462 2774 optime
480 2704 627 2784 praecepit
646 2704 677 2754 in
695 2702 860 2756 Tursellino
878 2702 916 2755 11.
937 2721 966 2773 p.
986 2705 1047 2758 422.
1068 2719 1128 2770 sqq.
1149 2703 1235 2772 idque
1255 2711 1352 2754 ortum

200 2789 260 2830 esse
280 2773 321 2834 ait
332 2791 367 2826 ex
384 2782 401 2826 'e
418 2776 564 2838 intensiva
582 2782 612 2826 et
629 2773 749 2840 quidem,
768 2781 801 2825 ut
812 2773 921 2826 dicitur
938 2780 1061 2834 causton·
1080 2774 1102 2822 si
1126 2774 1243 2826 nificare
1255 2781 1351 2825 autem

198 2843 300 2896 ferei.
322 2863 352 2914 q,
370 2847 509 2914 profecto.
547 2844 716 2897 Assentiunt
738 2844 789 2913 qui
814 2844 982 2914 nuperrime
1006 2844 1097 2904 Force
1125 2845 1205 2906 'num
1229 2844 1260 2894 in
1278 2842 1352 2895 Gers

198 2914 294 2978 mania
312 2916 501 2984 repetendum
521 2917 704 2966 curaverunt.
742 2916 802 2969 Mr.

269 3018 324 3061 non
342 3004 431 3062 sotum
449 3002 671 3071 inpraesentia]
708 3003 813 3068 „Fabu
837 3002 867 3056 irs
881 2999 1057 3071 praesenti.“
1075 2998 1157 3055 Geel.
1194 2999 1242 3051 Sic
1261 3000 1351 3051 etiam

198 3073 266 3130 cna
285 3072 382 3135 Duisb.
403 3082 432 3125 et
451 3074 504 3126 Ed·
523 3073 618 3128 Latnb.
639 3075 706 3124 sola.
743 3075 813 3126 Esse
839 3073 912 3143 apud
930 3074 973 3126 Jo.
994 3071 1142 3123 Valensem
1165 3070 1197 3122 in
1217 3083 1351 3135 praeseus

198 3144 315 3204 tiaram,
343 3158 400 3208 qua
423 3145 518 3203 forma
541 3143 643 3196 Cicero
662 3159 720 3195 non
743 3161 811 3195 usus
834 3153 885 3207 est,
913 3159 997 3213 supra
1020 3142 1127 3194 monui.
1164 3139 1206 3190 De
1224 3138 1352 3189 formula

198 3211 231 3274 in
247 3212 411 3279 praeseutia
426 3212 485 3264 vid.
505 3213 686 3268 Doederlein.
710 3214 784 3268 hat.
810 3212 937 3283 Synon.
962 3230 991 3263 u.
1018 3210 1170 3280 Etymul.
1195 3210 1222 3263 .1.
1247 3225 1276 3277 p.
1297 3211 1352 3263 141

233 3280 294 3335 1215.
332 3281 410 3345 Quod
436 3300 506 3336 vero
532 3282 609 3336 idem
631 3285 680 3336 vir
704 3283 802 3336 doctus
824 3301 852 3353 p.
876 3284 933 3337 139.
953 3299 994 3349 sq.
1024 3281 1140 3349 scripsit
1164 3279 1199 3331 de
1224 3279 1353 3333 formula

197 3351 472 3418 irupmeseutiarum,
492 3354 572 3423 quasi
590 3362 693 3406 neutro
712 3354 848 3406 adlectivi
867 3351 1112 3422 (praesentiores),
1141 3351 1270 3418 quamvis
1290 3350 1352 3418 ipse

197 3417 231 3476 'tl
251 3420 305 3484 111.
326 3421 538 3492 aliquantulum
556 3425 710 3477 defendere
728 3423 870 3489 videatur,
894 3423 1056 3491 aliquando,
1081 3422 1192 3491 opinor,
1213 3428 1353 3472 retracta-

196 3490 248 3544 bit.
287 3492 367 3558 Quod
389 3495 522 3563 sequitur
546 3495 596 3556 sed
619 3495 727 3547 excidit
752 3496 783 3553 iu
807 3495 874 3554 end,
899 3493 1000 3554 seha,
1035 3493 1065 3544 in
1090 3509 1147 3543 uno
1176 3492 1226 3544 Ox.
1251 3495 1301 3543 est'
1320 3494 1352 3545 in

192 3565 390 3631 praesentium,
410 3565 520 3621 omissis
537 3565 642 3617 duabus
660 3566 776 3617 vocibus
803 3565 951 3636 proximis.
979 3563 1076 3615 Duisb.
1102 3579 1169 3615 cum
1188 3562 1247 3614 Col.
1266 3561 1353 3613 habet

197 3638 223 3694 et
240 3649 294 3700 pro
313 3633 415 3697 etiarm
434 3654 507 3699 unus
526 3637 575 3689 Ox.
597 3637 680 3689 etiam
698 3643 730 3688 et
749 3637 784 3691 iu
800 3642 910 3703 postero
930 3635 984 3698 die,
1011 3636 1088 3686 Mon.
1110 3638 1133 3687 l.
1154 3634 1238 3687 etiam
1262 3637 1293 3684 et
1316 3631 1329 3682 i
1335 3649 1353 3684 u

215 3709 321 3762 astera
344 3705 391 3758 die
413 3705 565 3768 ioam'dae.
604 3708 694 3758 Habet
720 3705 758 3764 io
780 3714 895 3774 postero.
924 3705 972 3759 die
1003 3704 1015 3756 i
1024 3705 1149 3761 arundus
1173 3706 1261 3755 etiam
1284 3702 1352 3754 Coi.

140 3832 143 3837 ,
222 3773 285 3825 ehd.
322 3774 537 3849 Perguntmox
556 3776 814 3843 QuiquodCodd.
834 3779 873 3830 lie
897 3814 903 3826 .
924 3776 997 3829 Gud.
1020 3778 1086 3829 1.2.
1106 3774 1202 3826 Duisb.
1223 3772 1353 3837 (sedhic

197 3861 283 3914 supra
300 3845 352 3899 lin.
374 3848 460 3916 quid).
497 3850 563 3900 Post
581 3847 655 3915 quod
673 3848 804 3916 sequitur
822 3849 853 3898 in
872 3795 940 3900 dod.
962 3847 1035 3898 Gud.
1056 3849 1081 3900 2.
1109 3845 1274 3897 veniente
1294 3845 1354 3908 pri-

197 3915 274 3978 dem;
300 3934 373 3979 unus
393 3919 442 3972 Ox.
461 3918 548 3970 habet
571 3919 736 3985 potatione
755 3919 935 3985 complecti,
961 3917 1032 3972 alius
1052 3934 1118 3968 cum
1137 3916 1223 3967 llarb.
1240 3914 1354 3984 potione

197 3988 364 4058 complecti,
383 3989 467 4041 Vind.
487 3991 511 4041 2.
530 3989 643 4057 potione
662 3989 807 4057 oppleti.
836 3990 871 4042 ln
890 4006 980 4064 marg.
1001 3987 1044 4045 ed.
1065 3989 1134 4050 Ven.
1155 3985 1212 4051 Alt.
1234 3987 1268 4038 ad
1286 3984 1315 4036 h.
1330 3984 1351 4035 l.

197 4055 374 4130 adscriptum
393 4068 448 4122 est:¹
477 4060 653 4125 „Horatiust

363 4162 396 4173 -
418 4159 450 4170 -
476 4161 509 4173 -
529 4162 561 4172 -
588 4129 655 4197 quia
672 4147 773 4198 corpus
791 4136 916 4184 onustam

363 4201 506 4256 Hesteruis
525 4200 603 4254 uitiis
622 4201 745 4253 auirrrum'
761 4218 863 4271 quoque
877 4205 1051 4269 praegravat
1070 4213 1133 4260 uua,

216 4310 222 4317 .
362 4271 453 4339 Atque
471 4271 579 4338 aflligit
599 4270 678 4324 iiuruo
697 4270 811 4326 diuinae
833 4273 1003 4340 particulam
1022 4266 1140 4322 aurae.“

199 4342 288 4394 [rocus
307 4349 349 4393 est
368 4340 425 4392 Sat.
446 4343 482 4394 11.
504 4345 528 4397 2.
550 4345 663 4398 77-79.
704 4343 762 4394 Mr.
822 4375 825 4381 -
