2856 5084
424 275 643 341 EXOURSUS
666 277 724 340 111.
741 277 793 346 ,ad
815 278 840 339 Ι.
863 279 913 345 35.
936 277 986 344 85.
1218 282 1279 345 365

210 440 285 494 Haeo
312 430 418 493 dudum
442 443 622 512 scripseram,
656 459 723 494 eum
749 442 782 493 in
806 460 905 494 manus
938 440 1044 496 incidit
1069 441 1144 493 liber
1168 442 1279 510 primus

140 511 340 576 Quaestionum
364 512 564 564 Tullianarum
587 513 618 564 R.
638 512 747 563 Klotzii
775 513 861 582 (Lips.
884 511 974 575 1830.)
1001 511 1050 563 ubi
1068 530 1097 581 p.
1115 514 1150 567 98
1166 539 1199 549 -
1219 516 1277 567 102.

139 583 279 634 librorum
296 582 398 634 lectio:
419 584 492 650 quod
509 584 537 636 ai
554 587 618 633 ante
631 581 787 646 occidisset,
808 589 920 636 tomen
938 589 1060 635 eventum
1072 582 1183 634 omnino
1201 583 1279 634 ami-

140 652 247 705 sisset
266 653 307 702 ita
324 653 502 704 defenditur:
522 651 589 717 „Ac
607 654 734 720 primum
754 653 870 720 quidem
887 654 942 705 hoe
960 654 1060 717 miror,
1084 668 1141 702 non
1160 669 1217 705 esse
1236 654 1279 703 in-

138 723 291 774 tellectum
309 741 325 774 a
342 723 414 774 viris
432 722 521 774 doctis
540 729 662 774 eventum
680 722 820 773 malorum
840 731 868 775 et
885 739 993 776 sensum
1020 723 1098 773 inter
1116 739 1144 773 se
1163 723 1277 791 opponi,

139 792 179 842 ita
196 801 230 842 ut
248 809 288 856 ea,
308 809 379 860 quae
398 792 498 844 Cicero
516 801 581 844 ante
600 792 699 843 multis
719 793 921 861 explicaverat,
943 796 1107 845 referantur
1127 792 1278 860 eademque

138 861 265 914 breviter
283 871 421 930 repetant.
442 864 517 914 Nam
535 863 558 912 si
570 863 696 914 Priamus
715 863 793 914 salvo
811 878 901 935 regno
920 863 1077 915 exstinctus
1092 871 1173 925 esset,
1194 879 1279 914 even-

138 940 201 982 tum
219 932 359 984 malorum
382 931 530 995 amisisset,
557 931 577 982 i.
597 949 620 983 e.
642 949 673 984 ea
690 933 774 996 mala,
800 950 872 1000 quae
891 950 957 986 eum
982 933 1190 1002 exspectabant,
1220 948 1279 983 non

139 1004 313 1054 evenissent:
339 1011 369 1054 at
387 1010 547 1076 expugnata
565 1001 661 1066 Troia,
689 1020 779 1070 quum
796 1001 831 1054 ad
852 1020 930 1055 aram
949 1003 1025 1055 Iovis
1049 1003 1218 1054 interfectus
1237 1019 1279 1054 es·

138 1080 190 1136 set,
208 1090 322 1124 sensum
340 1072 483 1123 malorum
501 1072 606 1136 amisit,
633 1073 651 1122 i.
673 1089 697 1122 e.
718 1089 788 1142 quae
807 1073 880 1124 mala
899 1075 955 1124 iam
973 1080 1137 1136 evenerant,
1167 1089 1199 1123 ea
1221 1088 1277 1124 non

137 1143 225 1194 sensit
242 1151 329 1195 certe.
355 1169 387 1178 —
422 1142 514 1206 Quum
531 1142 631 1194 Cicero
649 1141 723 1193 hane
749 1143 918 1194 sententiam
946 1143 1078 1195 dixisset:
1109 1143 1132 1194 si
1150 1141 1278 1193 Priamus

138 1213 252 1284 integro
271 1229 360 1285 regno
379 1212 481 1265 obisset
498 1213 584 1273 diem,
604 1228 680 1263 mors
700 1229 765 1264 eum
783 1214 931 1264 videretur
949 1213 1058 1264 abonis
1070 1212 1173 1281 potius,
1192 1230 1277 1280 quam

137 1301 154 1333 a
170 1282 250 1333 malis
269 1283 444 1347 abstraxisse,
472 1291 501 1333 et
519 1290 623 1346 tamen,
648 1282 671 1331 si
689 1283 770 1351 prius
788 1283 958 1346 decessisset,
983 1283 1041 1334 ¹ista
1059 1282 1133 1333 mala
1158 1298 1217 1334 non
1233 1282 1277 1332 vi-

137 1352 236 1404 disset:
256 1370 308 1405 nee
328 1353 388 1404 eius
407 1353 498 1404 exitus
517 1361 575 1403 tam
591 1352 729 1404 flebiliter
747 1353 913 1418 caneretur:
934 1353 1008 1420 quod
1025 1361 1121 1404 tamen
1132 1360 1277 1405 nonreete

137 1423 180 1486 fit,
200 1422 276 1474 nihil
296 1423 372 1473 enim
390 1430 453 1473 tum
470 1423 566 1491 potuit
584 1423 611 1474 ei
629 1423 730 1474 melius
748 1423 891 1475 accidere:
911 1423 985 1474 hanc
1003 1423 1095 1495 igitur
1106 1421 1277 1474 sententiam

137 1509 225 1560 quum
251 1494 398 1562 posuisset,
427 1492 468 1545 sie
491 1492 633 1562 perrexit:
661 1510 832 1560 quamquam
856 1493 880 1543 si
907 1502 972 1545 ante
998 1492 1157 1554 occidisset,
1191 1492 1276 1542 etiam

137 1571 274 1614 eventum.
289 1563 429 1628 evitasset,
455 1562 510 1615 hoc
528 1570 622 1614 autem
640 1571 779 1631 tempore,
807 1579 863 1630 quo
882 1563 987 1615 occidit
1003 1581 1036 1616 re
1061 1579 1138 1626 vera,
1164 1577 1277 1612 sensum

138 1641 216 1684 certe
236 1633 330 1684 amisit
348 1633 497 1684 malorum.
519 1664 550 1674 -
588 1633 731 1684 Particula
749 1639 837 1684 tumen
865 1633 993 1684 adhunc
1011 1633 1107 1685 locum
1131 1639 1173 1683 est
1191 1631 1277 1699 aptis-

139 1704 217 1767 sima,
237 1721 309 1772 quae
329 1703 384 1754 etsi
401 1703 529 1772 pertinet
547 1701 582 1753 ad
600 1717 713 1754 omnem
731 1702 912 1767 sententiam,
932 1703 973 1754 ita
990 1711 1023 1754 ut
1041 1701 1085 1765 iis,
1109 1717 1180 1768 quae
1198 1709 1277 1753 ante-

136 1773 250 1836 cedunt,
278 1773 387 1840 aliquid
411 1780 588 1841 opponatur;
616 1791 699 1823 suum
717 1780 811 1824 tamen
832 1773 930 1824 locum
948 1780 1014 1823 ante
1038 1777 1158 1824 eventum
1180 1769 1276 1834 habet,

136 1843 212 1912 quod
229 1843 349 1894 verbum
365 1843 414 1893 vel
432 1843 555 1898 maxime
573 1841 629 1894 hoe
647 1842 710 1894 loeo
730 1850 792 1894 erat
808 1840 992 1894 afferendum.
1031 1839 1102 1904 [lam
1127 1839 1224 1893 laudat
1242 1841 1277 1893 ad

135 1913 311 1980 probandum
327 1911 405 1963 hune
424 1913 501 1964 vocis
520 1919 609 1963 tamen
625 1929 709 1962 usum
728 1911 836 1963 caesar.
855 1912 886 1962 B.
907 1913 943 1964 G.
964 1913 985 1964 Ι.
1006 1914 1048 1965 32.
1073 1913 1104 1964 4:
1132 1911 1192 1962 Hoc
1215 1927 1277 1963 esse

136 2009 170 2020 -
185 1981 353 2049 perferendi.
374 1982 432 2035 Cio.
453 1981 536 2033 Catil.
556 1981 608 2033 111.
626 1983 652 2036 5.
673 1984 713 2035 10.
745 1981 815 2033 Tum
833 1979 969 2047 Cethegus
988 2012 1020 2023 -
1040 1978 1182 2033 conticuit.
1201 1980 1277 2031 Tum

155 2051 279 2124 ergitzl
301 2052 355 2103 Est
380 2052 473 2123 igitur
499 2057 588 2102 tumen
612 2059 709 2103 nostro
729 2049 875 2102 Ciceronis
902 2052 966 2104 loeo
984 2051 1025 2102 sic
1043 2057 1219 2116 usurpatum,
1243 2058 1277 2104 ut

134 2069 190 2172 boc
214 2122 303 2173 dieat:
331 2135 493 2189 quanquam
516 2137 549 2173 eo
567 2129 696 2189 tempore
715 2120 793 2171 nihil
817 2129 932 2189 poterat
954 2122 1065 2172 Priamo
1082 2119 1185 2171 melius
1203 2120 1277 2173 acei-

135 2192 212 2256 dere,
232 2208 316 2260 quam
334 2208 425 2255 mors;
445 2199 540 2242 tamen
559 2200 693 2243 eventum
711 2192 814 2260 ipsum,
832 2191 857 2242 si
875 2200 940 2243 ante
950 2190 1109 2255 occidisset,
1128 2189 1276 2255 amisisset,

134 2261 190 2314 hoc
209 2270 304 2314 autem
321 2269 450 2330 tempore
476 2269 569 2312 morte
594 2277 706 2312 sensum
724 2269 803 2314 certe
821 2261 917 2313 amisit
941 2262 1091 2315 malorum.
1127 2259 1172 2310 lta
1186 2276 1277 2329 ¹pror·

135 2351 180 2384 sus
200 2326 331 2405 genuani
350 2330 521 2383 sententiam
540 2333 720 2383 conformare
739 2332 849 2383 solent:
869 2333 946 2404 glei
957 2331 999 2382 eh
1017 2331 1067 2380 als
1085 2345 1188 2383 wenn
1206 2329 1276 2382 die-

135 2419 199 2466 ses,
219 2402 307 2454 oder
324 2418 389 2452 nur
407 2400 543 2473 irgend
560 2402 680 2455 Etwas
698 2401 831 2452 damals
850 2400 955 2452 h'aitte
973 2400 1117 2453 lrb'nnen
1135 2402 1194 2450 fiir
1212 2399 1276 2450 ihn

134 2472 260 2524 besser
285 2469 482 2535 austallen3
514 2474 613 2524 werin
637 2471 786 2522 er'aber
812 2469 898 2522 eher
922 2469 1143 2544 geschieden
1166 2473 1274 2532 wilre,

133 2541 254 2594 wiirde
282 2556 319 2591 er
346 2540 479 2602 jedoeh
506 2540 608 2604 (aber
632 2537 741 2603 auch).
764 2540 837 2590 dem
862 2540 1047 2591 Eintritte
1070 2539 1275 2608 iiberhaupt

134 2619 265 2683 entgan
299 2627 339 2661 en
366 2609 457 2672 sein,
489 2624 523 2660 so
546 2609 626 2660 aber
651 2611 800 2682 entgien
857 2627 892 2661 er
927 2611 1001 2662 dem
1028 2609 1186 2662 Gefiihle
1217 2609 1274 2662 des

132 2681 276 2753 Ungliic
311 2698 331 2730 s.
369 2679 399 2732 Si
418 2687 517 2730 eontra
534 2685 593 2731 tum
609 2678 767 2747 probamus,
786 2627 825 2731 ii
835 2679 956 2744 dicetur,
975 2678 1051 2747 quod
1068 2679 1151 2734 modo
1166 2680 1275 2731 dietum

133 2761 194 2802 erat
213 2751 309 2818 paullo
329 2748 488 2815 definitius3
514 2749 561 2800 sed
580 2765 665 2818 quem
683 2749 717 2799 ad
735 2750 849 2801 modum
867 2766 952 2818 supra
970 2749 1107 2817 temporis
1132 2749 1275 2822 significa-

133 2821 175 2871 tio
195 2827 256 2872 erat
268 2819 429 2871 'necessaria
448 2819 478 2869 in
495 2818 590 2870 verbis
607 2818 667 2870 his:
696 2824 751 2870 tom
767 2820 892 2885 potuerit
917 2820 943 2871 ei
960 2821 1056 2870 melius
1074 2818 1209 2884 accidere,
1223 2821 1275 2877 ,ita

132 2889 189 2941 hoe
212 2890 285 2952 loco,
311 2888 360 2939 ubi
385 2889 468 2940 modo
492 2888 703 2949 dictumerat:
729 2891 801 2956 qood
819 2888 847 2940 ai
865 2895 927 2940 ante
945 2887 1101 2952 occidisset,
1129 2889 1214 2958 plane
1233 2899 1275 2940 est

133 2975 348 3028 supervacanea,
368 2976 455 3026 quare
474 2975 531 3010 non
548 2966 643 3027 potest
661 2975 720 3011 esse
738 2958 805 3010 ulla
818 2959 966 3022 dubitatio,
985 2959 1065 3026 quin,
1086 2960 1161 3025 quod
1179 2975 1274 3012 omnes

132 3032 195 3082 fere
219 3029 288 3080 libri
314 3036 434 3081 tuentur
459 3028 544 3096 idque
571 3028 708 3080 sententia
730 3029 853 3102 flagitat,
874 3029 911 3079 sit
935 3026 1163 3096 recipiendum.“
1198 3031 1274 3081 Haeo

132 3099 234 3151 addere
252 3100 346 3149 visum
365 3107 416 3163 est,
435 3106 467 3148 ut
483 3096 605 3149 babeant
624 3098 746 3150 lectores
764 3115 870 3162 omnes,
898 3115 969 3165 quae
996 3097 1070 3148 mibi
1093 3098 1209 3167 quidem
1228 3100 1274 3150 in-

132 3177 298 3231 notuerunt,
317 3168 479 3220 sententias.
515 3167 589 3220 Nolo
608 3185 684 3219 nune
703 3177 843 3236 repetere,
872 3184 942 3235 quae
960 3167 1111 3228 monuide
1128 3169 1273 3222 locutione

132 3256 235 3308 parum
253 3238 395 3308 probabili
414 3245 535 3290 eventum
553 3239 690 3301 emittere,
710 3255 794 3304 quam
812 3238 912 3288 volunt
937 3253 993 3289 esse
1018 3245 1142 3290 eventum
1168 3239 1273 3292 euitare

131 3311 224 3381 (dem
242 3309 431 3361 Eintritte
451 3305 650 3380 entgehen,
670 3309 711 3358 ait
728 3308 786 3372 Kl.)
814 3307 887 3358 illud
904 3307 985 3358 addo:
1014 3323 1059 3358 me
1083 3308 1275 3377 quidemnon

132 3379 219 3430 fuisse
239 3387 423 3443 commotum,
447 3386 481 3428 ut
498 3379 668 3430 sententiam
693 3395 787 3429 meam
804 3377 1000 3429 immutarem:
1028 3377 1152 3430 noluisse
1177 3387 1273 3432 tamen

131 3449 384 3512 conmitterent,
410 3465 478 3517 quas
496 3449 619 3500 rationes
638 3449 690 3503 alii
708 3457 808 3500 contra
826 3463 917 3499 meam
941 3447 1115 3498 sententiam
1137 3449 1277 3516 protulis-·

131 3527 204 3582 sent,
224 3518 346 3569 lectores
364 3519 476 3570 lateret.
513 3518 593 3569 Fieri
610 3526 715 3586 potest,
733 3526 766 3568 ut
785 3516 885 3570 Cicero
903 3516 988 3584 plane
1015 3516 1093 3568 aliud
1110 3518 1179 3587 quid
1203 3519 1273 3570 seria

130 3588 232 3711 pseplit,
265 3604 350 3656 quam
368 3589 445 3656 quod
462 3604 514 3662 ego
532 3588 646 3656 recepi:
677 3596 711 3641 ut
732 3587 851 3660 vulgata
875 3586 912 3639 sit
928 3603 1006 3650 vera,
1036 3587 1086 3638 vix
1109 3604 1141 3639 ae
1169 3605 1205 3642 ne
1223 3589 1273 3644 vix

132 3677 183 3727 qur
204 3674 257 3710 em.
