<?xml version="1.0" encoding="UTF-8"?>
<!DOCTYPE html PUBLIC "-//W3C//DTD XHTML 1.0 Transitional//EN"
    "http://www.w3.org/TR/xhtml1/DTD/xhtml1-transitional.dtd">
<html xmlns="http://www.w3.org/1999/xhtml" xml:lang="en" lang="en">
 <head>
  <title>
</title>
<meta http-equiv="Content-Type" content="text/html;charset=utf-8" />
  <meta name='ocr-system' content='tesseract 3.04.00' />
  <meta name='ocr-capabilities' content='ocr_page ocr_carea ocr_par ocr_line ocrx_word'/>
</head>
<body>
  <div class='ocr_page' id='page_1' title='image "./mtulliiciceroni02davigoog/mtulliiciceroni02davigoog_0362.png"; bbox 0 0 2856 5084; ppageno 0'>
   <div class='ocr_carea' id='block_1_1' title="bbox 404 240 1296 317">
    <p class='ocr_par' dir='ltr' id='par_1_1' title="bbox 404 240 1296 317">
     <span class='ocr_line' id='line_1_1' title="bbox 404 240 1296 317; baseline 0.006 -9"><span class='ocrx_word' id='word_1_1' title='bbox 404 240 627 317; x_wconf 77' lang='lat' dir='ltr'>EXCURSUS</span> <span class='ocrx_word' id='word_1_2' title='bbox 649 241 741 311; x_wconf 88' lang='lat' dir='ltr'><strong>XlV.</strong></span> <span class='ocrx_word' id='word_1_3' title='bbox 765 242 806 309; x_wconf 85' lang='lat' dir='ltr'><strong>ad</strong></span> <span class='ocrx_word' id='word_1_4' title='bbox 828 242 1035 311; x_wconf 63' lang='lat' dir='ltr'><strong>wantum</strong></span> <span class='ocrx_word' id='word_1_5' title='bbox 1235 243 1296 315; x_wconf 66' lang='lat'><strong>391</strong></span> 
     </span>
    </p>
   </div>
   <div class='ocr_carea' id='block_1_2' title="bbox 141 389 1337 557">
    <p class='ocr_par' dir='ltr' id='par_1_2' title="bbox 141 389 1337 557">
     <span class='ocr_line' id='line_1_2' title="bbox 142 389 1337 480; baseline -0.001 -16"><span class='ocrx_word' id='word_1_6' title='bbox 142 427 239 465; x_wconf 86' lang='lat' dir='ltr'><strong>morae</strong></span> <span class='ocrx_word' id='word_1_7' title='bbox 266 409 359 464; x_wconf 75' lang='lat' dir='ltr'><strong>omnis</strong></span> <span class='ocrx_word' id='word_1_8' title='bbox 383 408 537 480; x_wconf 73' lang='lat' dir='ltr'><strong>impatiens</strong></span> <span class='ocrx_word' id='word_1_9' title='bbox 555 409 605 464; x_wconf 73' lang='lat' dir='ltr'><strong>‚in&#39;</strong></span> <span class='ocrx_word' id='word_1_10' title='bbox 621 425 684 463; x_wconf 86' lang='lat' dir='ltr'><strong>rem</strong></span> <span class='ocrx_word' id='word_1_11' title='bbox 715 416 897 479; x_wconf 68' lang='lat' dir='ltr'><strong>praesentem</strong></span> <span class='ocrx_word' id='word_1_12' title='bbox 921 407 1024 463; x_wconf 75' lang='lat' dir='ltr'><strong>venire</strong></span> <span class='ocrx_word' id='word_1_13' title='bbox 1045 407 1166 465; x_wconf 67' lang='lat' dir='ltr'><strong>mtin.</strong></span> <span class='ocrx_word' id='word_1_14' title='bbox 1180 418 1233 463; x_wconf 77' lang='lat' dir='ltr'><strong>erto</strong></span> <span class='ocrx_word' id='word_1_15' title='bbox 1253 415 1297 466; x_wconf 84' lang='lat' dir='ltr'><strong>tet</strong></span> <span class='ocrx_word' id='word_1_16' title='bbox 1335 389 1337 392; x_wconf 24' lang='lat'>⁵</span> 
     </span>
     <span class='ocr_line' id='line_1_3' title="bbox 141 425 1298 557; baseline -0.002 -22"><span class='ocrx_word' id='word_1_17' title='bbox 141 482 241 536; x_wconf 88' lang='lat' dir='ltr'><strong>illico:</strong></span> <span class='ocrx_word' id='word_1_18' title='bbox 274 496 327 535; x_wconf 90' lang='lat' dir='ltr'><strong>nec</strong></span> <span class='ocrx_word' id='word_1_19' title='bbox 353 482 510 557; x_wconf 85' lang='lat' dir='ltr'><strong>quicquam</strong></span> <span class='ocrx_word' id='word_1_20' title='bbox 537 479 592 532; x_wconf 87' lang='lat' dir='ltr'><strong>sibi</strong></span> <span class='ocrx_word' id='word_1_21' title='bbox 610 479 732 549; x_wconf 82' lang='lat' dir='ltr'><strong>spissius</strong></span> <span class='ocrx_word' id='word_1_22' title='bbox 751 479 877 557; x_wconf 47' lang='lat' dir='ltr'><strong>quidni,</strong></span> <span class='ocrx_word' id='word_1_23' title='bbox 897 491 988 550; x_wconf 79' lang='lat' dir='ltr'><strong>quam·</strong></span> <span class='ocrx_word' id='word_1_24' title='bbox 1004 476 1192 556; x_wconf 67' lang='lat' dir='ltr'><strong>5bre&#39;ulculuaa</strong></span> <span class='ocrx_word' id='word_1_25' title='bbox 1208 425 1298 540; x_wconf 53' lang='lat' dir='ltr'><strong>⁴..illud</strong></span> 
     </span>
    </p>
   </div>
   <div class='ocr_carea' id='block_1_3' title="bbox 104 546 1347 3815">
    <p class='ocr_par' dir='ltr' id='par_1_3' title="bbox 137 546 1347 1125">
     <span class='ocr_line' id='line_1_4' title="bbox 141 546 1296 628; baseline 0.002 -22"><span class='ocrx_word' id='word_1_26' title='bbox 141 553 279 623; x_wconf 82' lang='lat' dir='ltr'><strong>temporie</strong></span> <span class='ocrx_word' id='word_1_27' title='bbox 297 552 494 616; x_wconf 69' lang='lat' dir='ltr'><strong>inter-vallum,</strong></span> <span class='ocrx_word' id='word_1_28' title='bbox 507 551 592 620; x_wconf 83' lang='lat' dir='ltr'><strong>¹quod</strong></span> <span class='ocrx_word' id='word_1_29' title='bbox 608 550 698 605; x_wconf 82' lang='lat' dir='ltr'><strong>modu</strong></span> <span class='ocrx_word' id='word_1_30' title='bbox 711 551 977 628; x_wconf 75' lang='lat' dir='ltr'><strong>antagonistaeeuo</strong></span> <span class='ocrx_word' id='word_1_31' title='bbox 994 563 1138 625; x_wconf 58' lang='lat' dir='ltr'><strong>pugnam</strong></span> <span class='ocrx_word' id='word_1_32' title='bbox 1157 546 1296 620; x_wconf 72' lang='lat' dir='ltr'><strong>aptando</strong></span> 
     </span>
     <span class='ocr_line' id='line_1_5' title="bbox 140 567 1298 692; baseline 0 -16"><span class='ocrx_word' id='word_1_33' title='bbox 140 625 179 677; x_wconf 84' lang='lat' dir='ltr'><strong>sit</strong></span> <span class='ocrx_word' id='word_1_34' title='bbox 196 624 272 689; x_wconf 87' lang='lat' dir='ltr'><strong>satis,</strong></span> <span class='ocrx_word' id='word_1_35' title='bbox 290 623 326 676; x_wconf 87' lang='lat' dir='ltr'><strong>ad</strong></span> <span class='ocrx_word' id='word_1_36' title='bbox 344 637 426 680; x_wconf 88' lang='lat' dir='ltr'><strong>arma</strong></span> <span class='ocrx_word' id='word_1_37' title='bbox 442 621 581 692; x_wconf 82' lang='lat' dir='ltr'><strong>capiunda</strong></span> <span class='ocrx_word' id='word_1_38' title='bbox 599 619 727 681; x_wconf 69' lang='lat' dir='ltr'><strong>scilicet.</strong></span> <span class='ocrx_word' id='word_1_39' title='bbox 740 623 774 681; x_wconf 84' lang='lat' dir='ltr'><strong>Iu</strong></span> <span class='ocrx_word' id='word_1_40' title='bbox 794 614 947 692; x_wconf 80' lang='lat' dir='ltr'><strong>quo·.illud</strong></span> <span class='ocrx_word' id='word_1_41' title='bbox 957 622 1063 677; x_wconf 81' lang='lat' dir='ltr'><strong>itidem</strong></span> <span class='ocrx_word' id='word_1_42' title='bbox 1074 567 1194 686; x_wconf 65' lang='lat' dir='ltr'><strong>naulis,</strong></span> <span class='ocrx_word' id='word_1_43' title='bbox 1208 622 1298 681; x_wconf 67' lang='lat' dir='ltr'><strong>Alter</strong></span> 
     </span>
     <span class='ocr_line' id='line_1_6' title="bbox 139 690 1347 768; baseline 0.003 -21"><span class='ocrx_word' id='word_1_44' title='bbox 139 712 199 751; x_wconf 84' lang='lat' dir='ltr'><strong>non</strong></span> <span class='ocrx_word' id='word_1_45' title='bbox 216 694 270 748; x_wconf 89' lang='lat' dir='ltr'><strong>hac</strong></span> <span class='ocrx_word' id='word_1_46' title='bbox 287 693 412 768; x_wconf 81' lang='lat' dir='ltr'><strong>vulgari,</strong></span> <span class='ocrx_word' id='word_1_47' title='bbox 436 710 538 756; x_wconf 77' lang='lat' dir='ltr'><strong>verum</strong></span> <span class='ocrx_word' id='word_1_48' title='bbox 561 690 662 752; x_wconf 79' lang='lat' dir='ltr'><strong>hercle</strong></span> <span class='ocrx_word' id='word_1_49' title='bbox 680 694 850 764; x_wconf 83' lang='lat' dir='ltr'><strong>Pompeiane</strong></span> <span class='ocrx_word' id='word_1_50' title='bbox 873 693 1013 758; x_wconf 72' lang='lat' dir='ltr'><strong>notione,</strong></span> <span class='ocrx_word' id='word_1_51' title='bbox 1028 692 1085 746; x_wconf 86' lang='lat' dir='ltr'><strong>hoc</strong></span> <span class='ocrx_word' id='word_1_52' title='bbox 1107 700 1150 750; x_wconf 75' lang='lat' dir='ltr'><strong>est</strong></span> <span class='ocrx_word' id='word_1_53' title='bbox 1172 694 1297 762; x_wconf 54' lang='lat' dir='ltr'><strong>pronati*</strong></span> <span class='ocrx_word' id='word_1_54' title='bbox 1344 701 1347 705; x_wconf 82' lang='grc'><strong>’</strong></span> 
     </span>
     <span class='ocr_line' id='line_1_7' title="bbox 139 760 1297 835; baseline -0.001 -16"><span class='ocrx_word' id='word_1_55' title='bbox 139 766 269 819; x_wconf 69' lang='lat' dir='ltr'><strong>anterio</strong></span> <span class='ocrx_word' id='word_1_56' title='bbox 285 764 536 835; x_wconf 69' lang='lat' dir='ltr'><strong>‘interpretandum</strong></span> <span class='ocrx_word' id='word_1_57' title='bbox 553 763 657 818; x_wconf 83' lang='lat' dir='ltr'><strong>videri.</strong></span> <span class='ocrx_word' id='word_1_58' title='bbox 682 763 873 835; x_wconf 51' lang='lat' dir='ltr'><strong>·Eteni1n3de</strong></span> <span class='ocrx_word' id='word_1_59' title='bbox 896 760 962 822; x_wconf 73' lang='lat' dir='ltr'><strong>lira</strong></span> <span class='ocrx_word' id='word_1_60' title='bbox 986 763 1072 835; x_wconf 86' lang='lat' dir='ltr'><strong>plura</strong></span> <span class='ocrx_word' id='word_1_61' title='bbox 1090 772 1297 834; x_wconf 66' lang='lat' dir='ltr'><strong>superstruere</strong></span> 
     </span>
     <span class='ocr_line' id='line_1_8' title="bbox 140 834 1296 908; baseline 0.001 -20"><span class='ocrx_word' id='word_1_62' title='bbox 140 837 210 906; x_wconf 86' lang='lat' dir='ltr'><strong>quid</strong></span> <span class='ocrx_word' id='word_1_63' title='bbox 228 837 350 889; x_wconf 79' lang='lat' dir='ltr'><strong>attinet?</strong></span> <span class='ocrx_word' id='word_1_64' title='bbox 369 836 449 893; x_wconf 82' lang='lat' dir='ltr'><strong>cuiue</strong></span> <span class='ocrx_word' id='word_1_65' title='bbox 468 835 667 905; x_wconf 79' lang='lat' dir='ltr'><strong>depravationi</strong></span> <span class='ocrx_word' id='word_1_66' title='bbox 683 844 801 905; x_wconf 80' lang='lat' dir='ltr'><strong>praeter</strong></span> <span class='ocrx_word' id='word_1_67' title='bbox 819 835 1002 894; x_wconf 72' lang='lat' dir='ltr'><strong>insolentiam</strong></span> <span class='ocrx_word' id='word_1_68' title='bbox 1021 834 1110 908; x_wconf 79' lang='lat' dir='ltr'><strong>vecie,</strong></span> <span class='ocrx_word' id='word_1_69' title='bbox 1138 852 1188 895; x_wconf 82' lang='lat' dir='ltr'><strong>ne,</strong></span> <span class='ocrx_word' id='word_1_70' title='bbox 1201 835 1296 893; x_wconf 82' lang='lat' dir='ltr'><strong>dicam</strong></span> 
     </span>
     <span class='ocr_line' id='line_1_9' title="bbox 139 905 1296 981; baseline 0.001 -21"><span class='ocrx_word' id='word_1_71' title='bbox 139 907 295 972; x_wconf 84' lang='lat' dir='ltr'><strong>inscitiam,</strong></span> <span class='ocrx_word' id='word_1_72' title='bbox 314 907 402 962; x_wconf 85' lang='lat' dir='ltr'><strong>etiam</strong></span> <span class='ocrx_word' id='word_1_73' title='bbox 425 907 537 965; x_wconf 83' lang='lat' dir='ltr'><strong>hiatum</strong></span> <span class='ocrx_word' id='word_1_74' title='bbox 560 905 704 963; x_wconf 84' lang='lat' dir='ltr'><strong>iu·.1nedio</strong></span> <span class='ocrx_word' id='word_1_75' title='bbox 721 925 807 965; x_wconf 84' lang='lat' dir='ltr'><strong>versu</strong></span> <span class='ocrx_word' id='word_1_76' title='bbox 831 924 943 973; x_wconf 85' lang='lat' dir='ltr'><strong>causam</strong></span> <span class='ocrx_word' id='word_1_77' title='bbox 954 906 1128 981; x_wconf 21' lang='lat' dir='ltr'><strong>&#39;praebuisse</strong></span> <span class='ocrx_word' id='word_1_78' title='bbox 1139 906 1234 965; x_wconf 76' lang='lat' dir='ltr'><strong>,sciet</strong></span> <span class='ocrx_word' id='word_1_79' title='bbox 1247 907 1296 961; x_wconf 82' lang='lat' dir='ltr'><strong>cui</strong></span> 
     </span>
     <span class='ocr_line' id='line_1_10' title="bbox 138 975 1296 1048; baseline -0.001 -17"><span class='ocrx_word' id='word_1_80' title='bbox 138 977 367 1032; x_wconf 84' lang='lat' dir='ltr'><strong>incommoditati</strong></span> <span class='ocrx_word' id='word_1_81' title='bbox 374 997 377 1003; x_wconf 52' lang='lat'>&gt;</span> <span class='ocrx_word' id='word_1_82' title='bbox 385 994 518 1047; x_wconf 83' lang='lat' dir='ltr'><strong>praesens</strong></span> <span class='ocrx_word' id='word_1_83' title='bbox 537 977 697 1041; x_wconf 72' lang='lat' dir='ltr'><strong>reinediurn</strong></span> <span class='ocrx_word' id='word_1_84' title='bbox 715 986 748 1029; x_wconf 82' lang='lat' dir='ltr'><strong>ut</strong></span> <span class='ocrx_word' id='word_1_85' title='bbox 766 978 957 1048; x_wconf 71' lang='lat' dir='ltr'><strong>quaereretur</strong></span> <span class='ocrx_word' id='word_1_86' title='bbox 968 989 1067 1039; x_wconf 73' lang='lat' dir='ltr'><strong>etatum</strong></span> <span class='ocrx_word' id='word_1_87' title='bbox 1078 993 1130 1047; x_wconf 88' lang='lat' dir='ltr'><strong>pro</strong></span> <span class='ocrx_word' id='word_1_88' title='bbox 1140 975 1206 1032; x_wconf 64' lang='lat' dir='ltr'><strong>teca</strong></span> <span class='ocrx_word' id='word_1_89' title='bbox 1216 978 1296 1037; x_wconf 81' lang='lat' dir='ltr'><strong>uobis</strong></span> 
     </span>
     <span class='ocr_line' id='line_1_11' title="bbox 137 1047 1296 1125; baseline 0.001 -24"><span class='ocrx_word' id='word_1_90' title='bbox 137 1051 335 1105; x_wconf 81' lang='lat' dir='ltr'><strong>succidaneam</strong></span> <span class='ocrx_word' id='word_1_91' title='bbox 359 1049 468 1102; x_wconf 83' lang='lat' dir='ltr'><strong>fecere:</strong></span> <span class='ocrx_word' id='word_1_92' title='bbox 501 1061 538 1101; x_wconf 88' lang='lat' dir='ltr'><strong>ne</strong></span> <span class='ocrx_word' id='word_1_93' title='bbox 564 1047 639 1109; x_wconf 86' lang='lat' dir='ltr'><strong>illud</strong></span> <span class='ocrx_word' id='word_1_94' title='bbox 665 1048 782 1118; x_wconf 74' lang='lat' dir='ltr'><strong>&#39;quidem</strong></span> <span class='ocrx_word' id='word_1_95' title='bbox 803 1050 1138 1125; x_wconf 64' lang='lat' dir='ltr'><strong>cogitantes,..quantum</strong></span> <span class='ocrx_word' id='word_1_96' title='bbox 1152 1049 1296 1109; x_wconf 60' lang='lat' dir='ltr'><strong>nuloecis·</strong></span> 
     </span>
    </p>

    <p class='ocr_par' dir='ltr' id='par_1_4' title="bbox 104 1118 1296 1402">
     <span class='ocr_line' id='line_1_12' title="bbox 138 1118 1296 1194; baseline 0 -21"><span class='ocrx_word' id='word_1_97' title='bbox 138 1138 220 1173; x_wconf 89' lang='lat' dir='ltr'><strong>mum</strong></span> <span class='ocrx_word' id='word_1_98' title='bbox 237 1120 454 1182; x_wconf 74' lang='lat' dir='ltr'><strong>committerent</strong></span> <span class='ocrx_word' id='word_1_99' title='bbox 470 1118 600 1179; x_wconf 81' lang='lat' dir='ltr'><strong>hurnines</strong></span> <span class='ocrx_word' id='word_1_100' title='bbox 622 1118 912 1194; x_wconf 72' lang='lat' dir='ltr'><strong>heud&#39;glatliatoriee·</strong></span> <span class='ocrx_word' id='word_1_101' title='bbox 930 1121 1030 1185; x_wconf 68' lang='lat' dir='ltr'><strong>modo,⁴</strong></span> <span class='ocrx_word' id='word_1_102' title='bbox 1048 1119 1296 1181; x_wconf 71' lang='lat' dir='ltr'><strong>terum-,humani</strong></span> 
     </span>
     <span class='ocr_line' id='line_1_13' title="bbox 104 1182 1296 1261; baseline 0.001 -17"><span class='ocrx_word' id='word_1_103' title='bbox 104 1182 108 1190; x_wconf 52' lang='lat'>⁸</span> <span class='ocrx_word' id='word_1_104' title='bbox 139 1193 227 1244; x_wconf 89' lang='lat' dir='ltr'><strong>etiam</strong></span> <span class='ocrx_word' id='word_1_105' title='bbox 253 1191 382 1260; x_wconf 89' lang='lat' dir='ltr'><strong>corporis</strong></span> <span class='ocrx_word' id='word_1_106' title='bbox 410 1191 466 1255; x_wconf 88' lang='lat' dir='ltr'><strong>(uti</strong></span> <span class='ocrx_word' id='word_1_107' title='bbox 483 1190 576 1259; x_wconf 89' lang='lat' dir='ltr'><strong>paret)</strong></span> <span class='ocrx_word' id='word_1_108' title='bbox 600 1190 746 1259; x_wconf 85' lang='lat' dir='ltr'><strong>positurae</strong></span> <span class='ocrx_word' id='word_1_109' title='bbox 773 1190 867 1255; x_wconf 88' lang='lat' dir='ltr'><strong>obliti,</strong></span> <span class='ocrx_word' id='word_1_110' title='bbox 898 1191 949 1261; x_wconf 89' lang='lat' dir='ltr'><strong>qui</strong></span> <span class='ocrx_word' id='word_1_111' title='bbox 973 1191 1051 1243; x_wconf 82' lang='lat' dir='ltr'><strong>inter</strong></span> <span class='ocrx_word' id='word_1_112' title='bbox 1078 1190 1296 1256; x_wconf 65' lang='lat' dir='ltr'><strong>clenentiam-et</strong></span> 
     </span>
     <span class='ocr_line' id='line_1_14' title="bbox 136 1258 1296 1333; baseline 0.001 -21"><span class='ocrx_word' id='word_1_113' title='bbox 136 1264 280 1331; x_wconf 73' lang='lat' dir='ltr'><strong>pulmones</strong></span> <span class='ocrx_word' id='word_1_114' title='bbox 303 1277 408 1324; x_wconf 80' lang='lat' dir='ltr'><strong>auram,</strong></span> <span class='ocrx_word' id='word_1_115' title='bbox 432 1262 474 1313; x_wconf 88' lang='lat' dir='ltr'><strong>sic</strong></span> <span class='ocrx_word' id='word_1_116' title='bbox 499 1260 579 1329; x_wconf 89' lang='lat' dir='ltr'><strong>quasi</strong></span> <span class='ocrx_word' id='word_1_117' title='bbox 604 1258 736 1328; x_wconf 87' lang='lat' dir='ltr'><strong>mediam,</strong></span> <span class='ocrx_word' id='word_1_118' title='bbox 765 1262 908 1316; x_wconf 89' lang='lat' dir='ltr'><strong>collocare</strong></span> <span class='ocrx_word' id='word_1_119' title='bbox 927 1263 997 1328; x_wconf 88' lang='lat' dir='ltr'><strong>ausi,</strong></span> <span class='ocrx_word' id='word_1_120' title='bbox 1023 1270 1102 1314; x_wconf 85' lang='lat' dir='ltr'><strong>tanta</strong></span> <span class='ocrx_word' id='word_1_121' title='bbox 1124 1263 1296 1333; x_wconf 88' lang='lat' dir='ltr'><strong>praesertim</strong></span> 
     </span>
     <span class='ocr_line' id='line_1_15' title="bbox 142 1330 528 1402; baseline -0.003 -18"><span class='ocrx_word' id='word_1_122' title='bbox 142 1332 355 1402; x_wconf 88' lang='lat' dir='ltr'><strong>intercapedine</strong></span> <span class='ocrx_word' id='word_1_123' title='bbox 373 1330 528 1385; x_wconf 87' lang='lat' dir='ltr'><strong>discreta.“</strong></span> 
     </span>
    </p>

    <p class='ocr_par' dir='ltr' id='par_1_5' title="bbox 136 1401 1296 1822">
     <span class='ocr_line' id='line_1_16' title="bbox 209 1401 1295 1472; baseline 0 -15"><span class='ocrx_word' id='word_1_124' title='bbox 209 1403 313 1469; x_wconf 71' lang='lat' dir='ltr'><strong>Surae]</strong></span> <span class='ocrx_word' id='word_1_125' title='bbox 352 1403 444 1466; x_wconf 73' lang='lat' dir='ltr'><strong>„Fan</strong></span> <span class='ocrx_word' id='word_1_126' title='bbox 467 1402 554 1454; x_wconf 88' lang='lat' dir='ltr'><strong>Palat.</strong></span> <span class='ocrx_word' id='word_1_127' title='bbox 575 1410 669 1472; x_wconf 84' lang='lat' dir='ltr'><strong>quart.</strong></span> <span class='ocrx_word' id='word_1_128' title='bbox 700 1402 809 1470; x_wconf 75' lang='lat' dir='ltr'><strong>furia·“</strong></span> <span class='ocrx_word' id='word_1_129' title='bbox 834 1401 916 1457; x_wconf 75' lang='lat' dir='ltr'><strong>Gebls.</strong></span> <span class='ocrx_word' id='word_1_130' title='bbox 954 1404 1025 1470; x_wconf 84' lang='lat' dir='ltr'><strong>„Ex</strong></span> <span class='ocrx_word' id='word_1_131' title='bbox 1046 1411 1104 1458; x_wconf 80' lang='lat' dir='ltr'><strong>vet.</strong></span> <span class='ocrx_word' id='word_1_132' title='bbox 1131 1402 1181 1455; x_wconf 89' lang='lat' dir='ltr'><strong>lib.</strong></span> <span class='ocrx_word' id='word_1_133' title='bbox 1210 1404 1295 1457; x_wconf 83' lang='lat' dir='ltr'><strong>video</strong></span> 
     </span>
     <span class='ocr_line' id='line_1_17' title="bbox 137 1472 1296 1543; baseline 0 -17"><span class='ocrx_word' id='word_1_134' title='bbox 137 1483 269 1527; x_wconf 87' lang='lat' dir='ltr'><strong>notatum</strong></span> <span class='ocrx_word' id='word_1_135' title='bbox 288 1474 377 1539; x_wconf 78' lang='lat' dir='ltr'><strong>suria,</strong></span> <span class='ocrx_word' id='word_1_136' title='bbox 405 1474 489 1543; x_wconf 90' lang='lat' dir='ltr'><strong>quod,</strong></span> <span class='ocrx_word' id='word_1_137' title='bbox 516 1474 627 1542; x_wconf 90' lang='lat' dir='ltr'><strong>opinor,</strong></span> <span class='ocrx_word' id='word_1_138' title='bbox 655 1474 742 1526; x_wconf 89' lang='lat' dir='ltr'><strong>etiam</strong></span> <span class='ocrx_word' id='word_1_139' title='bbox 765 1472 859 1528; x_wconf 88' lang='lat' dir='ltr'><strong>voluit</strong></span> <span class='ocrx_word' id='word_1_140' title='bbox 885 1475 1008 1527; x_wconf 87' lang='lat' dir='ltr'><strong>innuere</strong></span> <span class='ocrx_word' id='word_1_141' title='bbox 1036 1473 1211 1528; x_wconf 85' lang='lat' dir='ltr'><strong>Gebhardus.</strong></span> <span class='ocrx_word' id='word_1_142' title='bbox 1250 1476 1296 1527; x_wconf 82' lang='lat' dir='ltr'><strong>Ex</strong></span> 
     </span>
     <span class='ocr_line' id='line_1_18' title="bbox 136 1545 1295 1615; baseline 0 -19"><span class='ocrx_word' id='word_1_143' title='bbox 136 1547 197 1597; x_wconf 90' lang='lat' dir='ltr'><strong>illis</strong></span> <span class='ocrx_word' id='word_1_144' title='bbox 216 1554 320 1609; x_wconf 86' lang='lat' dir='ltr'><strong>autem,</strong></span> <span class='ocrx_word' id='word_1_145' title='bbox 341 1562 465 1614; x_wconf 88' lang='lat' dir='ltr'><strong>quorum</strong></span> <span class='ocrx_word' id='word_1_146' title='bbox 482 1545 552 1596; x_wconf 88' lang='lat' dir='ltr'><strong>haec</strong></span> <span class='ocrx_word' id='word_1_147' title='bbox 570 1561 626 1597; x_wconf 84' lang='lat' dir='ltr'><strong>vox</strong></span> <span class='ocrx_word' id='word_1_148' title='bbox 646 1545 740 1597; x_wconf 88' lang='lat' dir='ltr'><strong>media</strong></span> <span class='ocrx_word' id='word_1_149' title='bbox 758 1546 887 1615; x_wconf 90' lang='lat' dir='ltr'><strong>ponitur,</strong></span> <span class='ocrx_word' id='word_1_150' title='bbox 906 1546 957 1599; x_wconf 85' lang='lat' dir='ltr'><strong>vix</strong></span> <span class='ocrx_word' id='word_1_151' title='bbox 971 1545 1127 1598; x_wconf 88' lang='lat' dir='ltr'><strong>dubitabile</strong></span> <span class='ocrx_word' id='word_1_152' title='bbox 1141 1554 1193 1611; x_wconf 89' lang='lat' dir='ltr'><strong>est,</strong></span> <span class='ocrx_word' id='word_1_153' title='bbox 1213 1545 1295 1615; x_wconf 91' lang='lat' dir='ltr'><strong>quin,</strong></span> 
     </span>
     <span class='ocr_line' id='line_1_19' title="bbox 137 1613 1296 1686; baseline 0.001 -19"><span class='ocrx_word' id='word_1_154' title='bbox 137 1625 170 1667; x_wconf 89' lang='lat' dir='ltr'><strong>ut</strong></span> <span class='ocrx_word' id='word_1_155' title='bbox 189 1617 282 1670; x_wconf 87' lang='lat' dir='ltr'><strong>aliena</strong></span> <span class='ocrx_word' id='word_1_156' title='bbox 301 1624 330 1668; x_wconf 89' lang='lat' dir='ltr'><strong>et</strong></span> <span class='ocrx_word' id='word_1_157' title='bbox 348 1623 457 1668; x_wconf 85' lang='lat' dir='ltr'><strong>remota</strong></span> <span class='ocrx_word' id='word_1_158' title='bbox 475 1614 546 1668; x_wconf 89' lang='lat' dir='ltr'><strong>hinc</strong></span> <span class='ocrx_word' id='word_1_159' title='bbox 565 1624 607 1668; x_wconf 90' lang='lat' dir='ltr'><strong>est</strong></span> <span class='ocrx_word' id='word_1_160' title='bbox 624 1632 702 1680; x_wconf 81' lang='lat' dir='ltr'><strong>euru,</strong></span> <span class='ocrx_word' id='word_1_161' title='bbox 722 1617 764 1667; x_wconf 87' lang='lat' dir='ltr'><strong>sic</strong></span> <span class='ocrx_word' id='word_1_162' title='bbox 782 1618 914 1686; x_wconf 83' lang='lat' dir='ltr'><strong>proxima</strong></span> <span class='ocrx_word' id='word_1_163' title='bbox 934 1625 963 1670; x_wconf 91' lang='lat' dir='ltr'><strong>et</strong></span> <span class='ocrx_word' id='word_1_164' title='bbox 981 1616 1127 1685; x_wconf 89' lang='lat' dir='ltr'><strong>aptissima</strong></span> <span class='ocrx_word' id='word_1_165' title='bbox 1146 1619 1184 1670; x_wconf 86' lang='lat' dir='ltr'><strong>sit</strong></span> <span class='ocrx_word' id='word_1_166' title='bbox 1199 1613 1296 1669; x_wconf 78' lang='lat' dir='ltr'><strong>tira.“</strong></span> 
     </span>
     <span class='ocr_line' id='line_1_20' title="bbox 137 1685 1296 1822; baseline 0 -82"><span class='ocrx_word' id='word_1_167' title='bbox 137 1686 258 1822; x_wconf 59' lang='lat' dir='ltr'><strong>fircnoq.</strong></span> <span class='ocrx_word' id='word_1_168' title='bbox 290 1685 472 1753; x_wconf 87' lang='lat' dir='ltr'><strong>[Accuratam</strong></span> <span class='ocrx_word' id='word_1_169' title='bbox 497 1685 583 1739; x_wconf 88' lang='lat' dir='ltr'><strong>huius</strong></span> <span class='ocrx_word' id='word_1_170' title='bbox 607 1687 684 1739; x_wconf 88' lang='lat' dir='ltr'><strong>vocis</strong></span> <span class='ocrx_word' id='word_1_171' title='bbox 712 1687 935 1758; x_wconf 80' lang='lat' dir='ltr'><strong>explicationem</strong></span> <span class='ocrx_word' id='word_1_172' title='bbox 963 1686 1048 1740; x_wconf 86' lang='lat' dir='ltr'><strong>habes</strong></span> <span class='ocrx_word' id='word_1_173' title='bbox 1078 1688 1154 1760; x_wconf 87' lang='lat' dir='ltr'><strong>apud</strong></span> <span class='ocrx_word' id='word_1_174' title='bbox 1177 1687 1296 1742; x_wconf 86' lang='lat' dir='ltr'><strong>Forcel-</strong></span> 
     </span>
     <span class='ocr_line' id='line_1_21' title="bbox 152 1759 238 1810; baseline -0.012 -1"><span class='ocrx_word' id='word_1_175' title='bbox 152 1759 238 1810; x_wconf 57' lang='lat' dir='ltr'><strong>m</strong></span> 
     </span>
    </p>

    <p class='ocr_par' dir='ltr' id='par_1_6' title="bbox 135 1827 1294 2398">
     <span class='ocr_line' id='line_1_22' title="bbox 207 1827 1292 1899; baseline 0.002 -17"><span class='ocrx_word' id='word_1_176' title='bbox 207 1828 351 1893; x_wconf 81' lang='lat' dir='ltr'><strong>„Criticis</strong></span> <span class='ocrx_word' id='word_1_177' title='bbox 361 1828 491 1881; x_wconf 87' lang='lat' dir='ltr'><strong>omnibus</strong></span> <span class='ocrx_word' id='word_1_178' title='bbox 505 1827 638 1898; x_wconf 89' lang='lat' dir='ltr'><strong>displicet</strong></span> <span class='ocrx_word' id='word_1_179' title='bbox 648 1843 725 1893; x_wconf 80' lang='lat' dir='ltr'><strong>curo,</strong></span> <span class='ocrx_word' id='word_1_180' title='bbox 745 1845 838 1899; x_wconf 88' lang='lat' dir='ltr'><strong>neque</strong></span> <span class='ocrx_word' id='word_1_181' title='bbox 855 1827 1010 1883; x_wconf 85' lang='lat' dir='ltr'><strong>immerito.</strong></span> <span class='ocrx_word' id='word_1_182' title='bbox 1049 1828 1201 1883; x_wconf 75' lang='lat' dir='ltr'><strong>Acciderat</strong></span> <span class='ocrx_word' id='word_1_183' title='bbox 1218 1828 1292 1885; x_wconf 88' lang='lat' dir='ltr'><strong>mibi</strong></span> 
     </span>
     <span class='ocr_line' id='line_1_23' title="bbox 136 1895 1293 1970; baseline 0.002 -18"><span class='ocrx_word' id='word_1_184' title='bbox 136 1908 254 1970; x_wconf 88' lang='lat' dir='ltr'><strong>praeter</strong></span> <span class='ocrx_word' id='word_1_185' title='bbox 275 1907 384 1952; x_wconf 89' lang='lat' dir='ltr'><strong>ceteras</strong></span> <span class='ocrx_word' id='word_1_186' title='bbox 405 1898 516 1952; x_wconf 88' lang='lat' dir='ltr'><strong>Davisii</strong></span> <span class='ocrx_word' id='word_1_187' title='bbox 542 1900 713 1953; x_wconf 87' lang='lat' dir='ltr'><strong>coniectatio</strong></span> <span class='ocrx_word' id='word_1_188' title='bbox 740 1901 907 1970; x_wconf 86' lang='lat' dir='ltr'><strong>reponentis</strong></span> <span class='ocrx_word' id='word_1_189' title='bbox 931 1895 1010 1964; x_wconf 80' lang='lat' dir='ltr'><strong>Furi,</strong></span> <span class='ocrx_word' id='word_1_190' title='bbox 1036 1899 1061 1951; x_wconf 88' lang='lat' dir='ltr'><strong>si</strong></span> <span class='ocrx_word' id='word_1_191' title='bbox 1085 1901 1215 1953; x_wconf 88' lang='lat' dir='ltr'><strong>viderem</strong></span> <span class='ocrx_word' id='word_1_192' title='bbox 1233 1902 1293 1954; x_wconf 90' lang='lat' dir='ltr'><strong>eius</strong></span> 
     </span>
     <span class='ocr_line' id='line_1_24' title="bbox 136 1969 1294 2038; baseline 0.002 -16"><span class='ocrx_word' id='word_1_193' title='bbox 136 1970 260 2023; x_wconf 88' lang='lat' dir='ltr'><strong>nominis</strong></span> <span class='ocrx_word' id='word_1_194' title='bbox 279 1971 406 2038; x_wconf 84' lang='lat' dir='ltr'><strong>aliquem</strong></span> <span class='ocrx_word' id='word_1_195' title='bbox 423 1971 522 2035; x_wconf 86' lang='lat' dir='ltr'><strong>fuisse,</strong></span> <span class='ocrx_word' id='word_1_196' title='bbox 543 1971 593 2038; x_wconf 88' lang='lat' dir='ltr'><strong>qui</strong></span> <span class='ocrx_word' id='word_1_197' title='bbox 612 1988 679 2022; x_wconf 90' lang='lat' dir='ltr'><strong>cum</strong></span> <span class='ocrx_word' id='word_1_198' title='bbox 696 1971 752 2023; x_wconf 89' lang='lat' dir='ltr'><strong>boc</strong></span> <span class='ocrx_word' id='word_1_199' title='bbox 771 1971 920 2024; x_wconf 88' lang='lat' dir='ltr'><strong>Pacidiano</strong></span> <span class='ocrx_word' id='word_1_200' title='bbox 940 1969 1184 2023; x_wconf 86' lang='lat' dir='ltr'><strong>committeretur.</strong></span> <span class='ocrx_word' id='word_1_201' title='bbox 1215 1971 1294 2037; x_wconf 80' lang='lat' dir='ltr'><strong>Quod</strong></span> 
     </span>
     <span class='ocr_line' id='line_1_25' title="bbox 138 2040 1293 2106; baseline 0 -12"><span class='ocrx_word' id='word_1_202' title='bbox 138 2042 216 2094; x_wconf 88' lang='lat' dir='ltr'><strong>enim</strong></span> <span class='ocrx_word' id='word_1_203' title='bbox 232 2040 379 2096; x_wconf 88' lang='lat' dir='ltr'><strong>Bentleius</strong></span> <span class='ocrx_word' id='word_1_204' title='bbox 398 2041 506 2106; x_wconf 90' lang='lat' dir='ltr'><strong>obiicit,</strong></span> <span class='ocrx_word' id='word_1_205' title='bbox 525 2058 584 2094; x_wconf 89' lang='lat' dir='ltr'><strong>non</strong></span> <span class='ocrx_word' id='word_1_206' title='bbox 602 2041 697 2094; x_wconf 86' lang='lat' dir='ltr'><strong>videri</strong></span> <span class='ocrx_word' id='word_1_207' title='bbox 713 2043 899 2094; x_wconf 87' lang='lat' dir='ltr'><strong>Pacidianum</strong></span> <span class='ocrx_word' id='word_1_208' title='bbox 917 2040 947 2093; x_wconf 85' lang='lat' dir='ltr'><strong>id</strong></span> <span class='ocrx_word' id='word_1_209' title='bbox 965 2040 1082 2092; x_wconf 88' lang='lat' dir='ltr'><strong>honoris</strong></span> <span class='ocrx_word' id='word_1_210' title='bbox 1108 2041 1174 2094; x_wconf 89' lang='lat' dir='ltr'><strong>dare</strong></span> <span class='ocrx_word' id='word_1_211' title='bbox 1193 2041 1293 2094; x_wconf 87' lang='lat' dir='ltr'><strong>adver·</strong></span> 
     </span>
     <span class='ocr_line' id='line_1_26' title="bbox 135 2106 1292 2183; baseline 0.001 -19"><span class='ocrx_word' id='word_1_212' title='bbox 135 2113 211 2165; x_wconf 86' lang='lat' dir='ltr'><strong>sario</strong></span> <span class='ocrx_word' id='word_1_213' title='bbox 229 2112 362 2176; x_wconf 88' lang='lat' dir='ltr'><strong>voluisse,</strong></span> <span class='ocrx_word' id='word_1_214' title='bbox 382 2121 416 2163; x_wconf 92' lang='lat' dir='ltr'><strong>ut</strong></span> <span class='ocrx_word' id='word_1_215' title='bbox 435 2106 500 2164; x_wconf 74' lang='lat' dir='ltr'><strong>eum</strong></span> <span class='ocrx_word' id='word_1_216' title='bbox 519 2111 554 2164; x_wconf 87' lang='lat' dir='ltr'><strong>(le</strong></span> <span class='ocrx_word' id='word_1_217' title='bbox 572 2113 688 2165; x_wconf 83' lang='lat' dir='ltr'><strong>nomine</strong></span> <span class='ocrx_word' id='word_1_218' title='bbox 706 2112 877 2183; x_wconf 86' lang='lat' dir='ltr'><strong>appellaret,</strong></span> <span class='ocrx_word' id='word_1_219' title='bbox 896 2112 926 2164; x_wconf 85' lang='lat' dir='ltr'><strong>id</strong></span> <span class='ocrx_word' id='word_1_220' title='bbox 942 2128 1015 2178; x_wconf 78' lang='lat' dir='ltr'><strong>vero</strong></span> <span class='ocrx_word' id='word_1_221' title='bbox 1030 2111 1119 2163; x_wconf 89' lang='lat' dir='ltr'><strong>nihili</strong></span> <span class='ocrx_word' id='word_1_222' title='bbox 1138 2120 1188 2164; x_wconf 90' lang='lat' dir='ltr'><strong>est.</strong></span> <span class='ocrx_word' id='word_1_223' title='bbox 1222 2113 1292 2166; x_wconf 86' lang='lat' dir='ltr'><strong>Esto</strong></span> 
     </span>
     <span class='ocr_line' id='line_1_27' title="bbox 136 2182 1293 2254; baseline 0 -17"><span class='ocrx_word' id='word_1_224' title='bbox 136 2185 227 2237; x_wconf 88' lang='lat' dir='ltr'><strong>enim:</strong></span> <span class='ocrx_word' id='word_1_225' title='bbox 247 2184 284 2236; x_wconf 89' lang='lat' dir='ltr'><strong>sit</strong></span> <span class='ocrx_word' id='word_1_226' title='bbox 303 2183 358 2236; x_wconf 91' lang='lat' dir='ltr'><strong>hoc</strong></span> <span class='ocrx_word' id='word_1_227' title='bbox 377 2200 435 2236; x_wconf 89' lang='lat' dir='ltr'><strong>non</strong></span> <span class='ocrx_word' id='word_1_228' title='bbox 453 2183 516 2235; x_wconf 85' lang='lat' dir='ltr'><strong>veri</strong></span> <span class='ocrx_word' id='word_1_229' title='bbox 535 2183 644 2249; x_wconf 78' lang='lat' dir='ltr'><strong>simile3</strong></span> <span class='ocrx_word' id='word_1_230' title='bbox 676 2192 858 2254; x_wconf 84' lang='lat' dir='ltr'><strong>spectatores,</strong></span> <span class='ocrx_word' id='word_1_231' title='bbox 879 2183 955 2253; x_wconf 88' lang='lat' dir='ltr'><strong>quod</strong></span> <span class='ocrx_word' id='word_1_232' title='bbox 973 2182 1188 2248; x_wconf 86' lang='lat' dir='ltr'><strong>observandum,</strong></span> <span class='ocrx_word' id='word_1_233' title='bbox 1214 2184 1293 2237; x_wconf 84' lang='lat' dir='ltr'><strong>Paci·</strong></span> 
     </span>
     <span class='ocr_line' id='line_1_28' title="bbox 135 2253 1292 2328; baseline 0 -21"><span class='ocrx_word' id='word_1_234' title='bbox 135 2255 236 2308; x_wconf 89' lang='lat' dir='ltr'><strong>dianus</strong></span> <span class='ocrx_word' id='word_1_235' title='bbox 260 2254 428 2323; x_wconf 85' lang='lat' dir='ltr'><strong>alloquitur,</strong></span> <span class='ocrx_word' id='word_1_236' title='bbox 456 2270 515 2307; x_wconf 90' lang='lat' dir='ltr'><strong>non</strong></span> <span class='ocrx_word' id='word_1_237' title='bbox 539 2254 694 2312; x_wconf 86' lang='lat' dir='ltr'><strong>aemulum.</strong></span> <span class='ocrx_word' id='word_1_238' title='bbox 736 2255 905 2326; x_wconf 80' lang='lat' dir='ltr'><strong>suspicandi</strong></span> <span class='ocrx_word' id='word_1_239' title='bbox 928 2269 998 2328; x_wconf 78' lang='lat' dir='ltr'><strong>ergo</strong></span> <span class='ocrx_word' id='word_1_240' title='bbox 1029 2253 1110 2306; x_wconf 76' lang='lat' dir='ltr'><strong>locut</strong></span> <span class='ocrx_word' id='word_1_241' title='bbox 1133 2261 1191 2320; x_wconf 88' lang='lat' dir='ltr'><strong>est,</strong></span> <span class='ocrx_word' id='word_1_242' title='bbox 1220 2255 1292 2307; x_wconf 89' lang='lat' dir='ltr'><strong>scri-</strong></span> 
     </span>
     <span class='ocr_line' id='line_1_29' title="bbox 136 2326 404 2398; baseline 0 -20"><span class='ocrx_word' id='word_1_243' title='bbox 136 2327 223 2398; x_wconf 85' lang='lat' dir='ltr'><strong>psisse</strong></span> <span class='ocrx_word' id='word_1_244' title='bbox 241 2326 404 2378; x_wconf 72' lang='lat' dir='ltr'><strong>Luciliumz</strong></span> 
     </span>
    </p>

    <p class='ocr_par' dir='ltr' id='par_1_7' title="bbox 133 2393 1290 2894">
     <span class='ocr_line' id='line_1_30' title="bbox 276 2393 1212 2465; baseline 0.001 -15"><span class='ocrx_word' id='word_1_245' title='bbox 276 2397 364 2451; x_wconf 83' lang='lat' dir='ltr'><strong>Quom</strong></span> <span class='ocrx_word' id='word_1_246' title='bbox 381 2394 509 2462; x_wconf 81' lang='lat' dir='ltr'><strong>gladium</strong></span> <span class='ocrx_word' id='word_1_247' title='bbox 526 2393 557 2448; x_wconf 79' lang='lat' dir='ltr'><strong>s&#39;n</strong></span> <span class='ocrx_word' id='word_1_248' title='bbox 575 2393 714 2449; x_wconf 79' lang='lat' dir='ltr'><strong>eeomaclo</strong></span> <span class='ocrx_word' id='word_1_249' title='bbox 733 2396 837 2450; x_wconf 80' lang='lat' dir='ltr'><strong>Fulvi</strong></span> <span class='ocrx_word' id='word_1_250' title='bbox 846 2406 891 2462; x_wconf 17' lang='lat' dir='ltr'><strong>&#39;ac‘</strong></span> <span class='ocrx_word' id='word_1_251' title='bbox 902 2393 1072 2465; x_wconf 80' lang='lat' dir='ltr'><strong>pulmonitu’</strong></span> <span class='ocrx_word' id='word_1_252' title='bbox 1092 2394 1164 2450; x_wconf 74' lang='lat' dir='ltr'><strong>cisto</strong></span> <span class='ocrx_word' id='word_1_253' title='bbox 1177 2394 1212 2462; x_wconf 81' lang='lat'><strong>*).</strong></span> 
     </span>
     <span class='ocr_line' id='line_1_31' title="bbox 133 2463 1288 2541; baseline 0.002 -21"><span class='ocrx_word' id='word_1_254' title='bbox 133 2465 271 2520; x_wconf 84' lang='lat' dir='ltr'><strong>Fulvium</strong></span> <span class='ocrx_word' id='word_1_255' title='bbox 296 2467 486 2541; x_wconf 80' lang='lat' dir='ltr'><strong>gladiatorem</strong></span> <span class='ocrx_word' id='word_1_256' title='bbox 513 2483 578 2519; x_wconf 91' lang='lat' dir='ltr'><strong>cum</strong></span> <span class='ocrx_word' id='word_1_257' title='bbox 596 2467 746 2519; x_wconf 85' lang='lat' dir='ltr'><strong>Pacidiano</strong></span> <span class='ocrx_word' id='word_1_258' title='bbox 765 2463 912 2538; x_wconf 82' lang='lat' dir='ltr'><strong>componit</strong></span> <span class='ocrx_word' id='word_1_259' title='bbox 934 2467 1069 2520; x_wconf 82' lang='lat' dir='ltr'><strong>Horatius</strong></span> <span class='ocrx_word' id='word_1_260' title='bbox 1088 2467 1128 2520; x_wconf 88' lang='grc' dir='ltr'><strong>ΙΙ.</strong></span> <span class='ocrx_word' id='word_1_261' title='bbox 1149 2468 1205 2521; x_wconf 80' lang='lat' dir='ltr'><strong>sat.</strong></span> <span class='ocrx_word' id='word_1_262' title='bbox 1225 2469 1288 2522; x_wconf 84' lang='lat' dir='ltr'><strong>vll.</strong></span> 
     </span>
     <span class='ocr_line' id='line_1_32' title="bbox 133 2536 1290 2612; baseline -0.002 -18"><span class='ocrx_word' id='word_1_263' title='bbox 133 2542 177 2595; x_wconf 85' lang='grc'><strong>96.</strong></span> <span class='ocrx_word' id='word_1_264' title='bbox 206 2564 240 2574; x_wconf 91' lang='grc'>-</span> <span class='ocrx_word' id='word_1_265' title='bbox 276 2538 355 2591; x_wconf 87' lang='lat' dir='ltr'><strong>Addo</strong></span> <span class='ocrx_word' id='word_1_266' title='bbox 378 2538 410 2588; x_wconf 92' lang='lat' dir='ltr'><strong>in</strong></span> <span class='ocrx_word' id='word_1_267' title='bbox 429 2537 496 2589; x_wconf 87' lang='lat' dir='ltr'><strong>Cod.</strong></span> <span class='ocrx_word' id='word_1_268' title='bbox 514 2538 583 2610; x_wconf 79' lang='lat' dir='ltr'><strong>Reg.</strong></span> <span class='ocrx_word' id='word_1_269' title='bbox 610 2537 670 2612; x_wconf 77' lang='lat' dir='ltr'><strong>legi</strong></span> <span class='ocrx_word' id='word_1_270' title='bbox 689 2536 780 2602; x_wconf 77' lang='lat' dir='ltr'><strong>eurio,</strong></span> <span class='ocrx_word' id='word_1_271' title='bbox 808 2547 837 2591; x_wconf 85' lang='lat' dir='ltr'><strong>et</strong></span> <span class='ocrx_word' id='word_1_272' title='bbox 861 2539 894 2590; x_wconf 92' lang='lat' dir='ltr'><strong>in</strong></span> <span class='ocrx_word' id='word_1_273' title='bbox 918 2555 976 2592; x_wconf 91' lang='lat' dir='ltr'><strong>uno</strong></span> <span class='ocrx_word' id='word_1_274' title='bbox 993 2538 1072 2590; x_wconf 79' lang='lat' dir='ltr'><strong>Leid.</strong></span> <span class='ocrx_word' id='word_1_275' title='bbox 1092 2555 1159 2592; x_wconf 86' lang='lat' dir='ltr'><strong>una.</strong></span> <span class='ocrx_word' id='word_1_276' title='bbox 1185 2565 1219 2578; x_wconf 89' lang='lat'>—</span> <span class='ocrx_word' id='word_1_277' title='bbox 1254 2538 1290 2593; x_wconf 88' lang='lat' dir='ltr'><strong>ln</strong></span> 
     </span>
     <span class='ocr_line' id='line_1_33' title="bbox 133 2607 1290 2684; baseline 0.002 -21"><span class='ocrx_word' id='word_1_278' title='bbox 133 2627 213 2680; x_wconf 83' lang='lat' dir='ltr'><strong>seqq.</strong></span> <span class='ocrx_word' id='word_1_279' title='bbox 233 2607 366 2660; x_wconf 88' lang='lat' dir='ltr'><strong>nonnulli</strong></span> <span class='ocrx_word' id='word_1_280' title='bbox 385 2608 470 2662; x_wconf 80' lang='lat' dir='ltr'><strong>codd.</strong></span> <span class='ocrx_word' id='word_1_281' title='bbox 490 2608 597 2660; x_wconf 90' lang='lat' dir='ltr'><strong>habent</strong></span> <span class='ocrx_word' id='word_1_282' title='bbox 615 2608 713 2674; x_wconf 75' lang='lat' dir='ltr'><strong>cotie,</strong></span> <span class='ocrx_word' id='word_1_283' title='bbox 739 2608 770 2660; x_wconf 89' lang='lat' dir='ltr'><strong>in</strong></span> <span class='ocrx_word' id='word_1_284' title='bbox 787 2608 833 2661; x_wconf 89' lang='lat' dir='ltr'><strong>his</strong></span> <span class='ocrx_word' id='word_1_285' title='bbox 850 2611 919 2684; x_wconf 77' lang='lat' dir='ltr'><strong>Reg.</strong></span> <span class='ocrx_word' id='word_1_286' title='bbox 948 2618 976 2662; x_wconf 90' lang='lat' dir='ltr'><strong>et</strong></span> <span class='ocrx_word' id='word_1_287' title='bbox 994 2627 1068 2661; x_wconf 91' lang='lat' dir='ltr'><strong>unus</strong></span> <span class='ocrx_word' id='word_1_288' title='bbox 1086 2610 1166 2662; x_wconf 85' lang='lat' dir='ltr'><strong>Leid.</strong></span> <span class='ocrx_word' id='word_1_289' title='bbox 1186 2611 1223 2663; x_wconf 84' lang='lat' dir='ltr'><strong>Pe</strong></span> <span class='ocrx_word' id='word_1_290' title='bbox 1261 2627 1290 2665; x_wconf 87' lang='lat' dir='ltr'><strong>e-</strong></span> 
     </span>
     <span class='ocr_line' id='line_1_34' title="bbox 133 2677 1289 2754; baseline 0.002 -21"><span class='ocrx_word' id='word_1_291' title='bbox 133 2699 204 2733; x_wconf 89' lang='lat' dir='ltr'><strong>ram.</strong></span> <span class='ocrx_word' id='word_1_292' title='bbox 243 2677 299 2734; x_wconf 87' lang='lat' dir='ltr'><strong>Sed</strong></span> <span class='ocrx_word' id='word_1_293' title='bbox 321 2681 417 2732; x_wconf 89' lang='lat' dir='ltr'><strong>nescio</strong></span> <span class='ocrx_word' id='word_1_294' title='bbox 441 2680 511 2748; x_wconf 89' lang='lat' dir='ltr'><strong>quid</strong></span> <span class='ocrx_word' id='word_1_295' title='bbox 537 2678 590 2730; x_wconf 87' lang='lat' dir='ltr'><strong>sibi</strong></span> <span class='ocrx_word' id='word_1_296' title='bbox 616 2679 745 2733; x_wconf 87' lang='lat' dir='ltr'><strong>voluerit</strong></span> <span class='ocrx_word' id='word_1_297' title='bbox 764 2681 895 2754; x_wconf 80' lang='lat' dir='ltr'><strong>Scaliger</strong></span> <span class='ocrx_word' id='word_1_298' title='bbox 913 2679 1060 2753; x_wconf 78' lang='lat' dir='ltr'><strong>corrigens</strong></span> <span class='ocrx_word' id='word_1_299' title='bbox 1083 2681 1164 2734; x_wconf 82' lang='lat' dir='ltr'><strong>cotie.</strong></span> <span class='ocrx_word' id='word_1_300' title='bbox 1204 2681 1243 2733; x_wconf 88' lang='lat' dir='ltr'><strong>Ni</strong></span> <span class='ocrx_word' id='word_1_301' title='bbox 1266 2682 1289 2735; x_wconf 90' lang='lat' dir='ltr'><strong>il</strong></span> 
     </span>
     <span class='ocr_line' id='line_1_35' title="bbox 133 2750 1286 2828; baseline 0.003 -24"><span class='ocrx_word' id='word_1_302' title='bbox 133 2751 310 2804; x_wconf 89' lang='lat' dir='ltr'><strong>mutandum.</strong></span> <span class='ocrx_word' id='word_1_303' title='bbox 347 2750 488 2825; x_wconf 78' lang='lat' dir='ltr'><strong>intellige</strong></span> <span class='ocrx_word' id='word_1_304' title='bbox 510 2756 615 2816; x_wconf 74' lang='lat' dir='ltr'><strong>lempna</strong></span> <span class='ocrx_word' id='word_1_305' title='bbox 640 2759 669 2803; x_wconf 90' lang='lat' dir='ltr'><strong>et</strong></span> <span class='ocrx_word' id='word_1_306' title='bbox 685 2752 805 2819; x_wconf 79' lang='lat' dir='ltr'><strong>postulo,</strong></span> <span class='ocrx_word' id='word_1_307' title='bbox 830 2752 906 2821; x_wconf 88' lang='lat' dir='ltr'><strong>quod</strong></span> <span class='ocrx_word' id='word_1_308' title='bbox 923 2752 1010 2804; x_wconf 85' lang='lat' dir='ltr'><strong>facile</strong></span> <span class='ocrx_word' id='word_1_309' title='bbox 1027 2760 1122 2822; x_wconf 88' lang='lat' dir='ltr'><strong>potest</strong></span> <span class='ocrx_word' id='word_1_310' title='bbox 1140 2753 1286 2828; x_wconf 75' lang='lat' dir='ltr'><strong>intelligi:</strong></span> 
     </span>
     <span class='ocr_line' id='line_1_36' title="bbox 134 2820 1239 2894; baseline 0.005 -20"><span class='ocrx_word' id='word_1_311' title='bbox 134 2823 233 2893; x_wconf 88' lang='lat' dir='ltr'><strong>quales</strong></span> <span class='ocrx_word' id='word_1_312' title='bbox 252 2822 367 2890; x_wconf 88' lang='lat' dir='ltr'><strong>ellipses</strong></span> <span class='ocrx_word' id='word_1_313' title='bbox 386 2823 418 2873; x_wconf 90' lang='lat' dir='ltr'><strong>in</strong></span> <span class='ocrx_word' id='word_1_314' title='bbox 436 2822 536 2873; x_wconf 86' lang='lat' dir='ltr'><strong>Latina</strong></span> <span class='ocrx_word' id='word_1_315' title='bbox 555 2820 656 2894; x_wconf 85' lang='lat' dir='ltr'><strong>lingua</strong></span> <span class='ocrx_word' id='word_1_316' title='bbox 673 2839 855 2892; x_wconf 87' lang='lat' dir='ltr'><strong>nequaquam</strong></span> <span class='ocrx_word' id='word_1_317' title='bbox 872 2831 938 2874; x_wconf 88' lang='lat' dir='ltr'><strong>sunt</strong></span> <span class='ocrx_word' id='word_1_318' title='bbox 955 2821 1069 2875; x_wconf 63' lang='lat' dir='ltr'><strong>rarae.“,</strong></span> <span class='ocrx_word' id='word_1_319' title='bbox 1104 2821 1239 2880; x_wconf 68' lang='lat' dir='ltr'><strong>Bouhier.</strong></span> 
     </span>
    </p>

    <p class='ocr_par' dir='ltr' id='par_1_8' title="bbox 131 2891 1287 3101">
     <span class='ocr_line' id='line_1_37' title="bbox 205 2891 1287 2963; baseline 0.002 -18"><span class='ocrx_word' id='word_1_320' title='bbox 205 2891 307 2956; x_wconf 83' lang='lat' dir='ltr'><strong>„Sura</strong></span> <span class='ocrx_word' id='word_1_321' title='bbox 325 2901 406 2945; x_wconf 89' lang='lat' dir='ltr'><strong>certe</strong></span> <span class='ocrx_word' id='word_1_322' title='bbox 424 2892 561 2945; x_wconf 88' lang='lat' dir='ltr'><strong>vitiosum</strong></span> <span class='ocrx_word' id='word_1_323' title='bbox 580 2900 635 2944; x_wconf 85' lang='lat' dir='ltr'><strong>est:</strong></span> <span class='ocrx_word' id='word_1_324' title='bbox 657 2893 727 2961; x_wconf 87' lang='lat' dir='ltr'><strong>quid</strong></span> <span class='ocrx_word' id='word_1_325' title='bbox 745 2894 953 2963; x_wconf 87' lang='lat' dir='ltr'><strong>reponendum,</strong></span> <span class='ocrx_word' id='word_1_326' title='bbox 980 2894 1013 2945; x_wconf 87' lang='lat' dir='ltr'><strong>in</strong></span> <span class='ocrx_word' id='word_1_327' title='bbox 1037 2909 1070 2947; x_wconf 88' lang='lat' dir='ltr'><strong>eu</strong></span> <span class='ocrx_word' id='word_1_328' title='bbox 1092 2910 1150 2947; x_wconf 88' lang='lat' dir='ltr'><strong>non</strong></span> <span class='ocrx_word' id='word_1_329' title='bbox 1168 2911 1287 2947; x_wconf 90' lang='lat' dir='ltr'><strong>consen-</strong></span> 
     </span>
     <span class='ocr_line' id='line_1_38' title="bbox 133 2961 1287 3033; baseline 0.003 -17"><span class='ocrx_word' id='word_1_330' title='bbox 133 2963 212 3016; x_wconf 88' lang='lat' dir='ltr'><strong>tiunt</strong></span> <span class='ocrx_word' id='word_1_331' title='bbox 229 2963 288 3015; x_wconf 85' lang='lat' dir='ltr'><strong>viri</strong></span> <span class='ocrx_word' id='word_1_332' title='bbox 306 2962 393 3016; x_wconf 88' lang='lat' dir='ltr'><strong>docti.</strong></span> <span class='ocrx_word' id='word_1_333' title='bbox 429 2961 502 3015; x_wconf 86' lang='lat' dir='ltr'><strong>Mihi</strong></span> <span class='ocrx_word' id='word_1_334' title='bbox 522 2961 645 3015; x_wconf 84' lang='lat' dir='ltr'><strong>maxime</strong></span> <span class='ocrx_word' id='word_1_335' title='bbox 664 2964 758 3033; x_wconf 88' lang='lat' dir='ltr'><strong>placet</strong></span> <span class='ocrx_word' id='word_1_336' title='bbox 774 2965 856 3030; x_wconf 82' lang='lat' dir='ltr'><strong>fibra,</strong></span> <span class='ocrx_word' id='word_1_337' title='bbox 876 2964 911 3018; x_wconf 91' lang='lat' dir='ltr'><strong>de</strong></span> <span class='ocrx_word' id='word_1_338' title='bbox 929 2964 1033 3017; x_wconf 89' lang='lat' dir='ltr'><strong>iecore.</strong></span> <span class='ocrx_word' id='word_1_339' title='bbox 1072 2964 1162 3017; x_wconf 81' lang='lat' dir='ltr'><strong>Favet</strong></span> <span class='ocrx_word' id='word_1_340' title='bbox 1178 2965 1287 3019; x_wconf 84' lang='lat' dir='ltr'><strong>vicinia</strong></span> 
     </span>
     <span class='ocr_line' id='line_1_39' title="bbox 131 3030 1032 3101; baseline -0.003 -13"><span class='ocrx_word' id='word_1_341' title='bbox 131 3035 286 3088; x_wconf 83' lang='lat' dir='ltr'><strong>verborum</strong></span> <span class='ocrx_word' id='word_1_342' title='bbox 303 3030 454 3099; x_wconf 71' lang='lat' dir='ltr'><strong>stomacho,</strong></span> <span class='ocrx_word' id='word_1_343' title='bbox 470 3031 677 3101; x_wconf 81' lang='lat' dir='ltr'><strong>pulmonitue.“</strong></span> <span class='ocrx_word' id='word_1_344' title='bbox 713 3035 781 3087; x_wconf 85' lang='lat' dir='ltr'><strong>Ern.</strong></span> <span class='ocrx_word' id='word_1_345' title='bbox 1026 3081 1032 3085; x_wconf 87' lang='lat'><strong>.</strong></span> 
     </span>
    </p>

    <p class='ocr_par' dir='ltr' id='par_1_9' title="bbox 133 3102 1343 3317">
     <span class='ocr_line' id='line_1_40' title="bbox 202 3102 1343 3179; baseline 0.004 -22"><span class='ocrx_word' id='word_1_346' title='bbox 202 3103 314 3179; x_wconf 80' lang='lat' dir='ltr'><strong>„Regii</strong></span> <span class='ocrx_word' id='word_1_347' title='bbox 339 3105 426 3159; x_wconf 80' lang='lat' dir='ltr'><strong>oodd.</strong></span> <span class='ocrx_word' id='word_1_348' title='bbox 451 3122 516 3156; x_wconf 89' lang='lat' dir='ltr'><strong>cum</strong></span> <span class='ocrx_word' id='word_1_349' title='bbox 543 3103 607 3157; x_wconf 91' lang='lat' dir='ltr'><strong>aliis</strong></span> <span class='ocrx_word' id='word_1_350' title='bbox 632 3105 737 3158; x_wconf 80' lang='lat' dir='ltr'><strong>vitiose</strong></span> <span class='ocrx_word' id='word_1_351' title='bbox 762 3105 794 3158; x_wconf 76' lang='lat' dir='ltr'><strong>in</strong></span> <span class='ocrx_word' id='word_1_352' title='bbox 811 3102 952 3160; x_wconf 77' lang='lat' dir='ltr'><strong>atomaclo</strong></span> <span class='ocrx_word' id='word_1_353' title='bbox 975 3105 1084 3172; x_wconf 76' lang='lat' dir='ltr'><strong>furio.</strong></span> <span class='ocrx_word' id='word_1_354' title='bbox 1122 3106 1183 3160; x_wconf 86' lang='lat' dir='ltr'><strong>Alii</strong></span> <span class='ocrx_word' id='word_1_355' title='bbox 1201 3107 1288 3162; x_wconf 88' lang='lat' dir='ltr'><strong>aliter</strong></span> <span class='ocrx_word' id='word_1_356' title='bbox 1339 3149 1343 3154; x_wconf 87' lang='lat'><strong>.</strong></span> 
     </span>
     <span class='ocr_line' id='line_1_41' title="bbox 133 3173 1288 3245; baseline 0.003 -18"><span class='ocrx_word' id='word_1_357' title='bbox 133 3177 298 3230; x_wconf 71' lang='lat' dir='ltr'><strong>emendante</strong></span> <span class='ocrx_word' id='word_1_358' title='bbox 332 3192 411 3241; x_wconf 77' lang='lat' dir='ltr'><strong>aare,</strong></span> <span class='ocrx_word' id='word_1_359' title='bbox 436 3176 518 3242; x_wconf 74' lang='lat' dir='ltr'><strong>fibra,</strong></span> <span class='ocrx_word' id='word_1_360' title='bbox 544 3174 618 3241; x_wconf 82' lang='lat' dir='ltr'><strong>lura,</strong></span> <span class='ocrx_word' id='word_1_361' title='bbox 645 3173 718 3244; x_wconf 78' lang='lat' dir='ltr'><strong>lira,</strong></span> <span class='ocrx_word' id='word_1_362' title='bbox 739 3177 824 3244; x_wconf 73' lang='lat' dir='ltr'><strong>furii,</strong></span> <span class='ocrx_word' id='word_1_363' title='bbox 851 3176 956 3245; x_wconf 73' lang='lat' dir='ltr'><strong>furiae.</strong></span> <span class='ocrx_word' id='word_1_364' title='bbox 991 3178 1051 3230; x_wconf 90' lang='lat' dir='ltr'><strong>Nos</strong></span> <span class='ocrx_word' id='word_1_365' title='bbox 1075 3177 1197 3233; x_wconf 87' lang='lat' dir='ltr'><strong>Buherii</strong></span> <span class='ocrx_word' id='word_1_366' title='bbox 1220 3196 1288 3234; x_wconf 88' lang='lat' dir='ltr'><strong>con·</strong></span> 
     </span>
     <span class='ocr_line' id='line_1_42' title="bbox 133 3244 1272 3317; baseline 0.001 -19"><span class='ocrx_word' id='word_1_367' title='bbox 133 3248 274 3300; x_wconf 77' lang='lat' dir='ltr'><strong>lecturam</strong></span> <span class='ocrx_word' id='word_1_368' title='bbox 292 3246 472 3317; x_wconf 87' lang='lat' dir='ltr'><strong>sequimur.“</strong></span> <span class='ocrx_word' id='word_1_369' title='bbox 508 3244 712 3302; x_wconf 82' lang='lat' dir='ltr'><strong>Lallemunnue.</strong></span> <span class='ocrx_word' id='word_1_370' title='bbox 1187 3251 1189 3255; x_wconf 75' lang='grc'>’</span> <span class='ocrx_word' id='word_1_371' title='bbox 1271 3259 1272 3263; x_wconf 73' lang='grc'>’</span> 
     </span>
    </p>

    <p class='ocr_par' dir='ltr' id='par_1_10' title="bbox 130 3317 1289 3815">
     <span class='ocr_line' id='line_1_43' title="bbox 202 3317 1287 3390; baseline 0 -18"><span class='ocrx_word' id='word_1_372' title='bbox 202 3317 277 3372; x_wconf 83' lang='lat' dir='ltr'><strong>Sara</strong></span> <span class='ocrx_word' id='word_1_373' title='bbox 299 3328 383 3371; x_wconf 85' lang='lat' dir='ltr'><strong>vetus</strong></span> <span class='ocrx_word' id='word_1_374' title='bbox 406 3326 448 3371; x_wconf 89' lang='lat' dir='ltr'><strong>est</strong></span> <span class='ocrx_word' id='word_1_375' title='bbox 470 3318 627 3388; x_wconf 87' lang='lat' dir='ltr'><strong>corruptio.</strong></span> <span class='ocrx_word' id='word_1_376' title='bbox 664 3319 726 3371; x_wconf 90' lang='lat' dir='ltr'><strong>Alii</strong></span> <span class='ocrx_word' id='word_1_377' title='bbox 753 3318 841 3371; x_wconf 86' lang='lat' dir='ltr'><strong>aliter</strong></span> <span class='ocrx_word' id='word_1_378' title='bbox 867 3317 1027 3371; x_wconf 87' lang='lat' dir='ltr'><strong>emendant.</strong></span> <span class='ocrx_word' id='word_1_379' title='bbox 1070 3319 1191 3390; x_wconf 82' lang='lat' dir='ltr'><strong>Aliquot</strong></span> <span class='ocrx_word' id='word_1_380' title='bbox 1216 3319 1287 3373; x_wconf 89' lang='lat' dir='ltr'><strong>libri</strong></span> 
     </span>
     <span class='ocr_line' id='line_1_44' title="bbox 130 3387 1288 3460; baseline 0.002 -20"><span class='ocrx_word' id='word_1_381' title='bbox 130 3387 237 3441; x_wconf 87' lang='lat' dir='ltr'><strong>babent</strong></span> <span class='ocrx_word' id='word_1_382' title='bbox 258 3389 447 3459; x_wconf 85' lang='lat' dir='ltr'><strong>scriptionem</strong></span> <span class='ocrx_word' id='word_1_383' title='bbox 469 3390 504 3442; x_wconf 88' lang='lat' dir='ltr'><strong>ad</strong></span> <span class='ocrx_word' id='word_1_384' title='bbox 528 3405 628 3441; x_wconf 85' lang='lat' dir='ltr'><strong>vocem</strong></span> <span class='ocrx_word' id='word_1_385' title='bbox 652 3389 732 3455; x_wconf 73' lang='lat' dir='ltr'><strong>furio</strong></span> <span class='ocrx_word' id='word_1_386' title='bbox 749 3389 942 3442; x_wconf 87' lang='lat' dir='ltr'><strong>accedentem.</strong></span> <span class='ocrx_word' id='word_1_387' title='bbox 981 3389 1103 3443; x_wconf 83' lang='lat' dir='ltr'><strong>Maxime</strong></span> <span class='ocrx_word' id='word_1_388' title='bbox 1130 3390 1205 3442; x_wconf 86' lang='lat' dir='ltr'><strong>mihi</strong></span> <span class='ocrx_word' id='word_1_389' title='bbox 1222 3391 1288 3460; x_wconf 86' lang='lat' dir='ltr'><strong>qui·</strong></span> 
     </span>
     <span class='ocr_line' id='line_1_45' title="bbox 131 3459 1288 3533; baseline 0.001 -20"><span class='ocrx_word' id='word_1_390' title='bbox 131 3460 196 3513; x_wconf 89' lang='lat' dir='ltr'><strong>dem</strong></span> <span class='ocrx_word' id='word_1_391' title='bbox 213 3460 367 3528; x_wconf 86' lang='lat' dir='ltr'><strong>probabilis</strong></span> <span class='ocrx_word' id='word_1_392' title='bbox 387 3461 503 3513; x_wconf 86' lang='lat' dir='ltr'><strong>videtur</strong></span> <span class='ocrx_word' id='word_1_393' title='bbox 521 3460 689 3514; x_wconf 88' lang='lat' dir='ltr'><strong>coniectura</strong></span> <span class='ocrx_word' id='word_1_394' title='bbox 707 3459 786 3512; x_wconf 73' lang='lat' dir='ltr'><strong>Furi.</strong></span> <span class='ocrx_word' id='word_1_395' title='bbox 815 3459 884 3511; x_wconf 82' lang='lat' dir='ltr'><strong>Fuit</strong></span> <span class='ocrx_word' id='word_1_396' title='bbox 901 3459 1007 3511; x_wconf 80' lang='lat' dir='ltr'><strong>Furius</strong></span> <span class='ocrx_word' id='word_1_397' title='bbox 1025 3460 1168 3533; x_wconf 79' lang='lat' dir='ltr'><strong>gladiator</strong></span> <span class='ocrx_word' id='word_1_398' title='bbox 1186 3478 1288 3530; x_wconf 82' lang='lat' dir='ltr'><strong>aequa·</strong></span> 
     </span>
     <span class='ocr_line' id='line_1_46' title="bbox 131 3527 1285 3600; baseline 0.002 -18"><span class='ocrx_word' id='word_1_399' title='bbox 131 3531 169 3582; x_wconf 89' lang='lat' dir='ltr'><strong>lis</strong></span> <span class='ocrx_word' id='word_1_400' title='bbox 188 3530 310 3584; x_wconf 85' lang='lat' dir='ltr'><strong>Lucilii:</strong></span> <span class='ocrx_word' id='word_1_401' title='bbox 342 3531 429 3600; x_wconf 88' lang='lat' dir='ltr'><strong>idque</strong></span> <span class='ocrx_word' id='word_1_402' title='bbox 448 3531 596 3584; x_wconf 89' lang='lat' dir='ltr'><strong>commode</strong></span> <span class='ocrx_word' id='word_1_403' title='bbox 615 3531 750 3584; x_wconf 86' lang='lat' dir='ltr'><strong>convenit</strong></span> <span class='ocrx_word' id='word_1_404' title='bbox 767 3530 862 3584; x_wconf 86' lang='lat' dir='ltr'><strong>verbis</strong></span> <span class='ocrx_word' id='word_1_405' title='bbox 881 3528 932 3584; x_wconf 82' lang='lat' dir='ltr'><strong>cds&#39;</strong></span> <span class='ocrx_word' id='word_1_406' title='bbox 949 3527 1118 3583; x_wconf 72' lang='lat' dir='ltr'><strong>hominen.“</strong></span> <span class='ocrx_word' id='word_1_407' title='bbox 1143 3531 1285 3599; x_wconf 70' lang='lat' dir='ltr'><strong>FAan.</strong></span> 
     </span>
     <span class='ocr_line' id='line_1_47' title="bbox 132 3601 1289 3676; baseline 0.003 -22"><span class='ocrx_word' id='word_1_408' title='bbox 132 3603 164 3654; x_wconf 92' lang='lat' dir='ltr'><strong>in</strong></span> <span class='ocrx_word' id='word_1_409' title='bbox 182 3601 297 3656; x_wconf 84' lang='lat' dir='ltr'><strong>scholis.</strong></span> <span class='ocrx_word' id='word_1_410' title='bbox 335 3603 441 3667; x_wconf 84' lang='lat' dir='ltr'><strong>„Quod</strong></span> <span class='ocrx_word' id='word_1_411' title='bbox 465 3601 539 3654; x_wconf 88' lang='lat' dir='ltr'><strong>mihi</strong></span> <span class='ocrx_word' id='word_1_412' title='bbox 565 3601 682 3670; x_wconf 87' lang='lat' dir='ltr'><strong>quidem</strong></span> <span class='ocrx_word' id='word_1_413' title='bbox 700 3619 779 3656; x_wconf 88' lang='lat' dir='ltr'><strong>secus</strong></span> <span class='ocrx_word' id='word_1_414' title='bbox 801 3601 926 3654; x_wconf 85' lang='lat' dir='ltr'><strong>videtur.</strong></span> <span class='ocrx_word' id='word_1_415' title='bbox 963 3601 1052 3676; x_wconf 78' lang='lat' dir='ltr'><strong>Magis</strong></span> <span class='ocrx_word' id='word_1_416' title='bbox 1077 3602 1207 3671; x_wconf 86' lang='lat' dir='ltr'><strong>placeret</strong></span> <span class='ocrx_word' id='word_1_417' title='bbox 1224 3605 1289 3658; x_wconf 79' lang='lat' dir='ltr'><strong>lure</strong></span> 
     </span>
     <span class='ocr_line' id='line_1_48' title="bbox 131 3671 1289 3746; baseline 0.002 -20"><span class='ocrx_word' id='word_1_418' title='bbox 131 3677 174 3738; x_wconf 91' lang='lat' dir='ltr'><strong>(os</strong></span> <span class='ocrx_word' id='word_1_419' title='bbox 192 3672 361 3734; x_wconf 84' lang='lat' dir='ltr'><strong>ventriculi)</strong></span> <span class='ocrx_word' id='word_1_420' title='bbox 379 3673 428 3725; x_wconf 83' lang='lat' dir='ltr'><strong>vel</strong></span> <span class='ocrx_word' id='word_1_421' title='bbox 444 3671 511 3724; x_wconf 76' lang='lat' dir='ltr'><strong>lira</strong></span> <span class='ocrx_word' id='word_1_422' title='bbox 529 3673 713 3738; x_wconf 85' lang='lat' dir='ltr'><strong>(intestinum</strong></span> <span class='ocrx_word' id='word_1_423' title='bbox 731 3672 889 3740; x_wconf 72' lang='lat' dir='ltr'><strong>ieiunumlt</strong></span> <span class='ocrx_word' id='word_1_424' title='bbox 919 3672 1051 3744; x_wconf 84' lang='lat' dir='ltr'><strong>quamvis</strong></span> <span class='ocrx_word' id='word_1_425' title='bbox 1078 3690 1111 3727; x_wconf 86' lang='lat' dir='ltr'><strong>ea</strong></span> <span class='ocrx_word' id='word_1_426' title='bbox 1133 3675 1220 3746; x_wconf 81' lang='lat' dir='ltr'><strong>plane</strong></span> <span class='ocrx_word' id='word_1_427' title='bbox 1242 3691 1289 3729; x_wconf 88' lang='lat' dir='ltr'><strong>re-</strong></span> 
     </span>
     <span class='ocr_line' id='line_1_49' title="bbox 131 3743 534 3815; baseline -0.005 -18"><span class='ocrx_word' id='word_1_428' title='bbox 131 3750 213 3815; x_wconf 89' lang='lat' dir='ltr'><strong>spuat</strong></span> <span class='ocrx_word' id='word_1_429' title='bbox 230 3743 409 3796; x_wconf 88' lang='lat' dir='ltr'><strong>Bentleius.“</strong></span> <span class='ocrx_word' id='word_1_430' title='bbox 446 3743 534 3798; x_wconf 82' lang='lat' dir='ltr'><strong>Orell.</strong></span> 
     </span>
    </p>
   </div>
   <div class='ocr_carea' id='block_1_4' title="bbox 201 3782 1420 3895">
    <p class='ocr_par' dir='ltr' id='par_1_11' title="bbox 201 3782 1420 3895">
     <span class='ocr_line' id='line_1_50' title="bbox 201 3782 1420 3895; baseline 0.005 -31"><span class='ocrx_word' id='word_1_431' title='bbox 201 3814 253 3865; x_wconf 87' lang='lat' dir='ltr'><strong>Est</strong></span> <span class='ocrx_word' id='word_1_432' title='bbox 277 3815 308 3866; x_wconf 89' lang='lat' dir='ltr'><strong>in</strong></span> <span class='ocrx_word' id='word_1_433' title='bbox 326 3814 398 3867; x_wconf 84' lang='lat' dir='ltr'><strong>Edd.</strong></span> <span class='ocrx_word' id='word_1_434' title='bbox 424 3816 486 3868; x_wconf 81' lang='lat' dir='ltr'><strong>fere</strong></span> <span class='ocrx_word' id='word_1_435' title='bbox 513 3815 644 3868; x_wconf 89' lang='lat' dir='ltr'><strong>omnibus</strong></span> <span class='ocrx_word' id='word_1_436' title='bbox 667 3831 745 3880; x_wconf 75' lang='lat' dir='ltr'><strong>aare,</strong></span> <span class='ocrx_word' id='word_1_437' title='bbox 770 3814 827 3868; x_wconf 87' lang='lat' dir='ltr'><strong>nisi</strong></span> <span class='ocrx_word' id='word_1_438' title='bbox 851 3814 927 3884; x_wconf 86' lang='lat' dir='ltr'><strong>quod</strong></span> <span class='ocrx_word' id='word_1_439' title='bbox 949 3814 998 3871; x_wconf 81' lang='lat' dir='ltr'><strong>Fr.</strong></span> <span class='ocrx_word' id='word_1_440' title='bbox 1017 3813 1116 3879; x_wconf 63' lang='lat' dir='ltr'><strong>Febr„</strong></span> <span class='ocrx_word' id='word_1_441' title='bbox 1169 3782 1288 3870; x_wconf 62' lang='lat' dir='ltr'><strong>rubente</strong></span> <span class='ocrx_word' id='word_1_442' title='bbox 1369 3859 1372 3865; x_wconf 92' lang='lat'><strong>.</strong></span> <span class='ocrx_word' id='word_1_443' title='bbox 1416 3888 1420 3895; x_wconf 94' lang='lat'><strong>.</strong></span> 
     </span>
    </p>
   </div>
   <div class='ocr_carea' id='block_1_5' title="bbox 130 3881 1287 4024">
    <p class='ocr_par' dir='ltr' id='par_1_12' title="bbox 130 3881 1287 4024">
     <span class='ocr_line' id='line_1_51' title="bbox 130 3881 1287 3951; baseline 0 -12"><span class='ocrx_word' id='word_1_444' title='bbox 130 3883 279 3949; x_wconf 87' lang='lat' dir='ltr'><strong>Lambino,</strong></span> <span class='ocrx_word' id='word_1_445' title='bbox 299 3884 388 3936; x_wconf 89' lang='lat' dir='ltr'><strong>edidit</strong></span> <span class='ocrx_word' id='word_1_446' title='bbox 397 3884 519 3937; x_wconf 87' lang='lat' dir='ltr'><strong>alteram</strong></span> <span class='ocrx_word' id='word_1_447' title='bbox 527 3886 657 3940; x_wconf 88' lang='lat' dir='ltr'><strong>Turnebi</strong></span> <span class='ocrx_word' id='word_1_448' title='bbox 665 3887 872 3951; x_wconf 85' lang='lat' dir='ltr'><strong>coniecturam,</strong></span> <span class='ocrx_word' id='word_1_449' title='bbox 885 3886 959 3950; x_wconf 84' lang='lat' dir='ltr'><strong>tura,</strong></span> <span class='ocrx_word' id='word_1_450' title='bbox 969 3886 1038 3938; x_wconf 85' lang='lat' dir='ltr'><strong>Dav.</strong></span> <span class='ocrx_word' id='word_1_451' title='bbox 1049 3881 1130 3949; x_wconf 79' lang='lat' dir='ltr'><strong>Furi,</strong></span> <span class='ocrx_word' id='word_1_452' title='bbox 1165 3886 1287 3942; x_wconf 88' lang='lat' dir='ltr'><strong>AWolf.</strong></span> 
     </span>
     <span class='ocr_line' id='line_1_52' title="bbox 130 3955 1287 4024; baseline -0.003 -13"><span class='ocrx_word' id='word_1_453' title='bbox 130 3956 216 4011; x_wconf 85' lang='lat' dir='ltr'><strong>Schz.</strong></span> <span class='ocrx_word' id='word_1_454' title='bbox 236 3955 310 4008; x_wconf 89' lang='lat' dir='ltr'><strong>Tbn.</strong></span> <span class='ocrx_word' id='word_1_455' title='bbox 329 3955 395 4019; x_wconf 86' lang='lat' dir='ltr'><strong>Bill.</strong></span> <span class='ocrx_word' id='word_1_456' title='bbox 415 3956 511 4010; x_wconf 85' lang='lat' dir='ltr'><strong>Kiihn.</strong></span> <span class='ocrx_word' id='word_1_457' title='bbox 531 3956 636 4024; x_wconf 72' lang='lat' dir='ltr'><strong>furiae,</strong></span> <span class='ocrx_word' id='word_1_458' title='bbox 662 3973 698 4010; x_wconf 85' lang='lat' dir='ltr'><strong>ex</strong></span> <span class='ocrx_word' id='word_1_459' title='bbox 714 3957 839 4011; x_wconf 86' lang='lat' dir='ltr'><strong>Bentleii</strong></span> <span class='ocrx_word' id='word_1_460' title='bbox 858 3955 1007 4009; x_wconf 85' lang='lat' dir='ltr'><strong>sententia.</strong></span> <span class='ocrx_word' id='word_1_461' title='bbox 1046 3955 1093 4008; x_wconf 88' lang='lat' dir='ltr'><strong>Or.</strong></span> <span class='ocrx_word' id='word_1_462' title='bbox 1113 3971 1183 4010; x_wconf 75' lang='lat' dir='ltr'><strong>erere</strong></span> <span class='ocrx_word' id='word_1_463' title='bbox 1200 3955 1287 4022; x_wconf 86' lang='lat' dir='ltr'><strong>dedit,</strong></span> 
     </span>
    </p>
   </div>
   <div class='ocr_carea' id='block_1_6' title="bbox 130 4025 1287 4102">
    <p class='ocr_par' dir='ltr' id='par_1_13' title="bbox 130 4025 1287 4102">
     <span class='ocr_line' id='line_1_53' title="bbox 130 4025 1287 4102; baseline -0.003 -19"><span class='ocrx_word' id='word_1_464' title='bbox 130 4045 199 4082; x_wconf 88' lang='lat' dir='ltr'><strong>cum</strong></span> <span class='ocrx_word' id='word_1_465' title='bbox 219 4025 414 4097; x_wconf 84' lang='lat' dir='ltr'><strong>corruptionis</strong></span> <span class='ocrx_word' id='word_1_466' title='bbox 432 4036 510 4094; x_wconf 90' lang='lat' dir='ltr'><strong>nota,</strong></span> <span class='ocrx_word' id='word_1_467' title='bbox 530 4028 686 4098; x_wconf 87' lang='lat' dir='ltr'><strong>eodemque</strong></span> <span class='ocrx_word' id='word_1_468' title='bbox 704 4027 788 4081; x_wconf 88' lang='lat' dir='ltr'><strong>modo</strong></span> <span class='ocrx_word' id='word_1_469' title='bbox 806 4027 908 4094; x_wconf 91' lang='lat' dir='ltr'><strong>Nobb.,</strong></span> <span class='ocrx_word' id='word_1_470' title='bbox 927 4025 1041 4079; x_wconf 85' lang='lat' dir='ltr'><strong>uncinis</strong></span> <span class='ocrx_word' id='word_1_471' title='bbox 1059 4027 1204 4097; x_wconf 86' lang='lat' dir='ltr'><strong>appositis.</strong></span> <span class='ocrx_word' id='word_1_472' title='bbox 1224 4027 1287 4102; x_wconf 78' lang='lat' dir='ltr'><strong>Ego</strong></span> 
     </span>
    </p>
   </div>
   <div class='ocr_carea' id='block_1_7' title="bbox 183 4237 1229 4438">
    <p class='ocr_par' dir='ltr' id='par_1_14' title="bbox 183 4237 1229 4438">
     <span class='ocr_line' id='line_1_54' title="bbox 183 4237 1229 4379; baseline -0.003 -11"><span class='ocrx_word' id='word_1_473' title='bbox 183 4239 194 4306; x_wconf 75' lang='lat'>)</span> <span class='ocrx_word' id='word_1_474' title='bbox 212 4237 1107 4379; x_wconf 41' lang='lat' dir='ltr'><strong>Planedpqnpqqabquffin2in&#39;xigqsosrqptlrffipnqqquonibm</strong></span> <span class='ocrx_word' id='word_1_475' title='bbox 1124 4305 1229 4366; x_wconf 78' lang='lat' dir='ltr'><strong>eieto.“</strong></span> 
     </span>
     <span class='ocr_line' id='line_1_55' title="bbox 226 4381 860 4438; baseline -0.002 -2"><span class='ocrx_word' id='word_1_476' title='bbox 226 4382 337 4438; x_wconf 82' lang='lat' dir='ltr'><strong>Collato</strong></span> <span class='ocrx_word' id='word_1_477' title='bbox 356 4382 457 4437; x_wconf 88' lang='lat' dir='ltr'><strong>ecdem</strong></span> <span class='ocrx_word' id='word_1_478' title='bbox 476 4381 590 4438; x_wconf 87' lang='lat' dir='ltr'><strong>Horatii</strong></span> <span class='ocrx_word' id='word_1_479' title='bbox 608 4381 681 4436; x_wconf 86' lang='lat' dir='ltr'><strong>loeo.</strong></span> <span class='ocrx_word' id='word_1_480' title='bbox 858 4398 860 4404; x_wconf 93' lang='lat'>·</span> 
     </span>
    </p>
   </div>
   <div class='ocr_carea' id='block_1_8' title="bbox 0 0 1432 5084">
    <p class='ocr_par' dir='ltr' id='par_1_15' title="bbox 0 0 1432 5084">
     <span class='ocr_line' id='line_1_56' title="bbox 0 0 1432 5084; baseline 0 3"><span class='ocrx_word' id='word_1_481' title='bbox 0 0 1432 5084; x_wconf 95' lang='lat' dir='ltr'><strong> </strong></span> 
     </span>
    </p>
   </div>
  </div>
 </body>
</html>
