2856 5084
579 246 726 331 arma
745 266 792 342 v,
815 265 866 333 ια.
1171 247 1190 256 ’“
1274 264 1316 333 ee

161 436 284 509 omnia,
312 436 398 518 'quae
418 442 632 512 conarentur,
664 433 930 518 prohibiturum,
963 430 1212 517 quaesiverunt,
1244 449 1317 496 nam

160 541 195 583 ae
225 523 421 583 asceterium
448 522 528 581 mori
553 517 795 598 prohibiturus,
827 519 883 578 vir
909 518 949 589 is,
984 535 1081 598 quem
1115 520 1317 598 quaerimus,

159 623 227 663 non
249 603 355 664 multo
378 604 508 663 facilius
528 602 591 661 tali
613 603 723 662 animo
745 602 950 681 reperietur,
979 618 1077 677 quam
1099 602 1218 661 civitas
1239 601 1317 663 uni·

157 685 277 747 versal
309 684 414 748 Quidl
437 683 479 745 ad
500 685 584 744 hanc
609 681 855 758 fortitudinem,
887 681 927 742 de
950 701 1015 762 qua
1038 682 1213 763 loquimur,
1235 690 1318 758 tem-

159 767 314 851 perantib
336 765 518 838 adiuncti,
538 785 620 846 quae
648 767 693 826 sit
714 764 921 827 moderatrix
944 764 1094 825 omnium
1122 769 1319 827 commotio·

158 871 257 925 num,
281 851 359 932 quid
381 858 491 931 potest
513 847 554 910 ad
576 849 671 910 beate
691 847 873 911 vivendum
894 846 1006 911 deesse
1028 849 1070 926 ei,
1102 856 1199 929 quem
1221 850 1319 910 lorti-

158 1040 264 1093 nitantl
288 1040 382 1092 forma
404 1035 541 1090 Ablativi.
579 1034 658 1102 Quod
685 1034 763 1088 enim
780 1044 814 1088 ut
832 1042 946 1088 certum
970 1034 1066 1105 posuit
1083 1034 1240 1102 Bentleius,
1269 1035 1321 1099 (ad

160 1111 260 1163 Horat.
282 1111 378 1164 Garm.
399 1110 421 1163 Ι.
442 1111 486 1163 25.
508 1105 563 1172 17.)
587 1108 755 1159 Ablativum
774 1105 891 1177 quidem
910 1107 1069 1177 Participii,
1094 1125 1147 1162 uec
1172 1111 1242 1160 v'ero
1260 1106 1319 1160 Ab·

160 1182 284 1235 lativum
302 1181 448 1234 Adiectivi
467 1179 507 1244 (v.
528 1196 552 1232 e.
572 1178 688 1242 recenti)
708 1181 866 1232 necessario
887 1181 967 1232 exire
986 1179 1017 1229 in
1036 1196 1065 1231 e:
1085 1178 1112 1232 ei
1132 1187 1212 1231 certe
1231 1197 1320 1253 regu-

160 1254 206 1307 lae
225 1253 387 1323 saepissime
412 1250 615 1303 contradicunt
633 1251 718 1304 oodd.
739 1250 816 1304 uss.
855 1251 927 1303 Vide
955 1249 1037 1303 modo
1057 1250 1146 1302 Henr.
1167 1253 1320 1319 lllleyerum

161 1325 199 1377 ad
215 1323 275 1380 Cio.
295 1326 404 1377 Orator.
432 1321 454 1387 b.
476 1325 542 1377 190:
576 1336 594 1373 a
618 1338 661 1374 me
682 1320 852 1388 iniquirenti5
884 1323 932 1374 vel
958 1321 998 1372 ita
1020 1320 1170 1387 fluctuant,
1197 1330 1232 1372 ut
1258 1340 1322 1375 cer·

162 1403 227 1447 tum
255 1394 324 1462 quid
350 1401 475 1447 statuere
503 1410 626 1461 nequeas
657 1390 704 1456 (de
723 1393 759 1444 N.
788 1393 822 1448 D.
843 1393 882 1446 11.
914 1392 936 1458 ᾗ.
956 1395 1005 1447 89:
1032 1393 1156 1447 undanti
1187 1391 1237 1456 (al.
1269 1411 1320 1448 un·

164 1465 259 1538 darete)
279 1464 308 1518 in
325 1467 415 1532 frete:
434 1465 483 1518 vel
501 1471 596 1516 metro
616 1481 647 1516 ea
665 1466 761 1516 forma
778 1464 931 1538 flagitatur
950 1462 996 1528 (de
1013 1463 1081 1516 Div.
1102 1463 1124 1515 l.
1145 1466 1167 1531 ᾗ.
1186 1467 1235 1521 te:
1255 1466 1320 1517 atel-

138 1563 140 1568 *
163 1535 236 1589 lauti
254 1566 286 1577 -
305 1543 384 1589 nocte
404 1538 512 1588 —lace
531 1536 682 1599 serenanti,
707 1532 729 1599 b.
749 1537 793 1589 21.
818 1537 927 1601 algenti
945 1535 1068 1587 nuntiae.
1082 1534 1141 1587 'Cfi
1162 1535 1263 1589 Moser.
1285 1535 1320 1588 ad

163 1606 224 1659 cie.
252 1605 286 1660 de
304 1607 369 1659 Div.
391 1606 414 1662 Ι.
437 1605 459 1669 b.
480 1609 528 1660 61:
557 1608 686 1659 satietate
711 1606 847 1671 affluenti.
879 1605 1056 1674 Quamquam
1076 1603 1144 1659 Cod.
1165 1605 1319 1663 Turicens.

159 1679 377 1744 uetustissimus
402 1677 516 1729 Horatii
543 1676 635 1730 Odit.
657 1677 683 1739 2,
703 1676 728 1728 2.
757 1676 843 1728 habet
868 1694 934 1728 cum
961 1676 1094 1730 Bentleio
1118 1677 1239 1741 rubente,
1266 1693 1320 1730 nec
1362 1706 1366 1711 ·

161 1764 233 1801 vero
252 1766 320 1801 cum
339 1747 445 1800 Jahnio
464 1746 606 1801 rubenti.“
624 1745 709 1799 Orell.
731 1747 765 1798 ad
784 1748 835 1803 W.
856 1747 978 1800 scholas.
1011 1746 1076 1823 Ego
1095 1763 1164 1800 vero
1185 1748 1216 1799 in
1232 1747 1320 1804 Wol-

161 1819 196 1870 fii
214 1821 368 1882 sententia,
397 1819 428 1869 in
451 1837 537 1888 quam
559 1820 618 1872 iam
640 1817 748 1870 dudum
768 1818 938 1882 incideram,
965 1818 1030 1871 ideo
1051 1820 1211 1888 acquiesce,
1260 1819 1320 1885 uia,

162 1889 240 1958 quod
261 1888 363 1942 Cicero
382 1891 564 1942 committere
583 1907 640 1942 non
661 1888 744 1954 solet,
770 1905 854 1942 nerne
882 1905 941 1942 non
959 1891 1057 1959 primo
1082 1890 1220 1960 adspectu
1237 1837 1320 1942 bati-

162 1978 232 2012 vum
258 1960 313 2012 sibi
340 1961 441 2032 legere
469 1960 626 2026 videbitur,
658 1969 687 2013 et
713 1969 901 2029 posteaquam
926 1961 963 2025 (si
989 1961 1103 2030 quando
1132 1962 1241 2014 erroris
1266 1960 1328 2014 sibi.

160 2031 248 2085 fieret
275 2031 418 2096 conscius)
442 2033 616 2086 sententiam
640 2032 810 2096 absolverit,
837 2032 889 2083 vix
912 2047 946 2085 ae
970 2050 1005 2085 ne
1023 2034 1074 2084 vix
1101 2032 1218 2101 quide'm
1238 2033 1321 2102 quis-

163 2120 250 2170 quam
268 2101 435 2154 Ablativum
464 2104 592 2169 positum
620 2120 681 2156 esse
708 2101 895 2155 existimabit.
935 2101 1072 2156 Ceterum
1098 2103 1240 2156 scribitur
1265 2103 1320 2155 mi-

162 2173 271 2227 litanti
289 2174 321 2226 in
340 2171 427 2226 Codd.
447 2173 519 2229 Gud.
543 2174 718 2230 1.2.tlarb.
749 2173 881 2228 Obsecuti
910 2182 977 2227 sunt
1003 2174 1135 2228 Bentleio
1154 2174 1224 2225 Dav.
1245 2175 1318 2231 Ern.

160 2245 223 2315 Bip.
244 2244 360 2298 Mannh.
379 2242 463 2296 Schz.
482 2246 576 2300 Nobb.
610 2246 665 2298 Pro
689 2261 726 2297 aa
753 2254 797 2298 est
824 2252 853 2296 at
877 2246 909 2297 iu
929 2244 1038 2298 duobus
1059 2246 1128 2302 Oxx.
1149 2253 1178 2297 et
1197 2246 1271 2296 lllon.
1293 2251 1319 2300 1.

161 2316 199 2368 In
218 2333 295 2386 seqq.
317 2316 394 2367 solus
412 2314 482 2370 Dav.
504 2317 535 2366 in
553 2315 642 2371 Edi.
663 2315 884 2385 quaesiverint,
905 2314 983 2368 nihil
1001 2333 1131 2378 monens,
1151 2315 1209 2368 nisi
1228 2315 1319 2390 vulgo

161 2386 224 2458 legi
243 2387 442 2454 quaesiverunt.
481 2385 581 2459 Pergit
599 2405 673 2438 unus
693 2387 743 2439 Ox.
764 2403 831 2439 curn
849 2385 922 2463 Aug.
944 2386 1004 2456 (qui
1024 2386 1109 2440 habet
1129 2386 1320 2456 quaesierunt)

101 2496 139 2524 ,r
163 2466 319 2521 nttmesset,
340 2457 493 2520 emissore,
512 2474 585 2508 unus
595 2456 646 2512 Ox.
665 2459 733 2510 and
740 2473 754 2510 e
773 2474 803 2509 se
823 2464 909 2518 esset3
929 2467 992 2510 tum
1006 2458 1079 2511 alius
1095 2475 1160 2511 curn
1172 2459 1317 2513 Monuni.

102 2554 151 2613 Δ,
164 2529 294 2581 elatiori.
315 2527 404 2580 Rehd.
426 2530 511 2580 etium
530 2534 599 2579 esset
618 2527 725 2583 Gutta.
744 2529 868 2581 ntoritur
887 2546 939 2599 pro
960 2529 1046 2591 mori3
1065 2530 1151 2582 lllarb.
1172 2529 1246 2582 eirea
1263 2546 1318 2596 pre

104 2606 110 2615 ‘
163 2600 209 2651 uir
227 2599 267 2661 is3
288 2617 361 2650 uuus
372 2598 420 2650 Ox.
435 2614 475 2650 aa
483 2617 510 2650 m
522 2600 614 2661 maalle,
634 2598 708 2652 alius
728 2599 807 2652 talis
825 2600 966 2663 oninium
985 2601 1059 2652 alius
1070 2603 1221 2670 reperitur,
1242 2601 1319 2655 alius

163 2687 231 2722 curn
251 2669 339 2722 lllarb.
359 2669 562 2736 reportantem
586 2669 660 2722 alius
680 2688 744 2722 cum
765 2671 851 2724 llllarb.
877 2679 906 2724 et
926 2669 1036 2725 cuda
1074 2673 1218 2741 loquitur.
1255 2675 1317 2727 Mr.

234 2757 457 2822 Lacedaemonii,
485 2758 616 2826 Philippo
639 2759 804 2825 minitante]
840 2760 936 2834 Vulgo
963 2761 1115 2814 minitanti.
1157 2754 1212 2815 Sed
1239 2769 1319 2815 recte

163 2828 373 2882 celeberrimus
392 2830 550 2886 Bentleius.
576 2831 657 2882 Hanc
676 2839 771 2882 autem
789 2830 943 2882 historiam
962 2831 1051 2883 aliter
1069 2835 1162 2885 refert
1180 2832 1318 2886 Stobaeus

161 2899 256 2953 Serm.
276 2900 337 2952 vll.
356 2919 421 2975 pag.
442 2904 485 2957 90.
506 2905 647 2963 Φίλιππος,
667 2901 775 2970 inquit,
794 2897 879 2968 ἦλθεν
897 2902 941 2954 tm
958 2903 1166 2969 Λακεδαίμονα,
1186 2905 1232 2954 καὶ
1250 2922 1320 2972 προ-

163 2964 397 3038 στρατοπεδεόσας
424 2973 546 3039 ἔπεμψεν
572 2969 694 3025 ἀπειλῶν
717 2970 804 3024 πολλοὶ
830 2977 874 3025 καὶ
894 2968 1011 3040 χαλεποί,
1037 2975 1063 3026 εἶ
1086 2970 1124 3039 μὴ
1154 2981 1256 3029 ποιῶσι
1283 2973 1317 3026 nl

161 3042 403 3113 προςτασσόμενα·
423 3043 530 3096 τῶνδὲ
548 3044 780 3109 Λακεδαιμονίων
803 3061 842 3100 τις
860 3041 980 3103 ἀκούσας
998 3051 1054 3097 ταῖν
1078 3043 1205 3112 ἀπειλῶν,
1230 3040 1319 3113 χάριν

163 3115 237 3178 αὐτῷ
256 3116 307 3185 ἔφη
328 3115 435 3176 rideret,
455 3111 497 3167 ὅτι
516 3111 547 3166 οὐ
568 3109 673 3178 κωλύει,
694 3114 711 3166 ὅ
731 3111 777 3166 ἐπὶ
798 3119 855 3173 τοῖς
865 3118 1037 3184 μαχομένοις
1048 3113 1130 3178 ἐστίν,
1150 3118 1318 3175 ἀποθανεῖν,

162 3184 259 3237 Aliter
286 3186 375 3238 etiam
401 3184 584 3248 Plutarchus,
613 3188 664 3254 qui
683 3185 787 3239 Lacon.
811 3184 1028 3262 Apophthegm.
1055 3204 1083 3257 p.
1104 3191 1164 3242 235.
1194 3207 1257 3242 rem
1276 3189 1319 3241 sic

163 3258 292 3324 exponit.
331 3261 466 3315 Φίλιππος
484 3256 528 3310 ὅτε
547 3241 673 3322 inibatur
696 3257 734 3315 εἰς
753 3253 801 3321 τὴν
818 3252 992 3323 Λακωνικήν,
1016 3263 1062 3310 καὶ
1087 3256 1204 3318 ἐδόκουν
1229 3254 1320 3312 ἅπαν-

162 3343 205 3384 τες
230 3328 402 3394 ἀπολεῖσθαι,
426 3321 484 3382 εἶπε
508 3323 578 3394 πρός
603 3346 662 3379 τινα
686 3336 743 3379 τῶν
766 3330 959 3396 Σπαρτιατῶν,
991 3332 1027 3382 Τι’
1053 3333 1106 3382 νῦν
1133 3323 1270 3396 ποιήσετε,
1297 3326 1319 3385 ab

162 3392 305 3462 Λάκωνας
340 3405 375 3451 Τι’
392 3398 453 3469 γάρ,
480 3401 543 3467 ἔφη,
569 3398 632 3451 duo
652 3398 667 3465 ἢ
687 3399 815 3467 ἀνδρείως
841 3398 1078 3466 ἄποθανούμεθας
1105 3402 1149 3454 Ab
1174 3402 1231 3464 his,
1261 3417 1321 3454 non

162 3471 259 3521 minus
277 3487 362 3538 quam
382 3489 397 3523 a
416 3479 526 3535 nestro,
551 3469 683 3523 diversus
708 3469 769 3522 abit
793 3471 930 3523 Valerius
949 3472 1091 3524 llllaximus
1116 3472 1168 3524 lib.
1187 3473 1235 3524 v1.
1256 3489 1318 3542 cap.

162 3541 212 3601 lv,
230 3544 256 3596 4.
273 3549 328 3592 ext.
353 3541 421 3605 Vox,
443 3558 497 3610 qua
515 3544 605 3604 legati
622 3541 905 3594 Lacedaemoniorum
923 3544 997 3609 apud
1012 3549 1122 3611 patrem
1140 3543 1202 3596 eiua
1221 3543 1320 3610 (Alex-

161 3612 247 3664 andri
271 3611 452 3680 Philippum)
479 3612 614 3664 miseram
639 3614 769 3677 fortunae
787 3629 854 3665 attae
872 3613 1055 3666 conditionem
1075 3615 1167 3667 testati
1182 3622 1248 3683 ,sant
1268 3632 1319 3683 ge-

161 3681 293 3733 nerosior
311 3698 389 3748 quam
408 3683 562 3748 optabilior·
582 3683 811 3736 intolerabilibus
829 3685 902 3736 enim
920 3685 1048 3738 oneribus
1067 3686 1205 3739 civitatem
1224 3703 1320 3740 eorum

161 3752 332 3818 implicanli,
369 3754 462 3820 siquid
485 3761 573 3807 morte
596 3755 714 3820 grauius
746 3755 886 3821 imperare
912 3764 1112 3822 perseueraret,
1150 3765 1319 3809 mortemue

158 3822 341 3891 praelaturos
358 3824 565 3944 resignderunt.
604 3824 738 3878 Omnium
764 3825 968 3881 venustissima
992 3828 1110 3898 quidem
1138 3835 1183 3882 est
1202 3827 1319 3879 Cicere-

161 3895 209 3946 nis
228 3893 365 3945 narratio.
432 3935 438 3948 .

236 3982 303 4051 qaid
325 3987 415 4046 puteat
439 3982 477 4033 ud
503 3983 579 4036 beate
609 3984 765 4050 vivendum]
808 3985 873 4039 Duo
898 3988 968 4040 Oxx.
992 3988 1030 4040 ad
1055 3988 1136 4040 bene
1164 3986 1319 4053 eluendam,

163 4054 239 4107 alius
267 4053 378 4105 omittit
405 4052 447 4117 εἰς
481 4053 535 4105 due
561 4055 609 4107 illi
631 4057 739 4109 habent
763 4064 789 4108 et
810 4062 893 4121 meta,
926 4059 1032 4111 omisso
1060 4075 1086 4109 a.
1124 4058 1224 4133 Pergit
1242 4059 1317 4134 Aug.

161 4122 316 4184 vendicet,
344 4123 419 4176 Gud.
441 4129 464 4179 1.
494 4125 607 4179 indicet.
647 4127 727 4194 Quod
754 4129 887 4196 sequitur
905 4146 1005 4197 qaum
1024 4144 1042 4180 a
1061 4128 1179 4182 libidine
1198 4157 1231 4167 -
1251 4136 1319 4196 tum,

163 4195 271 4247 habent
289 4195 361 4251 Edd.
382 4195 478 4248 hamb.
500 4196 547 4248 Fr.
567 4196 651 4254 Fabr.
672 4197 742 4251 Dav.
772 4199 807 4251 In
826 4200 959 4267 reliquis,
980 4207 1008 4252 et
1028 4198 1126 4264 Codd,
1152 4209 1194 4253 est
1216 4205 1283 4255 lana
1301 4217 1319 4254 a

161 4268 210 4320 lib.
231 4266 307 4334 quod
330 4285 346 4320 a
368 4267 498 4320 librariis
523 4285 559 4320 ex
576 4267 651 4321 falsa
677 4268 782 4342 regula
809 4270 984 4343 corrigendo
1011 4271 1043 4322 in
1062 4269 1234 4344 Ciceronem
1252 4273 1321 4325 illa-

162 4345 227 4388 tum
239 4337 365 4394 videtur.
384 4339 450 4392 Non
470 4339 546 4392 enim
567 4338 634 4392 vult
644 4339 747 4393 Cicero
767 4341 989 4410 temperantiam
1007 4342 1193 4397 facere'nunc
1210 4343 1320 4409 (modo)

162 4405 229 4475 hec,
257 4425 335 4462 nuno
354 4408 462 4478 (modo)
487 4409 574 4478 illut,
603 4410 654 4466 sed
678 4418 709 4466 et
729 4409 786 4466 boc
810 4419 841 4469 et
866 4411 943 4467 illud
959 4413 979 4468 i.
999 4430 1024 4468 e.
1049 4406 1217 4488 utrumque.
1252 4416 1318 4470 Via
