2856 5084
351 242 696 350 eununtmouus
719 282 779 346 m
800 279 972 346 uranon
993 283 1051 347 w.
1094 236 1096 239 ⁵
1225 283 1287 351 aar

133 457 252 521 pratum
277 449 337 516 ilia,
365 449 417 518 qni
441 450 513 502 liaec
537 451 615 502 forre
642 457 671 501 et
698 448 836 500 devorare
860 450 1037 518 potuerunt?
1071 448 1147 522 Lege
1165 449 1286 503 minima

134 523 314 583 alteratione,
333 522 385 573 Est
405 537 437 573 ea
457 520 569 589 quidem
587 519 775 583 subtilior,
794 519 844 571 sed
862 535 931 572 raro
946 516 1069 587 proficit,
1089 534 1173 588 neque
1185 525 1228 573 est
1247 523 1287 575 od

136 593 238 659 uulgus
260 590 425 647 adhibenda.
464 590 549 641 Nihil
574 591 685 643 verius:
714 592 756 642 lta
780 589 888 642 Seneca
905 590 1157 658 micturiunt.
1195 591 1285 643 Acuta
1340 640 1345 645 .

133 669 199 715 eunt
218 663 275 715 ista
294 679 363 731 qrtae
384 661 470 714 dicis.-
489 660 562 714 nibil
580 667 619 712 est
637 660 748 712 acutius
760 661 866 722 arista,
886 662 1021 729 quaedam
1038 659 1157 713 inutilia
1169 667 1196 712 et
1214 664 1287 729 inef-

133 732 233 799 ficacia
256 733 320 800 ipsa
347 732 490 784 subtilitas
514 731 617 784 reddit.
657 731 893 792 Contra,›Cicero
911 731 958 783 his
977 732 1046 799 ipsis
1064 731 1232 783 Tusculanis
1251 735 1285 798 V,

132 806 177 859 33.
219 805 314 865 Vides,
333 810 363 855 ut
381 802 520 869 Epicurus
539 802 721 869 cupiditatum
739 816 845 868 genera
865 800 1012 866 diviserit,
1042 816 1095 854 non
1117 801 1203 855 nimis
1226 803 1288 867 for·

134 879 210 928 tasse
228 873 508 938 subtiliter„utititer
527 878 625 925 tamen.
664 872 803 925 Ceterum
818 873 881 925 ideo
899 872 1030 925 subtilior
1053 880 1114 924 erat
1137 873 1191 925 ista
1213 875 1287 928 ratio

133 952 164 999 et
182 944 385 1014 oratio,‚quia,
412 944 498 995 Nihil
518 961 576 996 esse
599 945 631 994 in
655 944 739 996 rebus
759 943 886 994 externis
909 952 958 995 aut
976 944 1082 996 bonum
1101 951 1150 995 aut
1168 945 1287 1012 malum,

132 1032 191 1069 non
209 1016 265 1067 niii
284 1015 423 1068 contortis
442 1015 678 1089 syllogismorum
697 1014 940 1066 conclusiunculis
957 1015 1073 1084 probari
1091 1015 1189 1085 possit,
1217 1031 1289 1085 quo·

133 1103 201 1140 rum
218 1087 341 1138 nimiam
360 1085 551 1138 subtilitatem
569 1092 655 1155 atque
674 1085 743 1137 adeo
761 1085 959 1155 spinositatem
985 1101 1042 1138 non
1060 1086 1150 1138 semel
1167 1087 1288 1161 sugillat

132 1159 248 1211 Noster.
661 1203 662 1207 ,
821 1171 822 1174 ’
1252 1171 1255 1177 ·

168 1236 171 1241 ’
206 1227 276 1281 lbid.
312 1228 391 1280 Inter
408 1241 504 1279 omnes
522 1224 597 1280 enim
614 1225 760 1279 conuenire
778 1233 895 1294 oportet,
921 1225 1115 1281 commotiones
1133 1227 1290 1282 animorum

135 1315 154 1352 a
172 1305 248 1352 recta
266 1301 376 1353 ratione
394 1313 518 1361 aversas,
551 1313 612 1350 esse
629 1296 765 1350 vitiosus:
794 1303 825 1349 ut
847 1297 960 1350 etiamsi
985 1314 1034 1350 nec
1050 1299 1125 1351 mota
1142 1299 1202 1352 sint
1224 1298 1289 1366 itta,

133 1386 207 1441 quae
227 1376 330 1432 metum
354 1369 605 1436 aegritudinemoe3
633 1385 687 1420 uec
713 1368 792 1430 bona,
818 1383 887 1436 quae
912 1367 1094 1436 cupiditatem
1119 1369 1290 1425 laetitiamve

134 1445 270 1507 moueant,
298 1447 390 1492 tamen
413 1441 449 1492 sit
471 1439 572 1493 uitiosa
595 1441 658 1506 ipsa
682 1436 848 1502 commotio]
884 1439 989 1491 Levius
1017 1439 1096 1492 certe
1113 1442 1219 1494 vitium
1238 1450 1290 1505 est,
1344 1486 1347 1494 .

134 1520 266 1564 metuere
286 1529 357 1580 quae
376 1511 449 1561 mala
467 1519 542 1573 sunt,
572 1517 601 1561 et
619 1510 721 1579 cupide
744 1519 880 1578 appetere
907 1527 979 1579 quae
997 1510 1070 1563 bona
1088 1515 1169 1576 sunt,
1203 1529 1290 1581 quam

135 1599 208 1652 quae
230 1583 276 1633 his
300 1581 458 1634 contraria:
494 1580 569 1632 illud
596 1581 674 1632 enim
695 1579 904 1632 imbecillitatis
927 1580 1010 1634 modo
1037 1589 1088 1646 est,
1117 1582 1174 1635 hoc
1201 1585 1289 1636 etiam

136 1653 271 1723 stuporis.
308 1651 395 1718 Quale
419 1652 513 1723 igitur
536 1651 654 1703 honest
673 1651 748 1720 quod
774 1650 856 1713 dicit,
890 1649 1040 1705 Vitiosum*
1056 1658 1097 1705 est
1126 1653 1292 1708 commoveri

136 1731 220 1789 metu,
248 1723 392 1776 etiamsi
412 1738 478 1774 non
503 1721 674 1785 stimulum,
697 1721 769 1787 qnod
785 1723 912 1775 nutrias?
947 1723 1056 1776 Enecat
1080 1739 1130 1776 nos
1147 1727 1289 1794 profecto,

136 1812 203 1848 cum
221 1794 292 1846 dicit
320 1795 445 1847 etiamsi:
477 1809 509 1845 eo
535 1793 612 1844 enim
637 1792 775 1855 efficitur,
799 1778 835 1843 ul
855 1793 972 1866 gravius
998 1795 1110 1846 crimen
1134 1796 1289 1860 existimet,

136 1874 267 1938 metuerp
285 1864 403 1927 rnatum,
423 1881 509 1932 quam
527 1879 585 1915 non
602 1862 720 1917 malum.
758 1862 818 1926 Quo
837 1864 907 1932 quid
924 1864 1071 1917 absurdius
1088 1865 1166 1940 fingi>
1178 1871 1290 1936 potest?

135 1937 224 1990 Recte
243 1951 312 2008 ergo
331 1934 452 1985 Fulvius
470 1934 603 1997 Ursinus,
623 1934 673 2002 qui
691 1950 727 1984 ex
744 1949 794 1984 suo
813 1935 911 1986 codice
928 1934 1052 2010 legebat,-
1074 1936 1197 1988 Etiamsi
1213 1941 1291 1991 mala

133 2006 194 2061 sint
212 2037 244 2049 -
264 2007 344 2071 bona,
364 2020 430 2074 quoe
449 2004 643 2071 cupiditatem
666 2004 718 2054 illo
737 2018 785 2055 nec
802 2004 955 2073 utrobique
974 2006 1077 2058 deleto.
1109 1994 1202 2060 liecte
1221 2024 1291 2076 quo·

136 2096 193 2147 que
212 2077 373 2141 Lambinus,
403 2075 453 2143 qni
479 2092 514 2126 ex
541 2074 707 2127 coniectura
729 2074 902 2143 proferebat,
927 2075 1052 2129 Etiamsi
1076 2084 1102 2131 et
1120 2077 1191 2130 bona
1210 2105 1244 2116 -
1263 2085 1291 2132 et

136 2151 222 2202 mula.
260 2147 333 2217 Quos
352 2163 418 2197 cum
436 2154 469 2196 tu
487 2147 614 2197 refutare
631 2145 848 2228 hicaggressus
867 2163 905 2211 es,
931 2146 1001 2198 alibi
1020 2148 1081 2201 sino
1100 2148 1185 2202 dubio
1204 2164 1291 2203 occu·

138 2228 236 2291 patum
254 2219 381 2269 animum
399 2215 538 2268 habuisti:
560 2225 589 2268 et
606 2223 686 2268 certo
705 2231 774 2280 scio,
794 2232 851 2285 quo
871 2235 899 2268 es
918 2217 1024 2270 iudicio
1037 2228 1065 2271 et
1083 2221 1223 2285 acumine,
1235 2220 1291 2273 *ubi
1334 2240 1337 2244 ·

136 2299 187 2342 tua
205 2289 373 2342 recensendi
391 2286 445 2345 tibi
464 2288 555 2338 otium
574 2287 639 2352 erit,
659 2287 778 2360 spongia
797 2288 880 2339 istam
897 2288 1109 2342 adnotationem
1128 2286 1265 2366 corriges.

208 2360 280 2413 Ibid.
318 2359 497 2412 Constantem
519 2357 593 2411 enim
617 2357 750 2426 quendam
774 2359 910 2421 uolumus,
934 2359 1069 2426 sedatum,
1093 2377 1218 2429 gravem,
1242 2360 1291 2414 ltu·

137 2447 222 2484 mana
242 2433 334 2484 omnia
352 2429 553 2500 prementem]
591 2429 644 2493 Qui
666 2429 778 2497 primus
801 2430 861 2482 sive
887 2447 921 2482 ex
939 2431 1037 2484 codice
1063 2432 1124 2486 sive
1144 2449 1178 2485 ex
1195 2433 1292 2486 conie-

137 2511 221 2556 ctura
244 2506 467 2569 spernentem
491 2500 625 2569 protulit,
651 2498 675 2550 is
702 2502 833 2568 profecto
860 2500 885 2552 si
914 2503 1064 2554 oraculum
1092 2504 1290 2574 consuluisset,

135 2572 214 2627 haud
239 2573 379 2642 potuisset
402 2571 499 2625 verius
523 2571 593 2639 quid
616 2572 816 2640 pronunciare.
854 2569 1014 2643 'l’ntamen
1038 2582 1103 2644 post
1120 2572 1292 2628 Lambinum

138 2648 313 2713 spernentem
331 2642 406 2700 illud
428 2642 549 2712 spernis,
577 2651 720 2712 receptam
745 2642 903 2694 lectionem
926 2643 1044 2697 retines.
1084 2645 1221 2714 Premere,
1236 2648 1294 2698 in:

137 2716 213 2786 quis,
233 2722 276 2767 est
295 2715 417 2767 calcare:
437 2712 512 2781 apud
520 2715 617 2765 Poetas
633 2712 765 2781 quidem:
785 2722 814 2765 et
831 2712 906 2783 apud
924 2729 970 2766 eos
988 2715 1062 2785 ipsos
1079 2716 1148 2785 pede
1162 2733 1291 2786 premere

137 2787 188 2839 vel
212 2785 290 2838 aliud
317 2786 387 2853 quid
413 2784 579 2836 adiunctum
602 2783 844 2858 significationem
872 2785 958 2836 istam
981 2786 1082 2839 officit.
1120 2788 1158 2840 At
1185 2789 1292 2858 ubique

138 2856 213 2928 apud
230 2855 370 2907 Nostrum
388 2853 516 2907 Prerners
535 2861 577 2907 est
596 2870 706 2922 urgere,
725 2852 858 2922 gravare,
884 2870 999 2922 uexare3
1026 2873 1194 2928 semperque
1213 2861 1244 2910 in
1263 2876 1292 2913 se

137 2928 271 2981 continet
288 2928 435 2978 notionem
452 2925 597 2978 laedendi:
629 2942 702 2995 quae
718 2925 789 2980 huic
806 2926 870 2978 loco
894 2927 1015 2979 minime
1034 2930 1177 2982 convenit.
1215 2931 1292 3003 Lege

139 2999 248 3068 itaque,
268 2998 292 3049 si
311 2998 394 3066 sapis,
413 2997 536 3048 humana
555 2996 650 3048 onmia
667 3003 903 3063 sperne-ntem,
923 2998 1063 3051 cuivoces
1081 3000 1167 3069 plane
1185 3003 1294 3076 gemel·

137 3069 180 3122 las
203 3075 422 3130 contemnentem,
450 3066 644 3134 despicientem
667 3068 779 3135 quoties
806 3068 837 3118 in
866 3065 911 3119 his
938 3068 1006 3138 ipsis
1030 3069 1112 3122 libris
1138 3071 1320 3127 habemusi’*

137 3141 259 3195 Tuscul.
279 3141 302 3204 l,
322 3142 367 3195 to.
405 3139 502 3190 Totam
519 3139 576 3190 oim
592 3138 658 3189 bene
674 3137 785 3190 vivendi
801 3139 834 3192 in
852 3137 972 3191 omnium
990 3155 1084 3193 rerum
1102 3141 1294 3196 humanarum

140 3211 354 3278 contemptione
373 3226 405 3261 ac
423 3207 610 3278 despicientia
624 3224 767 3276 ponamus.
788 3210 826 3273 11,
845 3212 871 3264 4.
913 3211 951 3262 Te
969 3218 1069 3264 natura
1088 3213 1173 3266 altum
1193 3223 1222 3267 et
1238 3215 1294 3267 hu·

139 3299 223 3334 mana
241 3281 448 3351 despicientem
463 3279 572 3346 genuit.
593 3280 630 3343 Il,
652 3283 692 3333 ll.
731 3278 825 3334 Quid?
853 3281 1016 3345 tortitudini
1032 3288 1060 3335 et
1078 3284 1294 3339 rerumhuma-

139 3370 242 3404 narum
259 3351 473 3422 despicientiae‚
492 3351 626 3420 qrromodc
643 3349 845 3417 respondebis?
857 3344 907 3415 ¹11,
929 3353 969 3407 13.
1008 3352 1080 3405 Num
1098 3355 1210 3420 sortem,
1229 3373 1294 3411 num

139 3438 264 3491 grauem
283 3438 349 3475 num
367 3421 492 3474 humana
510 3428 743 3474 contemnentem
759 3423 840 3488 potes
855 3422 949 3475 dicere
967 3422 1178 3479 Prometheum?
1197 3428 1251 3492 111,
1269 3432 1293 3482 t.

140 3494 195 3550 Qui
211 3492 334 3547 inuictus
352 3495 398 3557 sit,
427 3509 487 3545 enm
510 3492 645 3543 humanas
669 3507 715 3543 res
739 3492 896 3561 despicere,
926 3499 1007 3562 atque
1029 3493 1111 3556 intra
1136 3512 1167 3550 se
1181 3500 1294 3566 positas

141 3564 291 3619 arbitrari.
311 3564 422 3628 111,1t.
449 3563 487 3617 Ut
505 3562 609 3627 omnia,
629 3579 700 3631 quae
719 3571 835 3632 possunt
853 3562 967 3615 homini
986 3565 1103 3617 evenire
1118 3577 1293 3636 contemnas,

141 3643 167 3689 et
183 3651 236 3703 pro
254 3632 342 3685 nitito
359 3638 444 3702 putes.
473 3635 521 3700 IV,
541 3636 586 3688 ta.
622 3632 852 3686 Contemnendae
870 3641 936 3686 sant
960 3651 1004 3687 res
1022 3634 1179 3704 hnmanae3
1205 3641 1295 3706 negti-

140 3707 240 3775 gendo'
252 3721 328 3757 mors
344 3711 398 3775 est„
412 3704 446 3770 V,
467 3710 491 3760 1.
529 3702 636 3757 Omnia·
650 3704 839 3774 praecedere
856 3704 886 3758 in
904 3704 1041 3760 bominem
1058 3716 1176 3778 possunt,
1200 3713 1295 3767 subter
1318 3722 1321 3727 ·

141 3793 173 3830 se
192 3773 285 3828 babet.-
310 3791 393 3844 eaque
411 3775 570 3845 despiciens
589 3792 667 3827 casus
685 3777 845 3827 contemnit
861 3775 1010 3830 humanos.
1093 3811 1096 3818 -

214 3846 282 3916 Gap.
302 3847 345 3899 31.
383 3843 471 3913 Atque
490 3851 520 3899 nt
538 3846 682 3900 confidere
699 3846 785 3912 decet,
806 3845 905 3900 timere
922 3863 976 3900 non
995 3848 1086 3902 decet.-
1110 3849 1154 3903 sic
1172 3852 1295 3918 gaudere

141 3919 229 3981 decet,
250 3914 356 3971 laetari
373 3932 428 3969 non
447 3917 544 3984 decet]
580 3917 713 3969 Lambini
737 3918 966 3970 emendationem
986 3917 1171 3983 Dissidere
1193 3930 1227 3973 tu
1250 3941 1296 3975 ar-

141 3988 287 4061 gumentis
306 3988 428 4040 refutas:
441 4010 443 4014 ⁴
457 3986 530 4038 mihi
550 3995 659 4051 contra,
679 3988 755 4056 quod
773 3989 850 4038 salva
867 3988 997 4039 amicitia
1015 3990 1067 4041 liet
1084 3991 1153 4056 scio,
1179 3994 1295 4045 omnino

140 4060 257 4113 videtur
275 4058 451 4127 recipienda.
488 4059 563 4109 Nam
581 4057 819 4126 quemadmodum
844 4059 967 4122 gaudere
985 4067 1014 4112 et
1041 4062 1146 4114 laetari
1169 4062 1248 4115 inter
1266 4081 1295 4116 se

141 4137 336 4200 opponuntur,
361 4128 402 4180 ita
420 4127 567 4180 timereac
586 4127 729 4193 diffidere.-
762 4145 815 4196 par
833 4129 985 4198 utriusque
1009 4132 1197 4201 oppositionis
1221 4135 1294 4188 ratio

142 4209 172 4252 et
191 4201 294 4276 gradus
313 4207 363 4252 est.
400 4198 438 4251 At
464 4199 600 4263 confidere
627 4205 657 4251 et
679 4201 777 4251 timere
795 4214 827 4251 eo
847 4200 930 4253 modo
954 4201 1032 4253 inter
1051 4218 1080 4252 se
1099 4211 1297 4272 opponuntur,

143 4288 199 4339 quo
218 4271 344 4339 gaudere
363 4278 391 4323 et
409 4286 550 4332 nsoercre3
568 4285 626 4320 non
644 4268 746 4337 utique
764 4269 877 4323 tacturi.
914 4270 992 4322 Haec
1014 4288 1081 4324 cum
1100 4272 1140 4326 ita
1158 4275 1225 4340 sint,
1245 4279 1296 4345 qut

142 4350 218 4394 staro
236 4341 327 4411 possit
345 4342 462 4416 vulgata
479 4337 577 4404 lectio,
597 4355 655 4392 non
674 4338 807 4406 equidem
823 4340 919 4403 rideo.
956 4341 1005 4407 As,
1032 4342 1137 4413 inquis,
1166 4345 1297 4412 diffidere

144 4427 292 4481 numquam
318 4411 405 4467 decet.
442 4411 503 4465 Gur
526 4410 606 4464 sodes
631 4409 723 4463 illud?
753 4409 821 4480 quia
848 4410 993 4477 Confidere
1020 4415 1049 4468 r'n
1073 4415 1157 4470 laude
1181 4416 1298 4487 ponitur

173 4543 252 4587 cicero
267 4542 333 4587 ruse.
349 4543 418 4600 unp.
431 4543 467 4586 ea.
483 4543 569 4587 maer.
587 4541 611 4585 t.
626 4542 674 4586 ιιι.
775 4591 778 4597 ,
889 4599 894 4606 .
1030 4521 1073 4585 22
