2856 5084
469 303 470 306 *
505 276 633 340 LIBER
653 276 705 378 V,¹
719 275 770 343 35·
901 267 902 273 ἵ
1156 261 1216 338 222

67 448 174 532 igitur
193 443 335 508 divitiae
349 440 609 524 desiderentur?
639 449 696 504 aut
727 441 787 511 ubi
815 411 992 524 paupertas
1013 439 1126 502 beatos
1147 427 1219 516 esso

47 551 133 603 ,non
163 527 261 618 siniti
302 527 426 614 Signis,
456 526 569 604 credo,
597 525 733 602 tabulis,
762 523 862 588 ludis.
886 522 943 597 ,Si
969 522 1041 603 quis
1067 532 1126 596 est,
1159 522 1217 602 qui

137 714 194 767 Cur
216 714 307 781 igitur
332 711 451 767 divitiae
475 709 689 766 desiderentur?
713 716 762 762 aut
785 708 834 763 uos·
858 737 890 748 -
913 725 969 761 aon
992 706 1102 773 siniti]
1138 710 1218 774 „Le-

66 785 191 857 gendum
217 794 259 837 est
282 784 388 837 sinam
410 784 477 835 Ero.
515 785 583 835 Hoc'
603 781 795 834 necessarium
813 795 872 832 non
890 780 948 833 est.
977 779 1022 832 Ad
1046 777 1139 847 signia
1162 789 1216 832 etc.

65 856 231 909 Nissenius:
251 853 323 922 „So
344 853 554 907 desiderantur.
593 852 652 906 Sed·
666 850 903 925 interrogationis
927 866 986 902 non
1011 851 1118 914 eadem,
1146 866 1218 919 quas

66 926 256 995 responsionis
274 925 348 977 ratio
369 933 421 980 est.
458 924 558 975 Malim
576 922 683 998 igitur:
713 921 780 975 Cui
804 921 899 987 igitur
925 920 1042 985 divitiae
1060 920 1220 974 desideren-

68 1003 116 1049 tur
133 1003 244 1061 tanto,
263 996 317 1048 uti
333 999 486 1063 paupertas
503 993 596 1046 beatos
615 1009 675 1045 esse
693 1008 746 1044 aon
765 991 880 1045 sinat?
909 991 1010 1058 Signia
1028 989 1106 1044 cet.“
1135 990 1220 1044 Desi-

69 1068 205 1120 derootur
229 1067 304 1119 solus
330 1065 417 1117 habet
434 1063 533 1118 hamb.
553 1072 590 1124 et,
618 1064 754 1131 quicum
773 1063 915 1130 sequitur,
938 1064 1004 1117 Frc.
1023 1061 1106 1116 Febr.
1145 1061 1218 1122 Cum

66 1139 198 1190 Nisseuio
217 1138 329 1189 faciunt
346 1135 402 1187 duo
421 1135 490 1188 Oxx.
512 1133 677 1185 exhibentes
695 1136 755 1186 cuis
778 1134 853 1185 ratio
872 1149 929 1184 non
947 1133 1028 1184 item.
1055 1133 1121 1185 Cod.
1143 1132 1218 1188 Gud.

66 1209 153 1261 habet
173 1206 228 1262 cai
253 1204 410 1260 divitiae
433 1203 663 1272 igitur,-Gud.
683 1206 709 1257 2.
738 1202 786 1255 cui
810 1219 895 1270 ergo
923 1201 1049 1255 divitiae.
1086 1202 1170 1254 Vind.
1191 1206 1218 1258 1.

68 1297 135 1331 cum
153 1276 250 1329 hamb.
274 1275 480 1329 desiderantur.
517 1274 598 1326 Idem
615 1274 714 1347 pergit
731 1272 815 1342 plane
834 1274 958 1327 mirifice
982 1280 1031 1326 aut
1048 1272 1096 1326 uti
1116 1288 1220 1340 pery-

66 1346 274 1418 patdets‘cos
291 1346 393 1399 beatos.
414 1345 487 1398 Gud.
507 1348 532 1401 2.
552 1343 664 1397 omittit
682 1358 749 1397 esse.
788 1345 848 1397 Mr.
1214 1391 1216 1394 Α

140 1418 249 1484 Signis,
276 1417 369 1479 credo,
395 1415 508 1480 tubulis,
538 1413 640 1480 ludis]
678 1414 717 1465 la
739 1413 833 1482 signis
853 1414 929 1466 solus
951 1412 1048 1466 Lamb.
1076 1429 1143 1467 cum
1166 1429 1217 1465 suo

68 1490 134 1542 Fre.
155 1489 237 1540 Fabr.
274 1486 421 1551 „Quidam
438 1485 500 1560 legi
516 1487 620 1539 volunt
638 1483 746 1538 tabulis
761 1485 894 1553 pictis,
920 1484 1014 1537 deleta
1035 1500 1107 1536 voce
1132 1482 1217 1550 ludis,

67 1579 83 1612 a
102 1559 204 1629 quibus
221 1557 390 1609 dissentio.“
411 1555 522 1611 ‚Laod
629 1559 631 1564 '
1054 1568 1057 1572 '
1210 1576 1214 1581 -

137 1647 247 1714 signis,
275 1646 369 1709 credo,
402 1645 516 1709 tabulis,
546 1642 640 1709 ludis]
677 1641 822 1712 Corrupta
846 1643 932 1696 dubio
958 1645 1064 1714 procul
1091 1653 1134 1698 est
1160 1647 1218 1701 vox

66 1717 187 1781 ultima,·
212 1724 386 1785 quapropter
416 1723 484 1767 sunt
508 1716 560 1783 qui
579 1721 734 1783 reponunt,
757 1714 862 1766 tabulis
886 1717 1006 1782 pictis.
1043 1716 1089 1767 An
1115 1714 1218 1772 Cicero

68 1789 157 1848 dedit,
189 1786 291 1853 signis,
325 1786 416 1848 credo,
446 1786 556 1849 tatutis,
587 1783 785 1838 columnis?
821 1779 928 1838 Seneca
955 1785 1049 1856 Epist.
1069 1781 1219 1837 LXXXVI.

68 1858 143 1914 Quid
160 1873 221 1908 cum
239 1858 276 1909 od
294 1856 391 1908 balnea
409 1855 606 1908 libertinorum
623 1855 793 1923 pervenero?
812 1863 1111 1924 marcomannicam,
1131 1871 1219 1923 qrsoa-

69 1936 129 1980 tum
147 1928 384 1979 columnarum
402 1924 533 1978 estnihil
551 1924 758 1989 sustinentium,
783 1926 833 1978 sed
851 1926 881 1979 in
900 1925 1091 1980 ornamentum
1107 1927 1218 1993 posita·
1318 1938 1319 1941 ’

67 2014 140 2060 runa,
158 1999 299 2064 impensae
318 1996 426 2047 causei
447 1995 489 2047 Et
512 1995 607 2064 Epist.
628 1995 708 2047 CXV.
746 1994 804 2047 Nos
828 1996 905 2048 circa
927 1997 1039 2049 tabulas
1061 2002 1088 2048 et
1103 2003 1218 2048 statuas

69 2069 225 2121 insanimus
245 2095 277 2106 ·-
297 2067 356 2120 Nos
375 2065 542 2133 (delectant)
562 2064 721 2131 ingentium
737 2066 862 2119 moeniae
880 2067 1128 2119 columnarum.
1162 2063 1219 2123 Adi

69 2141 108 2191 sis
135 2147 163 2190 et
181 2139 309 2190 Nonium
328 2139 359 2188 in
386 2136 470 2201 leuis,
497 2152 530 2189 ac
549 2135 781 2202 Quinctilianum
799 2136 832 2203 V,
853 2141 896 2193 13.
933 2133 1093 2191 Probabilis
1116 2135 1219 2190 saltem

70 2216 112 2262 est
130 2210 306 2261 coniectura.
342 2205 378 2258 D.
588 2231 590 2235 v
807 2211 809 2214 ’
1108 2238 1109 2242 =

138 2278 243 2344 signis,
268 2277 361 2342 credo,
386 2277 500 2343 tabulis,
524 2275 609 2342 ludis]
645 2274 821 2348 „Quidquid
848 2277 946 2331 dicant
964 2279 1064 2334 BentL·
1084 2287 1114 2331 et
1130 2275 1219 2332 Dan:

69 2366 122 2422 ego
140 2365 242 2402 vocem
261 2348 338 2400 ludis
356 2355 524 2416 corruptam
543 2362 681 2400 essenon
699 2349 794 2402 credo.
831 2347 908 2402 Ludi
931 2359 1000 2402 sunt
1023 2349 1219 2425 gladiatorum

68 2420 142 2484 ludi,
169 2435 239 2485 quos
266 2417 433 2490 ingentibus
458 2417 618 2486 sumptibus
643 2416 836 2470 Romanorum
863 2433 999 2488 proceres
1024 2421 1151 2473 alebant:
1180 2420 1219 2474 cl’.

69 2491 150 2543 Flor.
169 2489 223 2540 111.
243 2492 286 2542 20.
310 2487 371 2538 Val.
392 2489 462 2538 Max.
484 2488 522 2538 ll.
542 2490 568 2542 3.
588 2489 614 2542 2.
636 2487 696 2542 Cic.
721 2487 757 2541 ad
774 2488 834 2540 Att.
854 2490 917 2543 Vll.
938 2495 982 2548 14.
1008 2490 1087 2544 Gall.
1106 2491 1171 2543 llll.
1191 2491 1219 2546 53

70 2559 273 2620 Gladiatorum
293 2559 451 2610 certamina
471 2558 597 2609 nimium
620 2559 732 2610 amabat
755 2560 878 2628 populus
896 2560 1050 2628 Romanus,
1073 2560 1154 2630 iique
1175 2563 1221 2614 fe·

69 2631 143 2683 lices
169 2630 300 2698 beatique
327 2628 575 2692 existimabantur,
609 2629 662 2696 qui
691 2628 832 2682 eiusmodi
861 2630 946 2684 ludos
973 2633 1031 2685 suis
1061 2632 1222 2702 sumptibus

69 2701 155 2754 edere
173 2699 339 2769 poterant.“
359 2696 448 2750 Boub.
486 2697 646 2767 ‚,Bentleio
665 2699 778 2762 accedo,
798 2717 865 2752 cum
885 2701 960 2755 ludis
978 2703 1073 2756 locum
1093 2719 1151 2755 non
1169 2703 1222 2756 ha·

68 2770 164 2824 beat.“
187 2769 301 2822 bultem.
340 2765 455 2834 ,‚Luds's
479 2767 617 2842 intellige
642 2769 675 2822 de
699 2769 837 2838 publicis,
863 2771 1047 2827 Circensibus
1071 2782 1099 2826 et
1118 2773 1222 2826 simili·

71 2840 157 2893 bus.“
176 2840 243 2891 lira.
280 2839 444 2904 „Laborant
463 2838 640 2906 interpretes
659 2839 689 2890 in
704 2854 775 2891 voce
794 2840 879 2899 ludis,
905 2860 959 2895 nec
979 2843 1133 2912 quidquam
1153 2859 1222 2912 pro·

69 2909 164 2964 babile
186 2909 262 2978 apud
286 2925 332 2963 eos
356 2907 483 2964 invenio.
520 2906 588 2962 Sive
613 2925 679 2960 cum
698 2909 824 2963 Buhorio
849 2903 1007 2966 academias
1026 2913 1221 2990 gladiatorum

70 2980 277 3055 intelligimus,
301 2997 372 3048 quas
398 2979 551 3048 optimates
577 2981 789 3043 sustentabant3
816 2997 874 3032 non
903 2999 1045 3052 pauperes
1072 2985 1109 3035 iis
1132 2998 1223 3055 aequo

70 3051 241 3106 fruebantur
260 3057 347 3118 atque
367 3050 485 3109 divites,
509 3057 560 3101 aut
581 3046 615 3100 hi
640 3066 707 3102 raro
733 3051 764 3101 in
783 3051 899 3103 ruribus
923 3056 982 3106 suis
1008 3070 1053 3106 sas
1072 3053 1221 3114 videbantt

72 3124 134 3175 sive
153 3138 220 3173 cum
238 3120 365 3173 Ernesto
383 3118 467 3172 ludos
485 3119 627 3186 publicos,
646 3136 718 3188 quos
737 3121 875 3185 edebant,
900 3137 959 3175 non
978 3125 1034 3176 soli
1052 3123 1105 3177 his⁴
1118 3126 1223 3180 divites

71 3192 260 3253 abundabant,
289 3198 318 3243 et
345 3190 383 3240 iis
412 3189 484 3259 ipsis
504 3188 620 3242 edendis
639 3190 719 3242 aliud
738 3191 808 3259 quid
826 3194 1003 3261 quaerebant
1026 3213 1113 3264 quam
1130 3213 1223 3266 popu·

72 3264 128 3326 lus,
147 3261 269 3326 scilicet,
289 3268 323 3313 ut
340 3258 428 3312 huius
469 3260 572 3312 retiam
591 3269 813 3330 aucuparentur.
850 3263 976 3316 Bentleii
992 3265 1078 3332 pictis
1095 3268 1223 3322 maxims

70 3333 199 3404 placet.“
217 3331 329 3385 Nissen.
367 3328 436 3395 „Lo
457 3332 483 3383 is
502 3347 569 3382 sane
587 3330 639 3382 vix
663 3339 762 3400 aptum
780 3339 833 3397 est,
857 3341 981 3402 propter
999 3352 1040 3399 ea,
1064 3349 1137 3404 quae
1154 3324 1224 3406 pros¹

13 3417 15 3421 ’
70 3405 151 3456 xime
171 3411 341 3472 sequuntur.
361 3399 431 3454 Dav.
452 3399 525 3465 conj.
547 3399 713 3456 columnis.“
733 3399 811 3454 Scia.
849 3403 1156 3464 „RectissimeGodd
1175 3408 1223 3459 le-

72 3476 200 3527 ctionem
219 3472 386 3535 vindicavit
400 3470 513 3525 Bouh.“
532 3470 581 3523 Or.
613 3471 693 3524 Idem
714 3470 759 3524 Or.
779 3472 815 3524 ad
832 3471 938 3527 Wolfii
958 3474 1080 3540 scholas,
1098 3475 1222 3542 ‚dadin

71 3545 122 3608 ait,
151 3544 301 3596 immerito
326 3550 494 3612 suspectum
512 3543 573 3593 fuit
598 3543 673 3594 viris
692 3543 821 3595 criticist
848 3545 979 3611 quamvis
1004 3545 1085 3597 nobis
1105 3536 1222 3615 quidem

18 3651 19 3654 =
73 3631 116 3677 ea,
142 3625 215 3681 quae
240 3611 291 3664 bic
314 3613 487 3686 iunguntur,
513 3628 572 3664 non
600 3611 749 3666 commode
773 3616 930 3667 convenire
952 3608 1133 3669 uideantur.¹
1156 3619 1223 3690 Ipsa

72 3683 214 3737 orationis
240 3684 422 3737 concinnitas
446 3684 478 3749 in
496 3681 632 3750 asyndeto
651 3690 710 3736 tres
728 3682 855 3750 requirit
880 3692 986 3754 partes.
1025 3687 1159 3740 Ceterum
1178 3690 1224 3743 lu-

72 3751 270 3807 dosWolfius
289 3752 422 3821 publicos
441 3751 648 3827 intelligebat‚·
662 3770 786 3821 quorum
809 3771 869 3808 non
887 3757 983 3810 minus
1010 3753 1154 3812 desiderio
1172 3761 1224 3811 lla-

72 3825 195 3900 grabant
221 3823 354 3895 Romani,
383 3840 469 3890 quam
491 3824 645 3898 signorum
665 3832 694 3876 et
711 3825 885 3878 tabularum.
920 3826 960 3878 Et
979 3829 1020 3879 ita
1043 3829 1160 3895 quidem
1178 3831 1224 3883 rei

73 3893 296 3950 convenientius
315 3891 449 3966 intelligi
466 3891 583 3945 videtur
601 3909 659 3945 vox
679 3896 765 3960 ludis,
794 3913 880 3964 quam
899 3913 915 3947 a
932 3895 1090 3948 Bouhierio
1113 3899 1224 3952 factum

74 3968 149 4021 est.“
185 3963 341 4017 Kiihnerus
367 3979 483 4030 quoque
505 3963 561 4016 sibi
588 3962 744 4033 displicere
768 3967 810 4017 ait
834 3981 935 4017 vocem
961 3965 1043 4029 tudo,
1070 3983 1125 4018 nec
1152 3982 1223 4022 vero

75 4034 180 4091 vitium
200 4035 331 4087 librariis
350 4049 413 4086 esse
431 4033 627 4095 tribuendum,
646 4035 696 4086 sed
713 4035 771 4103 ipsi
789 4034 933 4097 Ciceroni,
960 4035 1146 4089 festinantius
1164 4036 1233 4091 non

57 4104 166 4162 fsemel
184 4107 215 4158 in
235 4105 282 4156 his
301 4104 387 4157 libris
406 4105 542 4157 versanti.
578 4103 621 4155 Ad
633 4103 731 4171 Signis
748 4105 802 4156 cet.
822 4099 972 4180 intellige:
992 4105 1084 4172 signis
1101 4137 1134 4147 —
1152 4122 1226 4160 corn-

73 4178 214 4248 paroadis
233 4177 429 4230 desiderentur
448 4173 575 4227 diuitiae.
612 4172 655 4225 lta
676 4174 819 4246 intelligit
842 4175 940 4226 locum
959 4174 1071 4238 Ktihn.‚
1094 4176 1224 4233 Wolfius

77 4257 179 4303 contra
207 4252 239 4301 in
262 4247 368 4303 scholis
395 4246 471 4300 ludis
488 4243 655 4297 Ablativum
680 4261 740 4296 esse
765 4245 807 4294 ait
831 4245 1013 4300 adeleetetur
1035 4248 1223 4314 pendentemt

77 4323 161 4374 credo
181 4329 287 4384 autem,
307 4326 342 4371 ut
360 4317 538 4387 saepissime,
562 4313 710 4382 stomensis
729 4314 796 4366 dici.
833 4311 952 4374 Billerb.
972 4316 1082 4384 Signia,
1107 4319 1157 4384 ait,
1181 4326 1225 4370 to·

76 4393 158 4459 tutis,
177 4390 253 4445 ludis
271 4397 339 4444 sunt
356 4388 476 4443 ablativi
496 4401 603 4451 samse,
622 4384 679 4439 hoc
697 4384 878 4462 significatu:
899 4395 1014 4458 propter
1030 4388 1125 4456 signo,
1145 4390 1224 4445 tabu-
