2856 5084
132 262 195 328 tot
425 282 435 297 ·
534 257 878 324 ADDITAMENTA.

132 422 342 479 turbationibus
359 422 493 497 'popitun
537 423 628 490 Quid?
660 424 736 494 qnod
761 425 822 494 ipse
841 423 943 477 Cicero
962 425 996 477 de
1018 421 1201 491 aegritudine
1218 428 1291 479 tol·

134 496 237 551 tenda
260 495 392 564 loquitur
413 496 466 551 111.
486 498 528 551 22.
549 499 602 551 53?
634 514 720 565 quam
744 495 937 562 carnificinam
960 496 1094 567 appellat,
1118 511 1205 548 unam
1228 512 1292 549 rem

133 567 255 621 manime
273 565 469 632 detestabilem,
498 583 583 636 quam
602 568 698 620 abesse
721 567 802 689 (erpo
821 584 879 620 non
897 566 1030 631 tolerari)
1054 581 1072 617 c
1095 569 1221 634 sapiente
1241 567 1292 620 de-

132 639 200 692 bere
218 639 269 708 ait,
296 653 383 706 quam
401 652 567 690 commanens
583 654 699 706 poenam
716 643 759 692 stu
773 638 863 703 titiae,
892 656 979 707 quam
1000 636 1167 704 foeditatem
1188 635 1294 690 nabere

127 706 215 775 dicit,
235 724 306 778 quae
325 722 392 760 cum
410 708 548 777 sapientia
567 724 627 761 esse
645 715 730 778 utque
747 707 877 762 inditore
894 710 968 763 nullo
987 709 1069 777 modo
1084 708 1186 776 possit,
1207 709 1294 762 cuius

132 779 239 849 stirpes
257 805 290 817 -
309 793 422 834 amarae
443 779 505 848 ipso
530 785 628 836 trunco
651 795 746 833 everso
776 797 870 835 omnes
893 781 949 834 sint
973 779 1126 844 elidendae,
1159 796 1229 832 cum
1256 780 1295 831 sit

134 852 225 909 enimi
252 849 415 903 aduersante
438 852 547 905 ratione
578 850 739 904 contractio.
782 852 890 915 „Tetra
913 853 986 905 enim
1010 866 1057 904 res
1075 857 1116 902 est
1134 850 1294 917 aegritudo

122 921 322 988 ·(111.11.25.
348 939 377 1004 p.
397 923 464 988 ts),
483 924 607 989 misera,
635 919 819 990 detestabilis,
850 925 926 978 omni
949 919 1135 986 contentione,
1164 919 1238 974 cetis
1257 953 1293 964 -

133 990 274 1063 remisque
292 991 464 1060 fugiendc.“

475 1084 480 1093 ,
568 1062 628 1129 tv.
651 1067 701 1130 29.
726 1085 759 1146 p.
781 1066 852 1130 reo.
952 1062 955 1075 ·

134 1186 138 1197 ·
205 1160 275 1218 (lum
293 1163 420 1218 Orestem
439 1164 565 1231 fututam
584 1166 695 1219 doceret
713 1163 876 1234 Euripides,
894 1161 1003 1232 primos
1026 1171 1081 1216 tres
1103 1150 1215 1227 versui
1232 1180 1296 1216 re·

133 1249 283 1289 vocasse
305 1236 411 1290 dicitnr
428 1234 568 1289 Socrates.
587 1269 620 1278 -
657 1235 735 1303 „Diu
758 1254 803 1289 me
828 1234 903 1288 male
921 1234 1021 1287 hahuit
1038 1235 1089 1287 hic
1106 1233 1204 1301 locus„
1224 1250 1296 1287 cum

133 1305 269 1366 hoesibi
293 1322 437 1381 arrogasse
463 1305 611 1359 Socratem
634 1307 666 1359 in
689 1305 776 1377 pleno
795 1307 910 1361 theatro
930 1323 1027 1358 coram
1051 1312 1111 1357 toto
1129 1305 1243 1379 populo
1263 1305 1296 1369 in

133 1377 263 1430 animum
281 1377 478 1430 inducerevix
494 1393 615 1447 possem.
651 1376 697 1431 No
718 1378 729 1431 i
747 1385 891 1441 revocatos
905 1394 964 1430 esse
983 1386 1093 1430 actores
1103 1374 1136 1428 ab
1154 1374 1297 1429 universo

19 1437 35 1466 ’·
133 1447 250 1517 populu,
278 1466 305 1499 r.
324 1447 438 1501 Abram.
466 1447 501 1500 ad
526 1448 586 1501 Cic.
609 1463 663 1518 pro
690 1444 692 1449 ⁴
726 1457 759 1501 st.
780 1452 822 1507 584
848 1438 881 1501 Τ.
900 1450 934 1500 V.
963 1465 990 1517 p.
1011 1452 1071 1503 177.
1093 1446 1198 1499 Graev.
1238 1446 1297 1500 Sed

134 1517 263 1573 desidero
282 1519 456 1589 exemplum,
475 1517 525 1570 ubi
544 1536 616 1571 nnus
635 1512 840 1589 id'a'ususjit,
852 1527 882 1587 et
901 1519 1035 1588 expedita
1051 1526 1118 1570 sunt
1137 1517 1245 1581 omnia,
1272 1518 1297 1570 si

133 1586 190 1641 hoc
216 1608 232 1641 a
257 1587 373 1643 Socrate
398 1591 506 1640 factum
530 1605 588 1642 esse
611 1598 704 1660 putes,
725 1580 1017 1665 periitn'ssprielegeret
1045 1584 1119 1640 hanc
1144 1589 1296 1641 actoribus

132 1659 298 1730 Euripides.
336 1659 484 1713 Menandri
502 1676 571 1713 vero
591 1669 621 1713 et
639 1676 729 1714 novae
746 1660 909 1715 comoedias
933 1668 1025 1714 aetate
1047 1660 1182 1730 nondum.
1196 1660 1297 1712 exole-

132 1729 208 1800 visse
234 1730 310 1783 hanc
334 1731 569 1783 consuetudinem
586 1731 672 1784 docet
689 1732 811 1804 epistola
827 1726 1023 1801 Alciphronis,
1046 1731 1097 1800 qui
1124 1737 1204 1793 totus
1221 1747 1296 1800 pen·

133 1799 184 1869 det
201 1800 235 1852 ab
253 1801 315 1868 illa,
341 1819 428 1871 quam
445 1800 582 1865 diximus,
609 1810 711 1855 aetate.
747 1804 855 1857 Narrat
877 1802 1028 1855 famelicus
1047 1798 1166 1871 quidem
1181 1800 1296 1871 parasi-

132 1872 233 1938 taster,
261 1888 367 1931 nomen
392 1888 421 1925 se
445 1871 552 1924 dedisse
570 1872 731 1942 Lexiphani
756 1874 857 1944 poitae
880 1873 1002 1938 comico,
1030 1873 1081 1940 qui
1105 1876 1173 1924 cum
1192 1872 1295 1942 explo-

133 1950 225 1996 rasset
242 1942 473 2017 elusingenium
490 1944 636 2013 receperit
660 1943 748 1996 illum
772 1945 805 1997 in
828 1961 948 2019 gregem
971 1944 1124 2008 comicum,
1154 1949 1196 2008 τῷ
1212 1943 1295 2014 χορῷ

131 2013 190 2069 ’τῶν
206 2008 333 2086 eomedit
349 2007 546 2083 συλλαμβάνει.
581 2013 690 2066 Deinde
714 2015 823 2066 iussum
850 2033 879 2067 se
898 2031 956 2067 esse
975 2014 1093 2079 discere,
1117 2022 1214 2083 partes
1234 2018 1295 2081 ser:

106 2136 113 2143 ,
133 2082 198 2137 vuli
216 2086 248 2157 in
267 2083 421 2150 comoedia,
441 2102 511 2153 quas
529 2084 579 2136 vix
596 2085 711 2136 tandem
729 2083 937 2138 meditationem
955 2083 1154 2137 exercitatione
1171 2084 1293 2159 firptons

134 2151 303 2231 arripuerit.
344 2155 412 2217 sled,
427 2171 486 2208 non
509 2152 621 2228 pigebit
643 2155 801 2229 perlegisse
827 2163 919 2208 totam
949 2155 1108 2224 epistolam.
1132 2138 1294 2226 ’‘Apposite

128 2225 273 2281 'entmibi
289 2224 446 2292 usitantur
463 2226 568 2283 omnia.
604 2225 668 2278 Huc
686 2226 810 2295 denique
828 2225 1009 2279 referendam
1027 2243 1087 2278 esse
1104 2232 1176 2296 puto
1195 2227 1295 2300 legem

132 2288 265 2375 Limici
282 2286 414 2359 oratis-is,
431 2313 506 2364 quae
524 2295 632 2348 fabulas
649 2296 797 2366 Aeschyli,
825 2295 975 2366 Sophoclis
994 2305 1023 2348 et
1040 2296 1193 2367 Euripidis
1209 2313 1296 2367 prae·

39 2412 41 2425 ‚
133 2364 242 2442 legere
262 2358 345 2419 iubet
370 2366 524 2430 actoribus,
557 2362 776 2434 ἀναγιγνώσκειν
799 2370 863 2428 τοῖς4
888 2366 1125 2436 ὑποκρινομένοις.
1156 2367 1232 2419 Plut.
1262 2367 1295 2419 in

133 2438 194 2494 Vit.
213 2439 239 2490 X
256 2436 366 2490 rhetor.
386 2439 420 2490 Τ.
441 2438 478 2490 11.
497 2455 525 2507 p.
545 2441 605 2493 841·
625 2439 656 2493 t.
678 2456 853 2508 quamquam
870 2438 952 2490 relcus
976 2439 1066 2491 latere
1090 2445 1160 2507 puto
1186 2438 1218 2489 in
1239 2436 1293 2490 illo

133 2508 208 2572 loco,
233 2508 282 2559 ubi
306 2508 433 2561 additur:
459 2524 512 2560 non
530 2506 642 2560 licuisse
660 2510 792 2563 reducere
809 2510 842 2567 in
859 2506 970 2561 scenam
988 2509 1056 2562 illas
1074 2508 1195 2573 fabulas,
1218 2508 1297 2577 quod

136 2579 255 2648 quidem
273 2587 371 2648 aperte
386 2587 532 2650 repugnat
551 2578 817 2636 disertis‚veterum
835 2579 1017 2643 testimoniis,
1038 2580 1139 2649 quibus
1158 2579 1295 2652 choragis

133 2647 242 2700 fabulas
266 2647 405 2719 Aeschyli
428 2650 654 2720 quotiescunque
680 2651 795 2703 luberet
819 2650 970 2720 repetendi
996 2657 1168 2721 potestatem
1185 2652 1295 2702 factam

135 2735 194 2771 esse
212 2719 429 2772 testatissimum
448 2728 506 2774 est:
540 2719 599 2771 vid.
620 2720 781 2773 Stanleium
799 2721 833 2773 ad
850 2722 945 2785 vitam
960 2719 1144 2790 Aeschylip.
1165 2723 1227 2775 702.
1249 2719 1293 2772 ed.

133 2789 223 2844 Lond,
251 2798 280 2843 et
300 2790 527 2843 Barthelemium
556 2790 672 2860 Voyage
698 2792 724 2843 d.
743 2791 762 2855 i.
790 2790 845 2848 An.
864 2792 898 2864 Τ.
926 2791 1005 2844 Vlll.
1030 2789 1168 2863 p.5251.“
1213 2790 1295 2844 Haec

133 2858 319 2928 Boettigeras
342 2861 375 2912 in
399 2862 509 2914 Prolus.
534 2879 579 2932 pr.
604 2862 678 2917 Quid
704 2861 743 2915 sit
767 2864 866 2918 docere
889 2861 1174 2943 fnintaminscripta
1197 2879 1228 2931 p.
1251 2865 1292 2918 12

135 2932 265 3006 (Opuscc.
286 2929 329 2985 ed.
348 2932 377 2985 J.
397 2932 493 3007 Sillig.
512 2932 613 2985 Dresd.
633 2937 711 2990 1837.
731 2936 757 2989 8.
776 2952 804 3004 p.
824 2935 886 2990 294.
906 2934 962 3003 sq.)

567 3036 629 3103 tv.
652 3041 702 3104 si.
726 3060 759 3122 p.
782 3040 855 3104 asa.

207 3135 309 3189 Laetus
326 3150 389 3188 snm
407 3135 523 3199 tcudnri
540 3152 584 3189 me
601 3139 649 3190 abs
667 3145 703 3205 te,
726 3146 820 3206 pater,
844 3153 864 3191 a
881 3139 996 3193 laudato
1014 3136 1088 3191 viro.
1111 3166 1142 3178 -
1171 3135 1297 3189 Bothius

134 3206 335 3330 iEnnniippxqsmm.
365 3209 456 3260 Poe’tt.
485 3207 588 3262 Scenn.
612 3209 635 3261 Ι.
662 3228 691 3281 p.
716 3213 761 3264 45.
788 3210 829 3262 ita
857 3210 974 3280 scripsit
1000 3209 1079 3260 hunc
1113 3223 1234 3261 versum
1264 3208 1296 3260 in

300 3345 403 3402 Laetus
421 3365 490 3415 snm,
508 3355 598 3417 pater,
611 3349 731 3407 ¹laudari
747 3366 790 3404 ene
809 3351 859 3404 ads
878 3357 914 3418 te,
933 3351 1051 3405 laudato
1069 3347 1168 3403 ciro.“

134 3419 215 3474 Idem
233 3417 355 3474 Bothius
377 3420 476 3492 paullo
496 3420 628 3487 inierim,

566 3525 855 3609 anffl

205 3640 284 3691 quem
308 3641 416 3693 sapere,
450 3644 527 3696 quem
552 3628 694 3692 senari,
726 3643 804 3696 quem
825 3625 856 3680 in
873 3625 1003 3688 frnorbum
1025 3623 1111 3679 iniici
1137 3609 1238 3693 (velit)
1261 3655 1295 3667 —

133 3695 251 3764 scripsit
269 3711 347 3764 quem
364 3711 506 3750 sanare.-
529 3699 647 3750 fortasse
665 3697 789 3763 invitus;
817 3714 991 3767 quamquam
1009 3697 1051 3749 sic
1069 3704 1112 3750 est
1130 3697 1162 3748 in
1179 3698 1297 3768 aliquot

133 3764 208 3850 Edu
224 3773 296 3853 νεῖν.
315 3766 379 3819 Vid.
399 3775 494 3821 annot.
514 3776 603 3821 nostr.
626 3787 657 3839 p.
676 3773 737 3825 439.
775 3768 856 3834 Quod
872 3769 992 3839 scripsit
1015 3768 1092 3820 idem
1109 3767 1142 3819 in
1159 3768 1296 3840 Turpilii

134 3851 239 3890 comior
260 3854 357 3903 versu,

538 4000 542 4005 .
570 3942 628 4008 1v.
649 3945 701 4011 34.
728 3964 761 4027 p.
782 3945 855 4010 449.

206 4075 239 4087 -
258 4042 362 4098 sanu’n'
380 4059 419 4108 es,
447 4042 495 4111 qai
512 4050 614 4097 temere
638 4045 799 4098 tamentere
819 4074 852 4086 -
870 4060 929 4096 non
950 4051 993 4096 est
1015 4032 1247 4113 reprobandum,
1268 4053 1300 4098 et

133 4115 230 4187 placet
247 4115 324 4169 adeo.
362 4114 417 4168 Sed
433 4115 504 4168 libri
520 4115 627 4169 habent
651 4115 832 4181 lamentare,
858 4115 934 4185 quod
951 4115 1024 4168 ferri
1042 4121 1146 4186 potest.

575 4221 618 4285 V.
642 4223 693 4284 22.
717 4243 747 4302 p.
772 4222 842 4286 136.

157 4377 161 4380 ,
207 4351 239 4364 -
258 4325 284 4374 et
302 4318 373 4375 miii
389 4317 447 4386 fuit
465 4337 528 4374 cnm
547 4321 706 4390 Aquinio
732 4319 925 4374 amicitia-
961 4319 1045 4386 „Etsi
1073 4320 1107 4373 ab
1127 4320 1240 4375 Orellio
1260 4331 1292 4376 et

135 4389 271 4446 Riihnero
294 4391 404 4445 editum
433 4400 476 4446 est
499 4390 621 4462 Aquino,
652 4401 748 4446 tamen
773 4391 873 4447 dubito
901 4408 968 4446 cum
990 4390 1108 4464 Silligio
1134 4391 1166 4444 in
1191 4391 1296 4446 Jahnii
