2856 5084
212 249 274 313 aro
481 244 705 311 excursos
727 245 818 310 vm.
844 245 886 308 aa
907 244 950 311 11.
975 249 1023 310 ιο.
1045 247 1097 330 ea.
1186 265 1191 271 ·

213 411 303 465 dietus
321 425 354 463 eo
373 425 487 480 quoque
510 411 716 479 commendari,
745 411 822 482 quod
844 411 939 466 doctus
966 421 1068 465 eontra
1090 425 1173 463 usum
1198 417 1372 465 ceterorum

212 484 270 535 scri
291 489 388 534 torum
407 482 447 533 ita
466 482 596 567 intelligi
615 483 723 545 debeat,
751 491 785 534 ut
803 483 840 534 sit
859 484 879 535 i.
899 502 927 550 q.
948 482 1078 536 callidus.
1100 509 1133 519 -
1171 480 1201 534 0.
1222 480 1373 550 Haupte‘ut

212 553 244 604 in
262 499 394 606 speebodii
411 553 496 618 libro,
531 572 582 622 qur
607 553 777 606 inscribitur
795 553 915 607 Archiv.
942 556 962 604 f.
988 554 1092 605 Philol.
1117 553 1141 606 l.
1160 553 1187 607 4.
1213 569 1242 621 p.
1263 555 1319 607 818
1338 553 1371 605 in

212 623 465 694 disputatiuncula,
491 641 545 692 qua
568 624 720 693 proposuit
743 619 899 693 Aeschyleo
923 625 1056 694 quaedam
1081 622 1111 675 t'n
1130 621 1265 675 Cicerone
1284 639 1304 674 a
1324 641 1372 677 ne·

212 696 287 747 mine
305 695 459 759 observata,
489 694 574 746 hosce
597 712 696 747 versus
715 711 859 763 expressos
885 695 925 746 ait
944 713 979 746 ex
996 694 1134 763 Aeschyli
1153 692 1245 745 Proin.
1268 694 1369 746 Vinct.

212 768 307 821 7-9:
340 765 425 832 quod,
453 774 486 817 ut
505 783 540 816 ex
562 764 618 818 hoc
644 766 705 835 ipso
723 765 857 816 Excursu
879 766 967 830 vides,
1001 766 1058 817 iam
1084 764 1231 816 contendit
1258 766 1371 816 factum

211 853 271 889 esse
288 834 467 888 Bouhierius.
501 835 556 888 Sed
573 835 693 887 liberius
714 852 745 886 ea
759 853 888 904 expressa
908 854 965 889 esse
983 838 1092 887 fatetur
1110 835 1262 903 Hauptius,
1281 843 1369 904 atque

210 908 261 973 ita,
280 915 313 958 ut
330 907 446 958 fluxisse
466 906 652 958 existimanda
671 906 728 957 sint
742 923 777 957 ex
787 906 882 958 fabula
900 908 932 959 ab
946 907 1024 958 Attio
1040 907 1133 958 aliove
1149 913 1236 975 poeta
1249 907 1369 959 omnino

209 978 313 1030 Latine
331 976 495 1032 retractata.¹
532 978 592 1029 lam
611 977 688 1028 nihil
706 976 823 1028 videtur
841 977 1010 1042 addendum,
1043 977 1099 1027 nisi
1123 975 1246 1046 paucula
1264 975 1300 1027 ad
1318 974 1371 1028 ho-

210 1067 278 1100 rum
294 1065 430 1100 versuum
450 1048 629 1100 sententiam.
669 1046 747 1100 Unde
766 1055 808 1098 est
834 1047 852 1098 i.
874 1066 901 1116 q.
928 1051 1007 1100 furto
1026 1047 1156 1111 Lemnio,
1177 1062 1233 1115 quo
1252 1047 1370 1099 Prome-

211 1119 295 1170 theus
314 1119 347 1171 ab
368 1119 462 1170 insula
479 1120 587 1171 lremno
605 1117 733 1169 Vulcano
760 1118 858 1191 ignem
876 1127 1042 1187 surreptum
1067 1117 1115 1181 (id
1143 1118 1221 1170 enim
1248 1126 1292 1169 est
1316 1118 1370 1169 cle-

208 1190 290 1257 pere)
308 1191 339 1241 in
357 1198 449 1241 terras
467 1188 603 1241 detulisse
621 1189 718 1238 fertur
736 1188 756 1238 i.
773 1206 797 1240 e.
818 1191 900 1241 cluet.-
920 1188 1029 1242 diuisus
1048 1196 1090 1240 est
1109 1187 1127 1238 i.
1140 1207 1167 1257 q.
1189 1188 1287 1238 dature
1307 1189 1368 1252 fato

210 1268 306 1312 autem
325 1277 452 1329 supremo
473 1268 515 1311 est
533 1259 587 1310 fati
607 1259 735 1327 supremi
753 1259 910 1329 voluntate,
937 1260 984 1311 cui
1003 1261 1109 1323 omnia,
1134 1267 1219 1327 atque
1235 1258 1296 1325 ipsi
1316 1258 1367 1322 dii,

209 1330 331 1400 subiecti
351 1340 435 1398 atque
448 1329 564 1382 obnoxii
584 1337 658 1381 sunt.
686 1327 733 1399 Sic
752 1331 985 1394 fereKiihnerus,
1007 1330 1057 1399 qui
1076 1345 1145 1381 vero
1164 1329 1200 1396 in,
1214 1328 1368 1383 reserenda

180 1452 184 1457 ,
209 1401 368 1452 Hermanni
397 1400 524 1451 lectione
549 1398 665 1451 erravit.
706 1400 810 1469 Refert,
832 1401 908 1451 enim
940 1417 1005 1464 eum
1032 1400 1130 1450 virum
1154 1407 1280 1467 utroque
1303 1399 1367 1452 loco

209 1469 330 1553 legeret·
343 1487 414 1522 eum
432 1471 557 1522 doctus
575 1466 760 1535 Prometheus,
780 1487 846 1522 cum
864 1471 1027 1522 neutroita
1044 1470 1136 1543 legat:
1156 1470 1188 1520 in
1206 1469 1369 1522 Elementis

210 1555 287 1592 enim
305 1539 461 1592 Doctrinae
481 1540 619 1595 metricae
637 1539 710 1622 legit
729 1539 817 1591 enim
835 1536 959 1603 doetus
977 1538 1163 1606 Prometheus,
1188 1540 1219 1591 in
1237 1539 1312 1591 Diss.
1333 1540 1368 1592 de

208 1610 347 1679 Aeschyli
359 1609 533 1662 Philocteta:
553 1612 628 1666 eum,
644 1610 763 1662 dectus
783 1609 976 1664 Promnheue:
994 1611 1126 1663 bifariam
1141 1610 1235 1682 igitur
1247 1611 1368 1675 erravit,

209 1681 258 1732 sed
276 1681 334 1732 alio
352 1681 446 1743 modo,
475 1698 560 1750 quam
584 1695 639 1748 quo
666 1680 828 1734 Schiitzius.
866 1684 909 1736 Ne
935 1697 1004 1732 vero
1029 1682 1077 1735 cui
1099 1680 1210 1749 placeat
1238 1681 1369 1733 Nissenii

208 1751 359 1813 sententia,
385 1752 467 1815 unde,
492 1759 526 1801 ut
553 1751 727 1820 particulam
746 1752 907 1821 relativam,
930 1748 946 1802 a
966 1769 1051 1804 versu
1068 1747 1253 1803 'secernentis
1273 1759 1303 1802 et
1322 1750 1369 1803 ci-

209 1821 307 1873 ceroni
326 1821 491 1886 tribuentis,
522 1821 545 1872 is
573 1829 688 1889 reputet
710 1831 816 1881 sumtos
836 1820 893 1874 esse
919 1822 971 1874 hos
990 1829 1114 1891 quatuor
1130 1837 1230 1872 versus
1250 1839 1286 1873 ex
1304 1821 1369 1874 lon·

230 1891 292 1944 iore
311 1892 557 1960 anapaesticorum
575 1891 658 1957 serie,
687 1911 773 1962 quam
796 1894 903 1962 optime
926 1892 1110 1945 concinnavit
1129 1891 1163 1943 G.
1183 1892 1369 1942 Hermannus

208 1909 240 2017 fi.
262 1980 314 2027 cc,
343 1963 373 2013 in
393 1980 449 2032 qua
468 1961 583 2030 quidem
604 1964 696 2015 nostri
715 1963 870 2014 clausulam
890 1963 1076 2026 constituunt,
1107 1962 1273 2031 optimeque
1292 1961 1370 2031 illud

208 2033 280 2085 unde
299 2050 364 2084 cum
383 2031 618 2085 antecedentibus
637 2033 780 2087 cohaeret.
817 2034 876 2085 Iam
898 2033 956 2084 vid.
978 2030 1064 2084 etiam
1089 2033 1123 2082 de
1144 2038 1205 2083 toto
1223 2031 1282 2091 hoc
1300 2033 1369 2086 loco

208 2103 244 2156 G.
264 2105 462 2155 Hermannum
489 2103 520 2153 in
540 2102 611 2153 Diss.
633 2102 668 2155 de
686 2096 832 2173 Aeschyli.
851 2103 1021 2155 Prometheo
1050 2103 1142 2155 soluto
1165 2103 1298 2175 (Opuscc.
1313 2098 1371 2158 w.

206 2191 235 2244 p-
256 2174 428 2255 269-271)
445 2192 473 2242 p.
495 2175 529 2228 18
548 2190 588 2241 sq.
609 2171 659 2223 ubi
677 2175 775 2226 Herm.
796 2174 913 2242 scripsit
931 2173 1052 2245 elepisse.
1092 2173 1151 2226 Mr.

545 2464 898 2540 EXCURSUS
942 2464 1018 2539 IX.

621 2597 657 2650 aa
674 2597 775 2651 rusco.
795 2597 832 2648 11.
846 2598 887 2656 tt.
903 2599 946 2652 aa.

291 2705 396 2782 „Num
418 2704 524 2784 igitur
550 2702 666 2783 fortem
688 2706 788 2764 uirum
811 2738 851 2748 -
872 2721 942 2763 num
964 2701 1098 2778 humana
1120 2711 1370 2770 contemnentem

327 2795 445 2866 potes
467 2786 572 2848 dicere
593 2796 649 2847 ant
670 2783 885 2859 Philoctetam,
904 2782 1009 2846 illumi
1022 2817 1062 2827 -
1085 2806 1105 2844 a
1128 2795 1158 2846 te
1179 2789 1259 2847 enim
1282 2791 1369 2852 malo

329 2867 557 2932 discedere:
570 2901 611 2912 -
624 2869 681 2949 sed
700 2869 755 2930 e'lle
770 2879 855 2929 certe
867 2887 931 2939 non
945 2866 1057 2944 fortis,
1074 2871 1130 2948 qui
1139 2867 1258 2945 ‚iecet‘f
1275 2904 1370 2918 —-

277 3004 429 3071 'Videamus
446 3002 502 3055 hoc
520 3005 594 3067 loco,
625 3002 676 3071 qui
699 3001 766 3072 satis
791 3003 922 3071 exercuit
944 3001 1023 3052 viros
1048 2997 1154 3070 doctos,
1178 2998 1311 3078 primum
1332 3006 1369 3059 de

205 3073 299 3137 libris,
319 3073 423 3126 deinde
441 3074 474 3125 de
494 3073 618 3125 aliorum
636 3072 797 3135 sententiis,
824 3065 925 3140 quibus
948 3072 976 3121 in
996 3072 1053 3124 fine
1072 3081 1199 3124 nostram
1217 3073 1367 3144 addemus,

205 3143 238 3195 ab
264 3144 408 3195 Orelliana
433 3158 491 3193 non
518 3143 736 3210 discrepantem.
779 3144 860 3211 Unus
884 3143 938 3202 >On
967 3141 1053 3194 habet
1080 3149 1171 3208 potest
1195 3160 1249 3213 pro
1274 3154 1368 3214 poteo,

205 3213 286 3281 isque
305 3214 425 3264 fortasse
443 3212 575 3263 Bentleio
595 3211 628 3264 ad
647 3207 843 3265 coniecturam
859 3219 936 3277 potes
953 3219 980 3264 te
998 3210 1094 3264 ansam
1107 3213 1193 3264 dedit.
1222 3212 1369 3270 Philocte·

205 3287 259 3335 tem
278 3292 321 3334 est
339 3283 370 3333 in
388 3281 525 3344 uno'Ox.,
550 3282 581 3332 in
599 3281 656 3335 alio
681 3291 709 3335 et
728 3283 814 3334 lllarh.
845 3281 1020 3347 Philotetam,
1048 3284 1079 3333 in
1097 3286 1170 3335 Mon.
1193 3289 1216 3337 l.
1238 3284 1368 3340 Philote-

205 3368 276 3415 cam,
295 3353 326 3403 in
344 3369 401 3403 uno
422 3353 470 3404 Ox.
490 3348 687 3419 Philotectar'm
705 3352 794 3407 Rehd.
810 3359 859 3405 aut
870 3351 1060 3421 Promotheum
1079 3353 1145 3420 (sic)
1165 3361 1213 3406 aut
1225 3353 1367 3410 Philocte·

206 3430 273 3488 tam,
294 3423 361 3476 Cod-
380 3423 465 3474 Bern.
484 3422 516 3473 in
534 3419 623 3499 marg.
643 3423 728 3476 habet
746 3420 944 3488 Prometheum,
964 3424 1047 3474 Vind.
1070 3428 1092 3477 l.
1113 3430 1161 3476 (rut
1179 3422 1367 3482 Philoctetam

204 3490 285 3546 illum
312 3497 357 3547 uel
382 3492 581 3546 Prometheum.
619 3495 674 3546 Per
696 3502 748 3544 unt
771 3493 826 3545 duo
852 3493 921 3547 Oxx.
950 3492 1022 3566 Aug.
1049 3509 1132 3563 quam
1151 3501 1176 3546 te
1195 3499 1279 3551 enim,
1308 3498 1366 3552 duo

204 3563 274 3616 Oxx.
296 3563 399 3616 dicere.
424 3566 493 3639 Reg.
519 3565 591 3618 Gud.
614 3570 638 3618 l.
664 3511 737 3638 hug.
758 3567 832 3616 Mon.
855 3570 878 3618 l.
899 3567 925 3618 l.
950 3564 1037 3615 llarb.
1064 3572 1122 3617 tres
1141 3565 1211 3617 Oxx.
1232 3562 1367 3635 disceret

120 3631 125 3638 ’
206 3634 279 3687 Gud.
301 3638 325 3688 l.
347 3643 472 3704 quatuor
491 3636 560 3687 Onx.
580 3634 668 3687 Rehd.
691 3635 763 3687 Gud.
783 3635 880 3686 Duisb.
902 3633 1054 3687 discedere.
1074 3633 1076 3636 ’

275 3705 352 3757 Fulo.
375 3703 544 3758 Ursinus:
579 3705 636 3756 Aut
661 3704 791 3765 Pttract„
809 3705 889 3758 illurn
916 3720 998 3772 quam
1016 3711 1042 3758 te
1069 3705 1139 3757 enim
1156 3705 1364 3762 maledicere:

149 3782 150 3785 ’
204 3775 255 3828 ced
277 3775 329 3828 tlte
354 3774 427 3840 eto]
464 3775 531 3827 Ant.
557 3775 737 3850 Augustinus
763 3775 841 3827 delet
865 3775 1042 3827 Adverbium
1069 3783 1125 3839 aut.
1169 3779 1365 3853 Pantagathus

204 3855 301 3900 autem
320 3842 444 3911 retinet,
475 3846 524 3915 qui
549 3854 644 3898 totum
666 3847 764 3899 locum
792 3847 831 3896 ita
855 3846 980 3919 legebat:
1009 3852 1055 3897 aut
1073 3845 1257 3900 Philoctetam
1281 3847 1366 3903 illum

204 3922 253 3970 aut
269 3934 319 3971 me.
340 3915 521 3970 maledicere
534 3915 568 3970 de
586 3917 638 3970 illo
653 3918 695 3969 M.
716 3923 786 3970 certe
804 3916 896 3980 sortis,
917 3915 965 3985 qui
982 3915 1056 3969 lacet
1072 3916 1102 3969 a'n
1122 3917 1219 3970 lectulo
1237 3917 1366 3976 humido.

222 3988 224 3995 '
274 3989 305 4042 Ρ.
325 3986 527 4043 Manutius:
553 3988 612 4040 Aut
631 3984 829 4054 Philoctetam]
866 3987 920 4039 Vel
937 3987 968 4037 in
988 3987 1192 4040 coniunctione
1212 3995 1263 4041 aut
1282 4007 1366 4045 men-

203 4059 270 4112 dum
296 4060 381 4122 inest,
408 4059 457 4110 vel
480 4058 592 4128 aliquid
618 4059 804 4111 desideratur.
843 4058 943 4126 Itaque
969 4058 1065 4127 placet
1082 4058 1190 4133 legere,
1215 4067 1249 4110 ut
1268 4069 1313 4112 est
1332 4062 1365 4114 in

204 4130 299 4183 hlaffei
324 4130 399 4181 libro
421 4127 664 4187 Prometheum
689 4128 943 4201 authhe'loctetam.

273 4201 301 4254 J.
323 4199 365 4253 M.
385 4200 532 4252 Brutus:
558 4199 751 4254 Proneetheum
773 4217 808 4251 ex
826 4199 947 4263 Manutii
967 4200 1165 4255 emendatione
1184 4198 1363 4266 addidimus3

204 4289 275 4336 quae
293 4286 350 4323 vox
368 4271 407 4322 ita
426 4271 503 4324 abest
521 4264 552 4321 i'n
569 4270 709 4347 vulgatis²
730 4278 765 4325 ut
786 4286 870 4341 neruo
893 4286 951 4321 non
972 4270 1078 4337 videat,
1097 4287 1227 4324 mancam
1245 4271 1309 4325 sine
1330 4290 1364 4326 ea

203 4342 361 4394 orationem
381 4357 447 4393 esse.
701 4348 705 4358 “
