2856 5084
198 289 262 355 388
459 282 684 352 EXCIIRSUS
705 282 799 348 XIII.
823 283 865 346 ad
885 283 947 348 IV.
969 287 1023 351 la.
1044 287 1095 350 29.
1146 227 1148 232 ³

200 454 256 509 atio
275 459 325 508 eet.
363 453 426 506 Non
444 452 518 506 enim
535 467 615 505 ornae
632 448 733 505 uitium
749 455 847 520 parter
865 446 945 505 babet
964 448 1168 506 dissentientes.
1197 449 1235 504 Ut
1254 465 1359 517 eorum,

200 527 248 594 qui
266 540 319 578 non
340 525 422 591 longe
441 539 458 576 a
477 523 618 591 sapientia
636 524 743 586 absunt,
771 521 882 588 affectio
905 531 949 576 est
972 523 1027 574 itta
1051 521 1162 592 quidem
1190 521 1360 591 discrepant

200 597 258 650 sibi
275 599 346 662 ipen,
366 597 433 648 dum
453 603 496 647 est
514 595 667 664 insipiens3
696 594 747 646 aed
766 609 818 646 non
837 593 956 646 distorta
977 609 1027 647 neo
1046 608 1144 661 prauo.
1185 592 1266 646 Vitio
1285 597 1360 648 enim

199 667 362 735 affectionee
381 671 446 720 eunt
463 673 620 728 nannenten
645 664 873 732 perturbationes
891 672 983 718 nutem
1005 671 1152 720 moventes.
1189 665 1266 716 llaec
1289 666 1360 718 nodi

199 740 330 793 solvendi
348 755 417 789 vera
440 738 515 789 ratio
535 745 588 801 est,
607 744 668 787 uta
686 736 754 788 uitio
773 736 968 809 distinguatur
984 735 1137 789 vitiositae.
1181 735 1216 787 In
1239 735 1296 788 hac
1315 745 1360 788 est

200 810 290 861 totius
308 809 399 861 animi
418 808 576 876 corruptio.
614 805 726 856 Vitium
746 806 881 874 quasdam
900 807 960 859 eius
980 809 1106 860 actiones
1131 806 1276 875 depravat.
1314 809 1359 860 Eo

200 879 342 933 differunt
359 887 455 931 autem
474 879 564 930 animi
582 877 655 929 vitia
673 894 687 926 a
708 878 848 946 corporis,
867 878 943 946 quod
960 877 1032 929 haec
1050 879 1195 928 manentia
1210 885 1285 943 sunt,
1305 880 1360 932 illa

199 947 353 1004 intuentia.
392 950 424 1002 Id
442 945 572 1020 intelligi
592 948 657 999 vult
675 947 722 998 his
741 947 836 1000 verbis
856 949 971 1001 Cicero:
993 948 1055 1002 Non
1074 965 1154 1000 ootne
1168 948 1277 1012 uitium,
1297 952 1359 1001 uti-

200 1041 255 1093 que
274 1021 374 1084 animi,
400 1027 498 1088 partes
521 1017 602 1071 babet
628 1017 837 1071 dissentientee.
876 1019 935 1084 Quo
956 1020 1139 1092 significatur
1164 1020 1359 1087 perturbatio-

198 1111 265 1146 nem
286 1099 449 1144 moventem
469 1107 526 1142 non
545 1106 658 1158 semper
676 1090 766 1140 animi
783 1090 928 1158 pravitate
946 1091 1039 1164 gigni.
1076 1090 1251 1159 Exemplum
1265 1100 1307 1143 est
1326 1093 1358 1143 in

198 1164 327 1228 benninc,
352 1163 413 1231 qui,
438 1179 504 1213 cum
528 1177 586 1212 non
604 1160 691 1233 longe
716 1160 788 1211 absit
814 1161 997 1231 asapientia,
1025 1161 1122 1230 aliqua
1139 1161 1357 1230 perturbatione

199 1235 340 1304 quatitur.
377 1234 452 1285 Dum
472 1233 503 1282 in
522 1249 555 1284 eo
574 1240 655 1283 motu
674 1239 726 1295 est,
745 1232 857 1282 animus
874 1232 992 1301 quidem
1017 1232 1150 1301 sibiipsa
1170 1231 1300 1299 dissidet,
1327 1243 1358 1286 at

199 1308 276 1360 enim
295 1305 369 1356 levis
396 1305 449 1355 illa
473 1300 705 1375 commotionem
727 1301 865 1353 eiusmodi
890 1311 941 1367 est,
969 1311 1003 1354 ut
1029 1303 1157 1356 conferri
1180 1304 1271 1371 possit
1289 1321 1356 1355 cum
1380 1348 1382 1350 ,

197 1375 339 1443 pronitate
357 1375 545 1437 membrorum,
574 1371 752 1433 distortione,
776 1372 967 1438 deformitate.
1003 1373 1125 1426 Deerrat
1150 1373 1283 1425 machina
1309 1377 1358 1428 de·

199 1447 311 1499 bilitato
330 1447 474 1514 tantisper
492 1442 688 1507 libramento,'
701 1443 750 1497 sed
774 1444 835 1512 ipso
854 1451 951 1502 tamen
975 1445 1100 1519 integro.
1139 1445 1172 1498 ln
1197 1444 1243 1496 his
1263 1445 1358 1519 igitur

198 1518 305 1571 verbis:
328 1517 389 1569 Non
409 1519 484 1569 enim
503 1530 582 1567 omne
600 1513 701 1566 citiam
720 1521 772 1565 etc.
793 1513 899 1566 solutio
919 1524 961 1567 est
979 1516 1140 1585 propositae
1163 1515 1356 1582 difficultatis,

198 1605 233 1640 an
252 1587 485 1657 perturbationes
504 1585 562 1636 sint
579 1592 675 1654 partes
687 1583 858 1636 'inorborum
877 1586 926 1636 vel
944 1587 1185 1659 aegrotationum,
1204 1604 1277 1655 quae
1296 1589 1358 1640 ani·

198 1676 279 1710 inum
295 1659 405 1710 vitiant
424 1658 533 1726 ipsum,
561 1671 619 1706 non
643 1656 768 1706 actiones
787 1655 924 1707 duntaxat
949 1657 1008 1709 eius
1033 1658 1197 1726 depravant.
1240 1660 1358 1710 Pertur-

197 1729 325 1782 bationas
351 1728 474 1797 quidem
487 1725 596 1778 Cicero.
614 1725 767 1794 aliquando
791 1726 905 1778 morbos
929 1727 1073 1792 nominat,
1091 1727 1140 1778 sed
1165 1745 1219 1796 per
1237 1728 1356 1781 abusum

196 1801 294 1852 vocis:
320 1798 370 1850 hic
392 1797 604 1868 proprietatem
627 1796 769 1863 sequitur,
794 1814 839 1858 res
859 1796 1048 1862 discriminat,
1078 1797 1210 1851 definit.“
1248 1799 1356 1864 Quibus

196 1870 268 1924 haec
286 1871 364 1922 addit
383 1868 425 1922 01
432 1869 445 1921 e'
452 1874 569 1920 aetnae
604 1867 695 1929 „Etsi
715 1867 899 1919 decreveram
917 1869 994 1919 nihil
1011 1869 1062 1920 hic
1080 1886 1176 1922 meum
1196 1887 1355 1939 apponere:

198 1942 265 2010 quia
288 1951 385 1994 tamen
413 1957 461 1992 me
486 1939 566 2002 olim,
596 1937 765 1989 elaboranda
781 1937 867 1989 liuius
893 1939 964 1991 libri
983 1940 1095 1992 Gallica
1115 1941 1357 2011 interpretatione

198 2011 479 2083 ocmpatuim'locus
498 2009 548 2061 hic
567 2009 618 2060 diu
635 2008 819 2077 multumque
839 2011 980 2073 exercuit,
999 2027 1056 2063 non
1075 2010 1207 2064 dubitabo
1227 2029 1357 2065 commu-

197 2085 296 2136 nicare
313 2101 384 2135 eum
401 2080 559 2134 lectoribus
579 2079 665 2148 quod,
691 2095 806 2132 omnem
833 2081 1010 2149 pertentanti
1029 2083 1149 2146 exitum,
1178 2083 1212 2134 in·
1228 2093 1355 2137 mentem

198 2154 469 2225 deniqueveneret.
507 2151 637 2204 Primum
656 2149 748 2223 igitur
767 2166 879 2217 moneo,
904 2168 1005 2206 vocem
1022 2158 1128 2221 portes,
1154 2171 1230 2222 quaa
1252 2156 1283 2206 in
1301 2155 1355 2208 hac

197 2225 391 2297 disputatione
405 2222 542 2275 occurrit
560 2221 680 2290 saepius,
699 2219 920 2293 intelligendam
940 2239 1009 2287 esse,
1031 2231 1065 2274 ut
1084 2224 1177 2277 solent
1195 2225 1355 2290 dialectici,

197 2297 232 2349 do
251 2296 380 2366 partibus
398 2293 576 2357 subiectivis,
602 2307 675 2360 quae
694 2287 832 2342 dicuntur
848 2291 957 2361 species
977 2301 1006 2344 et
1025 2295 1215 2347 continentur
1238 2298 1288 2349 sub
1307 2316 1356 2370 ge·

196 2385 277 2432 nere,
306 2367 382 2436 quod
405 2364 549 2417 dividunt.
562 2363 647 2415 flam
667 2362 842 2415 seutentiam
865 2364 955 2434 ipsam
974 2364 1128 2442 integram,
1157 2383 1192 2418 ex
1210 2366 1355 2421 brevitate

198 2438 357 2502 obscuram,
381 2435 474 2487 fusi-us
490 2432 624 2502 explico.

210 2602 213 2607 .
265 2542 433 2611 ‘Geminam'
452 2539 617 2611 (11ῐὸὶῦἆὶΧί
635 2541 793 2607 etdefinii
820 2544 938 2613 pravam
957 2543 1046 2598 animi
1072 2543 1254 2600 affectionem
1277 2549 1355 2618 parit

197 2613 546 2685 0P3fi30nuln‘00rruptio·
584 2613 619 2664 ln
637 2612 728 2668 altera
747 2612 846 2667 efficit
860 2615 993 2682 morbum
1012 2625 1042 2668 et
1059 2618 1302 2690 aegrotationem,
1323 2620 1354 2672 in

197 2683 529 2745 alterassinconstantiam
547 2685 825 2757 repugnantiamque
845 2692 873 2737 et
893 2685 1069 2738 iudiciorum
1088 2696 1117 2739 et
1130 2690 1352 2758 appetitionum,

197 2757 307 2827 Harum
326 2755 476 2820 alterutra,
495 2754 551 2806 hoc
577 2762 629 2819 est,
653 2755 702 2808 vel
721 2755 915 2808 inconstantia
939 2756 986 2808 vel
1012 2761 1215 2833 repugnantia,
1244 2759 1355 2814 sufficit

196 2836 230 2880 ut
249 2827 281 2879 in
300 2828 396 2879 animo
415 2827 453 2878 sit
470 2825 586 2880 vitium.
622 2823 706 2878 Sicut
724 2828 802 2878 enim
820 2826 851 2876 in
869 2843 990 2896 corpore
1014 2836 1048 2880 ut
1067 2829 1156 2882 inesse
1185 2830 1293 2884 vitium
1311 2833 1355 2884 di-

198 2906 291 2962 catur,
310 2914 423 2959 necesse
441 2904 569 2965 nonest,
588 2904 620 2947 ut
639 2904 734 2967 partes
753 2897 812 2968 sint
831 2897 910 2949 inter
928 2915 957 2953 sa
975 2898 1190 2966 dissentientes,
1217 2903 1285 2954 satis
1312 2911 1354 2955 est

197 2969 306 3022 simale
321 2969 503 3032 cohaereant,
523 2965 738 3020 etiamsi-unius
757 2969 867 3033 soranae
886 2985 918 3019 ac
936 2969 1043 3040 speciei
1061 2971 1120 3023 sint
1139 2989 1248 3028 omnes:
1269 2974 1353 3026 sicin

197 3041 303 3104 animo,
330 3057 388 3092 non
410 3047 523 3090 tantum
550 3036 606 3088 ubi-
627 3036 734 3090 iudicia
753 3039 1001 3159 appetitionesque
1026 3058 1042 3092 a
1066 3041 1179 3095 ratione
1204 3042 1352 3110 dissident,

195 3111 373 3174 vitiumest,
393 3107 548 3177 sedetiam
571 3107 620 3159 ubi
639 3108 718 3160 deest
738 3109 763 3160 'il
779 3109 803 3163 is
830 3110 862 3164 in
887 3109 959 3162 bono
981 3111 1158 3166 firinitas'et
1183 3116 1352 3170 constantia,

195 3183 284 3248 Porro
305 3180 381 3254 quod
399 3179 599 3249 inconstantIa,
619 3178 685 3231 sota·
697 3187 726 3232 et
743 3181 871 3234 seiuncta
890 3199 905 3232 a
923 3184 1124 3254 repugnantia,
1154 3184 1261 3238 vitium
1286 3202 1354 3239 con.

112 3305 115 3312 ἡ
195 3251 303 3319 lineat,
329 3257 448 3327 apparet
475 3249 507 3300 in
532 3249 567 3300 iis
586 3248 760 3315 horninibus,
788 3251 840 3319 qui
858 3267 916 3306 nou
934 3251 1054 3326 longea
1080 3255 1217 3324 sapientia
1240 3256 1352 3321 absunt,

194 3320 251 3374 boc
270 3327 321 3386 eat,
341 3339 356 3372 a
374 3319 555 3391 perfectione
573 3319 693 3388 virtutis
712 3329 740 3372 et
757 3320 899 3373 vitiorum
924 3323 1079 3377 vacuitate.
1117 3323 1249 3391 Quamvis
1274 3328 1352 3382 enim

195 3408 254 3455 non
271 3393 359 3465 longe
378 3390 478 3457 absint,
494 3390 635 3458 quamdiu
651 3398 753 3461 tanuen
765 3391 876 3461 aliquid
894 3392 926 3445 in
945 3392 984 3445 eis
1003 3404 1132 3447 remanet
1150 3397 1302 3465 stultitiae,
1321 3401 1352 3451 in

193 3463 268 3535 vitio
286 3470 367 3515 sunt:
402 3470 459 3515 non
479 3461 556 3535 quod
578 3461 669 3518 aniani
691 3456 873 3515 affectionem
899 3462 1020 3516 habeant
1044 3482 1163 3535 pravam
1180 3477 1230 3520 aut
1248 3469 1352 3523 distor.

195 3543 265 3603 lama
280 3534 339 3586 >⁵0¹1
364 3532 441 3602 quid
466 3532 497 3583 in
519 3531 593 3584 b⁰¹10
619 3549 722 3603 patum
748 3541 936 3586 constantem.
975 3535 1111 3588 Getarum
1140 3538 1266 3592 dubitari
1292 3557 1351 3594 non

194 3612 298 3691 potest,
318 3605 399 3677 quin,
414 3603 469 3676 qtti
487 3602 672 3672 appellantur
690 3603 721 3654 in
738 3603 843 3660 animis
861 3605 963 3671 morbi,
988 3606 1049 3670 ¹sint
1076 3608 1184 3676 species
1209 3610 1351 3664 vitiosita.

194 3684 242 3743 tis.
272 3677 318 3739 ,At
335 3674 465 3744 quaestio
485 3682 538 3738 est,
557 3692 592 3725 an
610 3673 719 3742 species
737 3673 824 3732 huius
843 3675 901 3726 sint
919 3692 976 3740 eae,
997 3694 1068 3744 quae
1083 3679 1267 3748 appellantur
1284 3699 1351 3753 per·

193 3744 381 3829 turbationes.
420 3744 474 3803 Cui
487 3743 613 3814 *quidem
633 3744 797 3815 quaestioni
828 3746 870 3797 sic
897 3747 1127 3815 respondendum
1155 3751 1287 3816 videtur,
1317 3759 1350 3807 ut

192 3822 331 3894 negemus
349 3814 581 3891 perturbationes
600 3832 659 3868 esse
698 3825 783 3880 artes,
802 3817 910 3874 formas
928 3825 978 3881 aut
996 3819 1104 3894 species
1122 3819 1302 3889 vitiositatis,
1321 3828 1350 3877 et

192 3888 328 3946 subrini
346 3894 454 3968 genere
481 3885 644 3957 contineri.
703 3903 749 3942 am
772 3887 881 3956 species
902 3885 1008 3959 liabere
1030 3887 1116 3946 'debet
1141 3892 1284 3962 quidquid
1301 3911 1349 3978 ge-

192 3961 259 4015 nori
277 3959 428 4015 convenit:
455 3968 485 4025 at
508 3956 650 4021 inu-'iliis'
666 3965 708 4008 est
726 3956 846 4031 aliquid,
865 3958 943 4027 quod
960 3975 1019 4017 non
1038 3969 1080 4015 est
1107 3962 1137 4017 i'n
1155 3963 1348 4034 parturbatm.
1412 4018 1414 4022 Α

192 4032 295 4095 nibus..
324 4029 354 4085 si
375 4026 592 4102 quidemJJIi'cet
603 4035 742 4096 utraque,
756 4037 796 4098 ⁴,et
814 4028 887 4089 {vitia
910 4036 939 4081 et
957 4023 1197 4100 perturbitiones,
1225 4035 1284 4090 sint
1307 4030 1350 4089 asss

192 4102 333 4160 sectiones
352 4101 441 4154 animi
459 4116 573 4170 pravae,
598 4098 694 4153 tainen
719 4100 792 4156 vitii
810 4102 875 4156 su'nt
894 4099 1060 4166 affectiones
1088 4094 1259 4171 annuentes,
1281 4123 1348 4177 per.

192 4172 369 4226 turbationes
386 4175 457 4224 ve'ro
477 4187 535 4223 non
554 4178 620 4222 sunt
638 4168 804 4225 affectiones
822 4171 960 4224 eiusmodi
977 4182 1133 4241 manentes,
1152 4175 1201 4230 sed
1215 4183 1348 4232 monentes

191 4252 221 4301 ct
240 4242 432 4314 temporales:
448 4243 583 4313 quocirca
601 4256 660 4293 non
678 4250 745 4298 sunt
763 4243 839 4299 intra
859 4241 977 4297 eandem
995 4245 1129 4319 speciem.
1268 4248 1271 4253 '

260 4348 305 4415 Id,
332 4348 363 4399 ni
382 4348 482 4413 fallor,
502 4347 601 4400 voluit
619 4347 730 4401 Cicero.
767 4347 853 4401 Nihil
870 4349 988 4414 mirum,
1013 4352 1042 4404 si
1066 4352 1138 4407 besa
1162 4353 1285 4425 spineta,
1315 4354 1347 4406 in

190 4418 292 4488 quibus
311 4417 450 4474 sesnin
469 4417 658 4485 oblectabant,
676 4419 735 4473 lavi
754 4420 827 4493 pade
843 4420 1016 4476 transiliitn
