2856 5084
214 297 256 363 ao
417 247 647 358 ucnnoms
669 289 917 356 ruscunnn.
940 288 1174 354 mseurm.

213 479 353 538 mecum,
377 469 410 523 et
430 458 631 537 testificaris,
659 456 740 540 quid
768 456 913 520 dixerim
939 453 1114 539 aliquando
1141 462 1200 516 aut
1227 455 1374 536 scripse·

213 545 292 605 rim.
336 541 420 604 Cum
441 542 517 604 aliis
538 539 737 618 istomodo,
759 542 816 622 qni
837 540 967 627 legibus
988 539 1154 620 impositis
1184 536 1373 619 disputant:

125 629 272 690 r·2³⁵·nos
292 627 328 686 iu
349 624 439 686 diem
459 625 624 689 vivimus:
654 622 872 706 quodcunque
900 630 1033 687 nostros
1056 622 1183 682 animos
1214 619 1374 705 probabi-

152 701 175 734 ⁸·
211 709 307 770 litate
319 708 494 791 percussit,
515 705 551 768 id
559 705 717 769 dicimus:
738 707 850 788 itaque
869 706 933 768 soli
954 724 1066 766 snmus
1084 704 1192 765 liberi.
1237 703 1375 765 Verum

209 799 333 868 tamen,
356 792 513 872 quoniam
536 789 575 850 de
598 790 785 850 constantia
806 789 1017 871 paullo'ante
1039 787 1195 864 diximus,
1218 806 1285 846 non
1308 804 1372 873 ego

208 874 270 935 hoc
298 874 372 934 loco
403 871 439 934 id
468 870 693 953 quaerendum
721 879 816 952 puto,
845 889 1008 933 verumne
1035 872 1091 946 sit,
1120 867 1207 952 qnod
1237 867 1373 931 Zenoni

232 957 387 1030 lacuerit,
410 953 562 1036 qnodque
583 957 655 1016 eius
678 953 840 1031 auditori,
860 952 1025 1025 Aristoni,
1057 954 1182 1014 bonum
1216 970 1286 1014 csse
1317 970 1394 1013 εο-Ι

208 975 292 1114 lum,
315 1036 403 1120 quod
423 1038 602 1099 honestum
623 1044 727 1099 esset:
754 1035 823 1114 sed,
846 1037 875 1095 si
895 1038 944 1096 ita
970 1044 1069 1114 esset,
1098 1042 1171 1096 tum
1201 1042 1240 1096 ut
1261 1043 1373 1097 totum

210 1243 276 1279 curn
299 1236 399 1295 poena.
426 1208 598 1276 Videerr.
623 1223 671 1275 1v.
692 1225 736 1287 66,
766 1225 825 1277 149.
853 1221 877 1286 1,
905 1226 948 1285 57,
975 1224 1034 1276 149.
1072 1220 1149 1272 Hinc
1180 1219 1372 1288 reprehensio

115 1347 122 1353 .
209 1296 341 1367 perversi
358 1295 474 1364 patroni
491 1295 514 1347 1.
534 1294 568 1347 de
588 1295 635 1348 Or.
656 1296 700 1357 39,
724 1296 787 1348 174:
813 1309 874 1344 cam
893 1292 1025 1360 obsignes
1049 1291 1168 1344 tabellas
1186 1291 1301 1344 clientis
1319 1291 1374 1358 iai,

211 1367 308 1437 quibas
332 1365 363 1418 in
388 1365 502 1418 tabellis
523 1365 557 1418 id
584 1365 623 1418 sit
642 1363 789 1431 scriptam,
816 1379 869 1434 quo
888 1363 938 1416 ille
956 1365 1100 1431 copiatum
1132 1360 1185 1413 uhi
1200 1379 1257 1414 non
1274 1361 1383 1415 minus·

210 1453 345 1508 perverse
368 1435 528 1488 novissumi
554 1435 743 1505 interpretes:
774 1452 841 1486 cum
862 1435 950 1486 iidem
972 1434 1059 1486 facias
1085 1433 1225 1486 eiusmodi
1250 1450 1377 1508 syngra-

210 1509 288 1579 phis,
315 1506 418 1577 quibus
436 1506 582 1576 decipitur
600 1514 629 1558 et
647 1505 748 1558 darnna
766 1506 838 1557 iacit
855 1506 945 1558 cliens
964 1503 1061 1557 tuus.“
1096 1503 1156 1556 Mr.

285 1578 354 1631 Cam
372 1577 442 1631 aliis
459 1579 514 1632 isto
532 1578 623 1642 niodo,
653 1575 701 1643 qai
720 1575 828 1643 tegibus
848 1575 990 1645 impositis
1008 1574 1186 1643 disputants]
1211 1574 1254 1642 „i.
1274 1592 1299 1629 e.
1320 1576 1372 1646 qui

211 1658 308 1704 certae
333 1657 363 1701 ct
386 1649 472 1700 unius
497 1656 588 1702 sectae
613 1649 763 1699 sententiis
787 1647 925 1700 adstricti
949 1648 1018 1712 sint,
1051 1665 1067 1698 a
1094 1645 1196 1714 quibus
1218 1663 1276 1698 non
1301 1647 1374 1701 licet

211 1717 391 1773 discedere.“
408 1719 477 1771 Era.
514 1718 576 1772 Duo
595 1719 664 1771 On.
684 1717 791 1771 habent
809 1717 863 1772 alii
880 1735 932 1788 pro
952 1717 1029 1771 aliis.
1065 1715 1109 1768 Ad
1126 1735 1153 1768 v.
1180 1733 1230 1770 aas
1248 1717 1278 1771 in
1297 1717 1373 1772 diem

211 1792 331 1844 vivimus
349 1788 544 1856 Camerarius:
575 1789 620 1854 „i..
637 1806 662 1841 e.
682 1797 813 1841 tenemus
836 1795 896 1842 tam
914 1789 965 1841 diu
983 1797 1068 1857 atque
1086 1787 1276 1853 defendimus,
1304 1789 1373 1843 dum

212 1852 315 1915 afferat
341 1861 400 1913 dies
425 1860 503 1911 aliud
525 1857 735 1930 probabilius.“
758 1860 845 1913 Leod.
865 1878 881 1912 a
899 1859 950 1924 Qu.
977 1859 1073 1910 laudat
1097 1874 1226 1913 versumt
1257 1859 1373 1914 Nullius

212 1931 327 1987 addicti
349 1932 447 1985 iurare
471 1930 504 1984 in
531 1931 615 1983 uerba
640 1929 780 1997 magistri
807 1929 890 1995 [Hor.
910 1931 965 2000 Ep.
991 1931 1013 1983 1.
1038 1934 1062 1984 1.
1085 1929 1139 1995 lt]
1176 1930 1322 1999 Loquitur
1337 1940 1372 1984 ut

212 2003 410 2067 Academicus,
438 2003 514 2053 nulli
539 2002 592 2053 uni
611 2000 781 2072 disciplinae
798 2001 848 2054 vel
863 1999 1029 2053 sententiae
1047 1999 1189 2055 addictust
1221 2003 1374 2072 sequimur

213 2076 253 2141 id,
273 2074 349 2145 quod
366 2074 398 2124 in
414 2072 571 2144 proverbio
586 2072 649 2124 'dici
666 2071 754 2125 solet:
787 2072 845 2124 dies
872 2072 949 2125 diem
968 2071 1065 2123 docet:
1100 2088 1133 2123 ea
1156 2073 1372 2143 amplectimur,

214 2163 285 2215 quae
305 2145 337 2196 in
355 2144 432 2196 diem
448 2143 581 2196 veritatis
606 2142 795 2195 similitudine
821 2142 902 2194 nobis
927 2159 957 2195 se
980 2142 1188 2194 commendant.
1226 2145 1281 2198 Pro
1300 2144 1372 2198 aivi-

211 2232 273 2268 mas
291 2234 364 2266 unus
391 2217 440 2269 Ox.
462 2215 591 2281 exhibete
623 2212 785 2267 invenimus
822 2211 905 2264 Alius
948 2213 1040 2288 erg-it:
1073 2214 1371 2282 qaodcunqaemoda

213 2294 331 2340 nastros.
353 2284 441 2341 Goth.
461 2286 492 2337 in
504 2302 594 2358 marg.
615 2285 696 2347 alios,
715 2284 811 2336 nescio
830 2299 910 2352 quos,
928 2232 1034 2337 llabere
1048 2284 1120 2336 dicit
1139 2285 1274 2355 qnodque,
1294 2285 1372 2355 quod

213 2358 375 2410 describens
393 2356 477 2409 Verb.
499 2356 570 2408 dicit
589 2371 646 2407 esse
671 2355 702 2405 in
720 2353 779 2407 MS.
802 2355 898 2406 nescio
925 2371 990 2422 quo.
1028 2356 1156 2429 Pergunt
1175 2356 1261 2409 Codd.
1280 2355 1369 2410 seha.

213 2437 242 2481 et
260 2428 357 2484 Duisb.
377 2426 486 2480 animos
505 2432 626 2479 nostros.
665 2427 730 2477 bbox
748 2443 821 2476 unus
841 2426 891 2478 Ox.
908 2425 1087 2492 percusserit,
1106 2426 1202 2478 minus
1220 2427 1302 2482 bene.
1325 2428 1369 2480 Gf.

213 2499 248 2552 ad
264 2499 294 2551 lr.
314 2517 343 2552 v.
364 2496 498 2551 Gedlach.
518 2497 553 2549 ad
570 2496 638 2548 Sall.
660 2496 720 2550 Cat.
740 2497 788 2548 Vl.
809 2499 837 2550 3.
860 2513 888 2564 p·
909 2498 952 2551 48.
989 2497 1089 2568 Pergit
1112 2497 1185 2550 Gud.
1205 2499 1232 2553 ᾖ.
1258 2497 1371 2552 addici·

212 2585 274 2623 mas
290 2587 345 2641 pro
363 2571 396 2623 id
412 2568 542 2633 dicimus,
562 2567 640 2619 idem
658 2583 725 2619 mox
743 2565 949 2636 adquirendam
966 2583 1020 2638 pro
1039 2568 1073 2622 id
1090 2569 1280 2636 quassatum
1301 2569 1369 2623 cod.

211 2641 301 2694 liehd.
328 2640 440 2695 omittit
457 2638 522 2693 soli.
561 2639 623 2690 Mc.
1033 2644 1037 2649 ·

287 2713 482 2777 Veruntamen,
515 2707 646 2778 quoniam
673 2708 707 2760 de
731 2708 884 2762 constantia
908 2709 1005 2778 paullo
1033 2715 1097 2761 ante
1124 2709 1273 2776 diximum]
1310 2711 1371 2775 „ld

213 2785 318 2853 ipsum,
339 2783 417 2852 quod
433 2781 467 2834 de
486 2779 647 2833 constantia
665 2779 749 2845 dixit,
769 2798 835 2833 eum
846 2780 963 2833 debebat
981 2780 1143 2846 admonere,
1161 2789 1195 2834 ut
1204 2789 1372 2836 constanter

213 2855 289 2907 illud
305 2860 429 2916 teneret,
457 2852 600 2904 virtutem
625 2851 716 2902 solam
733 2867 791 2903 esse
815 2849 932 2904 bonum.
970 2850 1025 2904 Sed
1043 2852 1108 2903 vult
1126 2852 1158 2903 in
1185 2852 1371 2922 sequentibus

212 2927 347 2978 recedere
366 2941 382 2976 a
401 2922 574 2976 constantia:
602 2938 691 2990 quare
716 2922 838 2975 coniicio
858 2923 999 2991 scriptum
1023 2923 1111 2974 fuisse
1130 2938 1298 2993 quamquam
1315 2941 1370 2994 pro

213 2994 376 3065 quoniam.“
394 2991 484 3047 Boub.
521 2992 606 3044 Vides
629 2992 727 3044 locam
745 3009 803 3045 non
822 3003 901 3046 recte
916 3010 980 3046 ‚esse
1005 2993 1191 3046 intellectum
1209 3012 1225 3046 a
1245 2994 1370 3050 Bouhie-

213 3068 267 3120 rio.
304 3066 397 3136 Verba
416 3063 548 3133 qnoniam
567 3094 599 3104 -
619 3062 744 3115 diximus
764 3065 846 3132 quasi
868 3063 1044 3133 παρενθέτως
1068 3066 1161 3134 posita
1185 3073 1261 3132 sunt,
1290 3064 1392 3136 quasi'

213 3138 304 3191 dicati
332 3133 563 3204 quandoquidem
589 3134 673 3186 modo
701 3136 877 3188 constantiae
895 3135 1072 3197 mentionem
1090 3137 1159 3201 feci,
1184 3153 1221 3190 ne
1240 3137 1305 3206 quis
1320 3154 1370 3191 me

212 3208 248 3260 iis
266 3205 448 3280 philosophis
471 3211 652 3270 annumeret,
680 3204 731 3273 qui
758 3206 810 3256 uni
833 3208 992 3258 sententiae
1016 3214 1180 3258 constanter
1202 3206 1369 3261 adhaerenti

212 3297 265 3363 ego
284 3278 364 3331 euim
381 3276 518 3328 libertate
537 3275 650 3328 scholae
674 3284 743 3327 utor
761 3277 947 3342 academicae,
975 3295 1058 3346 quae,
1080 3285 1115 3328 ut
1133 3278 1212 3330 aliud
1231 3278 1302 3347 quid
1318 3297 1371 3335 ve-

211 3368 272 3403 rius
290 3351 387 3402 visum
405 3354 456 3411 est,
476 3347 517 3398 ita
534 3346 605 3398 huic
622 3347 719 3416 potius
738 3364 766 3399 se
785 3348 919 3418 applicat.
952 3349 1052 3401 Nostri
1070 3347 1202 3401 homines
1221 3349 1369 3404 dicerents

210 3421 272 3488 „ad
288 3416 395 3474 oocsms
414 3416 601 3470 constantia.“
637 3418 772 3472 Ceterum
789 3435 843 3488 pro
868 3419 996 3489 quoniam
1015 3419 1081 3472 Cod.
1106 3420 1192 3472 blarb.
1212 3419 1299 3474 habet

212 3498 350 3561 corrupto
379 3487 557 3558 compendio.
585 3519 618 3530 -
661 3489 807 3543 Omittunt
833 3507 885 3558 ego
913 3491 980 3546 Cod.
1010 3494 1086 3543 Mon.
1110 3493 1137 3545 2.
1166 3499 1196 3544 et
1219 3509 1294 3544 unus
1339 3513 1368 3545 x.

211 3562 295 3633 prior
316 3560 406 3612 etiam
428 3575 529 3611 vocem
552 3559 584 3612 id
611 3576 678 3612 cum
704 3559 796 3611 tribus
821 3563 891 3615 Oxx.
928 3561 1012 3614 Alius
1039 3563 1089 3616 Ox.
1115 3579 1173 3614 non
1198 3561 1285 3616 habet
1308 3561 1369 3629 boc,

210 3632 283 3684 alius
303 3629 420 3683 exhibet
437 3631 537 3683 bonam
554 3637 656 3684 esset.
677 3630 751 3684 Gud.
771 3634 797 3686 2.
817 3631 996 3686 Aristoteni
1013 3649 1067 3704 pro
1085 3633 1227 3687 Aristoni.
1247 3637 1323 3688 Mon.
1342 3638 1368 3692 2.

211 3702 350 3772 quodque
376 3698 524 3754 honestam.
561 3702 622 3755 Mr.
1371 3732 1373 3736 ·

281 3791 321 3844 Ni
339 3788 381 3843 ita
399 3797 477 3853 esset,
496 3799 598 3844 utrum
615 3797 704 3844 totam
722 3788 773 3843 boc
793 3818 827 3828 -
845 3791 1015 3860 poneretur]
1052 3793 1157 3878 Vulgo,
1181 3795 1210 3847 si
1225 3785 1270 3848 ita
1288 3802 1368 3862 esset,

210 3869 269 3915 tum
294 3868 327 3914 at
351 3867 437 3915 totam
460 3861 511 3917 boc
530 3895 561 3905 -
579 3869 708 3932 poneret:
735 3878 789 3914 nec
811 3861 916 3915 abeunt
946 3863 1063 3916 Codices
1090 3865 1147 3917 msi
1173 3864 1250 3934 quod
1274 3867 1367 3918 Vatic.

209 3949 272 3986 cam
301 3932 420 3987 nesciat.
464 3934 636 3988 Emendatio
664 3941 762 3984 umen
793 3933 836 3986 cl.
860 3934 986 3988 Bentleii
1020 3935 1094 3988 mihi
1119 3935 1237 3988 videtur
1265 3938 1369 3992 certis·

210 4005 289 4058 sima.
326 4005 364 4058 D.
997 4050 999 4054 .

280 4078 329 4130 sed
347 4075 375 4129 si
392 4075 435 4130 ita
454 4077 552 4144 esset]
583 4073 770 4140 „Certissima
794 4093 854 4130 esse
877 4077 995 4129 videtur
1012 4077 1138 4131 Bentleii
1163 4079 1307 4131 correctio
1327 4077 1366 4132 ni.

209 4147 245 4200 ln
256 4165 335 4218 seqq.
354 4148 488 4201 faciliore
506 4147 616 4200 medela
636 4147 815 4199 correxerim
832 4163 952 4201 namne
971 4147 1021 4201 boc
1040 4154 1141 4201 totam.-
1160 4148 1252 4200 nolim
1270 4157 1369 4203 autem

209 4218 334 4272 scribere
349 4227 479 4287 ponebar,
500 4218 576 4286 quod
593 4217 679 4269 nimis
697 4218 831 4270 universe
850 4219 961 4271 dictum
977 4219 1106 4272 videtur:
1135 4218 1266 4290 suspicor
1280 4235 1369 4290 pons·

151 4358 153 4361 Ι
209 4304 265 4357 res,
285 4293 440 4362 respicitur
459 4291 537 4343 enim
555 4289 701 4343 Ciceronis
721 4289 861 4342 amicus.“
889 4288 978 4343 Boni.

235 4415 239 4423 ,
280 4367 337 4415 tam
355 4370 387 4414 at
409 4359 460 4414 boc
487 4361 589 4427 totuin]
626 4363 688 4412 blar
710 4401 715 4413 .
736 4360 849 4414 Lambb.
872 4361 958 4414 Goth.
979 4361 1069 4424 „fort
1094 4366 1152 4414 tam
1175 4367 1294 4415 atram
1318 4359 1368 4416 Ma

145 4496 146 4501 Ἰ
208 4435 327 4488 totam.“
345 4433 418 4488 hall.
441 4449 507 4484 cum
524 4431 578 4484 hac
597 4378 807 4498 ernendatione,
828 4449 913 4501 quam
931 4430 1064 4483 Lambini
1084 4448 1144 4485 esse
1163 4432 1215 4500 ait,
1233 4441 1263 4487 et
1280 4433 1369 4488 Bent-
