2856 5084
1274 190 1287 219 Ι

394 292 620 360 EXGURSUS
633 291 734 357 'xssa
757 292 800 357 ad
820 290 881 362 Ν.
907 296 963 363 la·
979 296 1031 362 29.
1225 297 1287 364 387

132 468 161 513 et
179 460 203 511 si
222 459 343 534 siugulis
360 459 447 513 rebus
465 463 536 529 opus
562 467 604 512 est
621 460 665 512 sin
706 461 744 514 lis
770 459 1027 528 consolationibus3
1040 462 1088 515 *de
1111 461 1215 532 quibus
1236 478 1285 516 au·
1319 454 1322 459 ¹

132 531 194 584 diss
210 539 245 583 tu
259 531 385 600 quidem,
406 549 495 601 quum
514 531 626 585 voles.“
684 532 830 585 irrideor
847 532 922 584 mihi
939 532 1147 588 demonstrasse
1160 534 1200 587 eis
1217 551 1284 588 ver-

131 601 183 667 bis,
207 619 279 671 quae
303 611 370 655 sunt
393 603 424 653 in
448 603 543 668 libris,
570 603 708 674 optimam
732 612 761 656 et
779 603 849 655 huic
873 603 937 657 loco
962 605 1283 659 accommodatissimam

131 673 276 726 contineri
294 674 476 739 sententiam,
496 691 586 743 quum
604 675 629 727 si
649 673 792 728 Orellium
810 692 974 745 sequamur,
999 684 1028 729 et
1046 676 1188 729 sententia
1205 679 1283 729 clau-

131 744 227 797 dicare
243 744 386 798 'videatur
409 762 442 798 ao
460 746 608 809 vacillare,
633 753 663 798 et
685 746 776 799 oratio
794 745 833 798 sit
860 748 977 799 confusa
1003 755 1089 818 atque
1116 747 1234 801 obscura
1252 757 1281 800 et

130 814 273 869 librorum
291 816 446 869 auctoritas
464 817 639 892 negligatur.

621 969 788 978 Μ..

440 1118 793 1205 ΕΧΌΗΒΒΗΞ
843 1133 977 1206 ΧΙΙΙ.

594 1262 823 1329 mmmm

216 1370 322 1448 „Noa
353 1370 432 1431 enim
458 1388 546 1430 omne
580 1370 692 1432 uitium
718 1377 830 1449 parter
861 1369 957 1434 babet
987 1351 1226 1435 dissentientes:
1249 1402 1286 1415 -

257 1453 315 1514 sed
334 1471 398 1512 non
420 1452 561 1514 distorta
582 1471 640 1513 aec
658 1449 799 1534 praua.“
1155 1461 1158 1471 ’

211 1587 365 1640 Audiamus
389 1586 519 1655 primum
538 1587 773 1653 Beroaldum,
802 1586 854 1657 qui
877 1587 911 1640 ad
939 1605 987 1641 vr.
1016 1585 1165 1644 Vitioeitae
1189 1618 1222 1632 ·-
1248 1594 1289 1642 eti

134 1658 244 1712 babitus
263 1666 312 1712 aut
331 1656 441 1724 affectio
459 1657 542 1710 haec:
575 1657 718 1724 „affectio
738 1667 780 1710 est
797 1659 928 1711 accidens
953 1660 1086 1727 qualitas,
1112 1659 1161 1711 vel
1187 1666 1290 1728 sponte

132 1731 182 1783 vel
200 1730 294 1782 studio
313 1745 382 1781 mox
398 1728 547 1782 destituta:
567 1747 634 1781 nam
652 1730 677 1780 si
695 1737 874 1799 permaneat,
899 1731 934 1782 fit
951 1729 1076 1783 habitus.
1113 1728 1198 1782 Dicta
1221 1727 1291 1782 affe-

133 1802 203 1866 ctio,
232 1801 308 1871 quod
335 1799 443 1851 afficiat
468 1801 620 1869 qualitates
647 1809 677 1852 et
700 1800 758 1852 erit
782 1800 897 1853 affectio
924 1801 1068 1872 incipiens
1093 1799 1216 1854 habitus.
1254 1800 1290 1852 ln

133 1871 299 1925 affectiones
322 1871 497 1922 inclinamur
521 1871 615 1923 stadie
639 1871 770 1938 quodam,
799 1870 830 1923 id
854 1880 897 1923 est
920 1873 1077 1926 voluntate·
1093 1871 1239 1943 applicata
1257 1870 1289 1924 in

133 1943 244 2013 aliquas
263 1940 425 2011 qualitates,
445 1959 513 2010 quas
532 1941 687 2014 diligentia
705 1950 852 2010 comparat
875 1943 1003 2012 facitque
1021 1945 1165 2012 perfectas
1190 1949 1221 1994 et
1237 1941 1290 1993 ha·

114 2014 211 2067 bitus
229 2013 403 2067 nominatur.
440 2013 481 2065 Ut
506 2029 552 2064 res
575 2013 626 2064 fiat
644 2012 780 2082 apertior,
804 2012 975 2066 iracundum
1002 2031 1071 2079 esse,
1098 2012 1213 2065 habitus
1232 2020 1288 2065 est:

134 2085 252 2149 iratum,
272 2082 443 2136 affectionis.
465 2084 615 2136 Oratorem
633 2099 694 2135 esse
710 2081 825 2135 babitus
845 2089 895 2148 est,
915 2091 945 2138 et
963 2092 1042 2136 actus
1064 2084 1089 2136 si
1107 2083 1139 2136 in
1156 2101 1190 2136 ea
1208 2100 1291 2136 exer-

135 2156 272 2208 citatione
292 2155 343 2216 sit,·
367 2162 401 2206 ut
419 2154 530 2220 Cicero,
556 2153 609 2222 qui
633 2154 743 2206 assiduo
771 2153 874 2218 studio,
905 2154 1103 2223 perseveranti
1127 2153 1291 2228 diligentia,

135 2227 176 2279 ita
193 2226 362 2280 rhetoricen
380 2225 521 2294 percepit,
541 2233 573 2276 ut
593 2211 627 2276 in*
644 2241 676 2276 eo
694 2233 835 2295 perpetua
853 2232 935 2290 esset,
960 2225 1092 2279 habitum
1121 2233 1291 2278 consecutus
1373 2248 1378 2261 a

134 2305 190 2350 estt
212 2306 241 2350 et
261 2298 328 2366 quia
346 2296 406 2348 eius
425 2303 520 2347 actum
538 2295 593 2347 sibi
612 2295 741 2347 instituit
759 2294 795 2346 ad
811 2312 893 2346 asum
910 2297 997 2362 vitae,
1016 2296 1074 2348 fuit
1091 2304 1122 2350 et
1140 2296 1172 2349 in
1190 2294 1294 2348 habitu

135 2377 165 2422 et
184 2369 215 2420 in
233 2377 306 2420 actu.
344 2365 528 2429 Affectiones,
556 2374 590 2418 ut
607 2367 706 2434 inquit
723 2365 945 2418 Aristoteles'in
962 2367 1088 2420 secundo
1106 2366 1292 2432 Ethicorum,

135 2456 228 2508 neque
247 2440 371 2491 virtutes
395 2445 462 2488 sunt
480 2454 575 2507 neque
600 2437 685 2489 vitia:
720 2436 854 2504 ideoque‘
870 2439 1027 2490 secundum
1045 2437 1211 2491 affectiones
1234 2454 1293 2491 non

134 2511 294 2574 laudamur,
324 2525 378 2562 nec
403 2509 614 2577 vituperamur.
652 2508 762 2560 Graece
786 2507 900 2560 habitus
925 2508 1035 2561 dicitur
1060 2508 1121 2570 ἕξις.
1151 2507 1232 2574 [Eth.
1258 2508 1294 2561 ad

136 2582 250 2635 Nicom.
278 2581 315 2634 11.
342 2577 382 2646 4.]
416 2579 493 2633 Hinc
518 2579 595 2631 illud
618 2577 782 2630 Plinianum
809 2564 1030 2649 ex'llpistolisr·
1048 2580 1089 2645 At
1113 2584 1218 2633 tantam
1236 2579 1294 2640 ἕξιν

138 2652 231 2706 studio
255 2659 282 2704 et
306 2649 508 2704 exercitatione
528 2649 653 2718 peruenit
680 2648 763 2721 [Epp.
777 2649 825 2715 .11‚'
842 2652 870 2716 3,
890 2649 954 2716 4.]“
980 2650 1024 2704 Ad
1041 2669 1070 2703 v.
1090 2652 1120 2704 in
1138 2652 1230 2704 altera
1248 2650 1295 2706 in·

137 2724 297 2778 constantia
325 2730 350 2775 et
368 2722 560 2791 repugnantia
587 2720 676 2774 idem:
704 2720 751 2772 Ex
773 2720 828 2774 hac
848 2720 1039 2788 inconstantia
1063 2721 1231 2775 vitiositatis
1251 2728 1294 2775 est

137 2796 212 2847 illud
230 2794 356 2847 Horatiit
384 2792 471 2864 [Epp.
493 2796 515 2847 1.
538 2789 712 2861 1.e⁷sqq.]
737 2819 772 2830 -
790 2823 824 2834 -
844 2791 912 2860 qaia
936 2808 998 2846 naeu
1021 2809 1081 2846 cum
1101 2797 1211 2861 pugnat
1232 2809 1294 2847 sea·

140 2864 231 2920 tentia
249 2863 361 2918 secum?
1013 2889 1026 2908 a

305 2935 384 2991 Quod
400 2932 490 3001 petiit,
510 2931 632 3000 spernit:
652 2935 768 3001 repetit,
787 2933 858 3002 quod
873 2950 961 3004 areper
980 2931 1091 2992 amisit:

305 3007 434 3068 Aestuat,
461 3011 487 3057 et
506 3004 583 3056 vitae
601 3002 768 3058 disconvenit
787 3003 889 3058 ordine
908 3004 1001 3057 toto.“

139 3076 382 3133 Camerarius.
412 3076 533 3142 „Hunc‚
553 3073 603 3140 ait,
630 3075 728 3141 locum
745 3091 791 3128 me
809 3091 868 3127 non
886 3075 1055 3150 intelligere
1073 3076 1175 3130 fateor.
1196 3075 1294 3148 itaque

139 3150 274 3218 relinquo
302 3148 407 3215 cuique
427 3146 462 3199 de
481 3145 534 3198 illo
559 3145 699 3198 iudicium
715 3164 823 3198 suum..
844 3150 910 3197 nam
936 3145 1043 3211 dicere,
1070 3155 1241 3218 corruptum
1265 3154 1295 3200 et

139 3221 278 3273 mutilum
296 3218 401 3282 videri,
426 3232 531 3269 vereor
553 3232 589 3269 ne
608 3216 782 3287 reprehendi
809 3217 896 3269 facila
917 3218 1018 3286 possit,
1047 3222 1113 3269 cum
1137 3217 1194 3281 hoc
1211 3235 1295 3275 usur-

139 3308 208 3377 pare
226 3291 313 3343 liceat
341 3289 372 3341 in
390 3288 530 3350 omnibus,
557 3305 629 3358 quae
647 3288 744 3359 minus
762 3286 842 3340 nobis
861 3287 1017 3357 perspicua·
1040 3287 1106 3340 sint.
1143 3287 1244 3360 Itaque
1261 3295 1297 3341 ut

140 3361 172 3417 m
189 3362 336 3435 tragoedia
355 3360 386 3411 in
405 3359 470 3413 deos
489 3357 579 3410 relata
596 3354 679 3411 causa
696 3360 844 3411 refutatur
860 3358 1009 3411 facilitatis
1028 3360 1163 3437 nomine,¹
1175 3377 1242 3413 cum
1253 3359 1295 3412 sic
1367 3385 1368 3388 ¹

141 3434 264 3487 dicitur:
296 3427 326 3484 τὸ
346 3433 449 3501 ῥᾷστον
467 3426 546 3488 elnac
568 3420 755 3483 αἰτιάσασθαί
766 3425 866 3489 danie:
893 3429 933 3481 ita
953 3436 987 3482 et
999 3429 1074 3481 hanc
1098 3430 1228 3483 fortassis
1245 3446 1296 3482 ve-

141 3511 213 3567 ram,
235 3503 290 3555 sed
308 3503 394 3554 nimis
419 3501 520 3553 tritam
543 3499 752 3574 vulgaremque
778 3499 979 3570 explicationis
1003 3500 1195 3554 intermissae>
1208 3501 1296 3554 ratio-

142 3592 211 3628 nem
235 3574 354 3627 reddere
379 3589 436 3624 non
459 3570 579 3640 placuit.
608 3587 667 3623 non
691 3571 769 3624 enim
794 3570 886 3645 magis
905 3587 1010 3645 graeca
1033 3571 1232 3645 suppetebant,
1260 3572 1296 3626 de

143 3645 246 3716 quibus
265 3644 374 3698 certius
398 3642 509 3711 aliquid
536 3641 714 3695 constituere
732 3657 885 3711 possemus.
923 3642 958 3693 ln
980 3639 1026 3693 his
1045 3641 1139 3716 igitur
1164 3651 1198 3695 ut
1216 3642 1298 3697 dubi-⁴

142 3718 283 3770 tationem
301 3714 351 3766 vel
369 3714 455 3766 etiam
474 3712 668 3787 ignorantiam
687 3711 822 3765 confiteri
840 3728 933 3764 meam
952 3711 1095 3782 optimum
1112 3715 1230 3784 putavi:⁴
1255 3714 1297 3767 sic

143 3787 236 3842 ausim
254 3785 412 3850 affirmare,
432 3800 504 3851 quae
524 3790 685 3852 sequuntur
709 3778 749 3835 ita
766 3782 828 3857 legi
852 3781 971 3837 deberet
999 3782 1069 3836 Sunt
1087 3787 1160 3838 enim
1183 3784 1298 3846 incor-

142 3874 213 3928 pore
229 3857 393 3927 praecipua,
410 3851 601 3923 pulchritudo,
619 3852 710 3919 aira,
737 3853 875 3918 valetudo,
891 3852 1025 3925 firmitas,
1051 3854 1190 3907 uelocitas.
1229 3853 1300 3909 Sunt

142 3931 259 3986 itania
277 3927 378 3982 animo.
418 3921 456 3978 Ut
475 3924 548 3978 enim
565 3926 693 3992 corporis
710 3923 883 3991 temperatio,
910 3938 971 3975 cum
989 3938 1024 3976 ea
1049 3930 1206 3992 congruunt
1222 3929 1299 3980 inter

144 4016 184 4066 re,
210 3999 343 4070 equibus
360 4002 527 4060 constamus,
557 3998 679 4067 sanitate
711 3998 755 4050 sic
772 3992 862 4048 animi
888 3992 1004 4058 dicitur,
1030 4010 1089 4046 cam
1108 3995 1167 4047 eius
1186 3994 1298 4050 iudicia

145 4067 336 4142 opinionesque
355 4067 554 4121 concordant.⁴‘
590 4064 742 4132 Davisii
761 4074 790 4118 et
808 4062 967 4129 Bentleii
984 4065 1136 4127 rationem
1150 4085 1178 4118 v.
1198 4067 1230 4118 in
1249 4072 1298 4131 e'o-¹

145 4161 212 4197 rum
236 4134 476 4196 annotationibus.
513 4135 707 4204 Bouhierii
731 4133 1037 4200 sententia,haec*‘estr
1065 4138 1172 4211 „Lego
1194 4135 1227 4190 in
1253 4137 1300 4191 al&

146 4221 238 4279 iera,
261 4223 412 4282 totumque
437 4208 517 4262 hunc
542 4209 640 4261 locum
664 4207 810 4263 obscurari
829 4204 954 4258 arbitror
972 4221 1030 4258 non
1054 4208 1199 4278 corruptis
1218 4208 1298 4262 voci-

145 4287 206 4351 bus,
226 4287 275 4339 sed
292 4282 412 4357 propria
430 4279 495 4334 sede
513 4271 610 4345 motis,
629 4290 698 4346 quas
718 4278 760 4331 sic
779 4277 896 4331 ordino:
916 4276 962 4328 Ita
980 4277 1020 4342 fit,
1039 4283 1070 4328 ut
1089 4277 1119 4330 ia
1132 4277 1222 4333 altero
1236 4295 1300 4331 cor·

148 4357 279 4426 ruptione
294 4356 461 4428 'opinionum
486 4352 598 4406 mortui
616 4349 758 4416 efficiatur
775 4356 802 4403 et
826 4347 997 4414 aegrotatio:
1018 4347 1057 4400 ‚in
1079 4351 1177 4416 attera,
1204 4352 1300 4404 incon·

147 4431 257 4485 atentia
275 4434 302 4483 et
320 4425 516 4497 repugnantia.
534 4422 592 4479 Sed
606 4420 833 4502 perturbationee
851 4417 1080 4472 eintneeiurdem
1094 4427 1201 4490 parter,
1220 4437 1302 4490 qaae.-

1010 4526 1077 4588 25*
