2856 5084
206 277 269 346 aaa
405 274 634 345 nannenus
655 276 903 346 macunen.
925 242 1158 346 n1srorar.

208 443 244 504 in
271 437 470 508 infinitatem
497 465 629 511 omnem
654 447 946 535 peregrinabatur,
972 456 1012 509 ut
1032 447 1123 509 nulla
1143 448 1180 508 in
1201 447 1365 509 extremi·

213 571 296 581 uua-a-

320 686 324 693 ,
373 631 482 688 Quod’
507 641 538 687 rt
563 641 647 689 arte
667 635 793 706 pedes,
816 651 912 689 acmo
936 638 1084 703 apertat:
1110 633 1184 687 caeti
1199 640 1364 689 aaataatar

1038 708 1066 758 la
1088 719 1131 757 aa.

208 769 470 897 Ubitrridmannot.
493 785 583 832 nostr.
608 795 638 848 p·
656 777 718 833 372
746 776 813 830 coll.
838 774 898 830 Cia.
924 776 960 832 de
982 721 1053 846 Reii.
1066 722 1105 842 gl,
1134 777 1175 831 18.
1202 793 1231 846 p.
1248 777 1296 833 83.
1317 777 1362 830 ed.

207 857 259 896 noa
290 884 298 899 .
343 857 395 898 .r.

279 914 352 983 qaod
368 917 536 986 antepedes
558 914 653 984 earet]
685 917 751 984 „Gt
773 917 918 987 Interprr.
943 915 979 969 ad
1002 915 1120 969 Lucian.
1144 916 1179 968 Τ.
1199 917 1222 973 1.
1247 937 1276 988 p.
1297 921 1362 976 2³8.

207 982 270 1054 Bip.
289 982 423 1055 Sophoal.
441 987 565 1045 Philoct.
584 992 652 1045 827:
670 983 746 1060 παρὰ
763 987 848 1042 πόδα.
868 987 933 1041 Oed.
952 987 1024 1056 Tyr.
1044 990 1108 1043 130:
1128 982 1160 1040 rai
1177 987 1248 1058 πρὸς
1265 991 1361 1042 ποσίν.

208 1053 308 1130 anag.
329 1059 413 1114 1089:
443 1058 495 1112 rba
515 1059 600 1114 raaia
623 1060 699 1113 κακά.
736 1058 885 1112 Heliodor.
904 1056 1038 1127 Aethiop.
1064 1059 1112 1115 Vl.
1133 1062 1158 1114 l.
1175 1077 1204 1129 p.
1225 1062 1286 1116 224.
1305 1061 1362 1114 Ed.

208 1125 311 1198 Goray.
332 1126 501 1200 interprett.
520 1130 556 1184 ad
573 1131 671 1206 Viger.
690 1132 726 1184 de
744 1130 828 1183 ldiot.
853 1147 882 1199 p.
902 1127 986 1186 6⁰1ss
1008 1125 1123 1182 Sabaeb.

279 1197 511 1265 ille-infinitatem
527 1218 632 1256 omnem
647 1198 903 1269 peregrinabataa]
922 1200 1105 1264 „insolenter
1123 1199 1243 1268 dictum,
1263 1201 1312 1255 cui
1329 1210 1364 1255 ut

207 1279 391 1323 succurreret
407 1266 570 1338 Lambinus,
589 1267 667 1324 nihil
685 1271 870 1334 intentatum,
898 1271 943 1322 nil
960 1269 1050 1339 liquit
1074 1269 1219 1336 inausum
1251 1272 1363 1354 quippe

207 1338 236 1390 le
259 1337 297 1392 ’tr
325 1339 377 1394 ille
394 1339 430 1395 r'a
452 1343 630 1408 intinitatem
666 1343 722 1396 Sed
740 1342 794 1395 illo
812 1341 918 1395 melius
935 1340 1018 1393 Febr.
1036 1340 1086 1394 ille
1100 1357 1167 1410 per
1183 1342 1361 1406 infinitatem.

208 1410 228 1462 P
259 1427 353 1464 ‚vero
372 1412 466 1481 quint.
485 1414 590 1468 illam
607 1410 781 1481 infinitatem,
810 1412 861 1482 qui
880 1419 909 1465 et
927 1427 994 1464 mox
1010 1411 1098 1484 legit:
1122 1411 1248 1466 utnulla
1266 1419 1363 1469 eatre-

207 1478 305 1535 mirere
322 1483 516 1537 aaasateretf‘
551 1483 634 1539 Getta.
1151 1488 1162 1496 '

278 1551 337 1606 aaa
354 1552 522 1622 intinitatem
543 1572 650 1612 omrem
664 1552 849 1625 peragrabat]
884 1553 979 1629 Vulgo
997 1549 1048 1607 tue
1066 1544 1236 1620 infinitatem
1254 1571 1363 1610 amnem

228 1624 462 1698 eregrinabaturi
488 1629 537 1682 sed
565 1627 807 1698 praepositionem
834 1625 930 1678 deesse
962 1623 1038 1677 vidit
1071 1623 1239 1678 Lambinus:
1273 1643 1362 1694 quare

207 1639 361 1819 iata
377 1696 991 1837 stammanatarrae
1005 1694 1363 1820 tartareae·

208 1851 271 1889 ram
294 1836 499 1905 quodammodo
525 1841 645 1894 firmant
669 1839 728 1892 Pal.
749 1839 842 1908 quint.
869 1831 899 1890 et
920 1836 989 1889 Bak.
1017 1836 1068 1904 qui
1092 1835 1173 1888 illam
1195 1835 1363 1902 infinitatem

207 1916 433 1978 repraesentant.
462 1911 573 1965 Eliens.
594 1920 691 1964 autem
704 1926 758 1964 sec.
770 1907 919 1980 praeclare
936 1907 993 1975 dat,
1012 1904 1062 1960 itte
1080 1904 1364 1970 infinitatemamaem

204 1978 391 2048 peragrabat.
426 1981 579 2035 Lueretius
596 1984 621 2048 1,
640 1983 684 2038 75.

373 2049 466 2121 Atqeoe
483 2070 561 2107 omae
577 2052 740 2106 annuarum
757 2049 924 2126 peragravit
942 2054 1030 2103 mente
1047 2047 1203 2119 animoque.

207 2114 317 2175 Seneca
332 2120 425 2192 Epist.
444 2123 596 2176 LXXVIII.
633 2123 738 2176 Rerum
765 2129 896 2176 naturam
921 2120 1090 2195 peragranti
1111 2136 1249 2189 nunquam
1268 2118 1299 2175 ia
1319 2124 1364 2189 fa·

207 2190 326 2246 tridium
348 2194 454 2247 veritae
477 2192 576 2248 oeas'at.
613 2192 685 2245 Vide
709 2195 747 2245 eis
771 2200 801 2246 et
822 2192 872 2243 lib.
893 2192 931 2245 11.
955 2191 1022 2243 Fir.
1046 2208 1107 2261 cap.
1126 2194 1170 2247 31.
1190 2208 1222 2244 ac
1240 2192 1364 2245 Lactan-

207 2262 457 2319 tiumDiv.1nst.
477 2264 529 2322 tib.
548 2265 595 2319 tv.
616 2279 676 2334 cap.
696 2264 736 2330 11,
754 2266 780 2320 3.
818 2263 893 2345 Opus
911 2269 1025 2315 tantum
1043 2269 1096 2328 est,
1114 2269 1148 2315 ut
1165 2261 1230 2328 illa,
1248 2263 1364 2318 scilieet

206 2333 282 2387 acies
300 2335 401 2401 animi,
419 2335 550 2410 legatum
569 2352 602 2388 aa
618 2335 661 2386 ita
677 2336 747 2409 Bag.
772 2341 802 2387 et
819 2331 967 2386 Prthoean.
1004 2330 1042 2386 D.
1179 2377 1184 2383 .

278 2405 329 2458 aaa
356 2407 522 2472 infinitatem
553 2422 661 2460 omnem
680 2400 934 2475 peregrinabatur]
978 2398 1066 2471 „Nan
1097 2403 1288 2458 necessarium
1322 2416 1366 2460 est

206 2473 411 2530 bentleianum
427 2476 513 2531 illa.“
532 2477 629 2545 Wopb.
648 2476 669 2527 l.
689 2495 714 2530 o.
753 2477 841 2542 „Non
864 2475 1026 2599 receperim
1049 2474 1159 2528 Davisii
1185 2476 1366 2531 emendatio-

208 2562 282 2617 nem.
322 2548 446 2618 Opponit
464 2549 565 2602 Cicero
583 2547 731 2601 hominem
750 2547 874 2611 doctum,
900 2563 928 2599 se
965 2563 1092 2612 menum,
1114 2540 1279 2598 hominibus
1296 2548 1366 2603 visu

228 2617 406 2685 audentibus,
424 2619 472 2672 sed
490 2618 641 2685 inertibus,
659 2614 782 2687 illosque
798 2615 845 2675 his
863 2618 999 2686 praefert.
1012 2617 1065 2670 Ed.
1080 2633 1143 2669 mea
1154 2624 1210 2668 vet.
1232 2617 1366 2687 itemque

207 2633 279 2742 iton.
297 2689 367 2764 neg.
388 2696 416 2743 et
433 2689 544 2760 aliquot
562 2689 626 2741 alii:
657 2680 721 2742 ilie
744 2689 780 2742 ia
804 2685 971 2755 infinitatem
988 2703 1092 2741 omnem
1108 2685 1365 2753 peregrinabatur.

208 2754 253 2813 Ita
271 2759 440 2834 legendum:
470 2761 529 2813 nisi
546 2759 629 2813 malis
652 2776 719 2812 curn
745 2775 802 2813 uno
826 2759 893 2813 eoa.
911 2758 1088 2824 Britannico,
1114 2757 1193 2826 quod
1208 2755 1367 2812 admodum

208 2831 274 2885 veri
292 2839 335 2885 est
353 2832 464 2885 simile:
484 2830 535 2886 itte
553 2824 722 2898 intinitatem
739 2847 843 2884 omnem
863 2828 1069 2900 peragrabat.“
1087 2824 1177 2886 Boab.

279 2919 362 2990 Ipee
385 2920 551 2988 infinitatem
576 2936 679 2974 omnen
702 2917 956 2990 peregrinabatur]
989 2917 1134 2990 „Reposui
1149 2917 1212 2984 ipre
1228 2929 1283 2980 pro
1301 2914 1364 2983 ille,

208 3008 242 3044 re
261 3000 291 3045 et
307 2993 465 3046 Latinitate
481 2992 660 3062 postulante:
680 2991 734 3046 alte·
743 3019 777 3030 —
790 2991 859 3060 t'pee.
897 2992 1037 3046 sexcenta
1054 2987 1186 3056 exempla
1203 2995 1270 3038 sunt
1288 2989 1367 3056 apud

209 3062 411 3120 Ciceronem.“
439 3065 508 3116 Era.
544 3065 632 3130 „Non
656 3079 769 3117 necesse
792 3063 919 3127 videtur,
946 3068 980 3113 ut
1005 3076 1046 3114 eu
1094 3067 1157 3109 tum
1183 3056 1233 3108 itte
1250 3056 1284 3108 in
1302 3058 1366 3124 ipae

207 3140 355 3256 perptppurt
386 3140 417 3185 at
434 3149 557 3201 neeesse,
581 3142 615 3187 ut
631 3133 662 3188 ἐκ
680 3134 800 3188 addatur
823 3152 860 3188 ex
876 3131 955 3186 MSS.
977 3131 1011 3201 pl
1049 3129 1120 3192 'us,
1142 3134 1259 3180 auctore
1277 3128 1367 3182 Bent-

200 3246 202 3250 .
242 3203 277 3256 ὀ.
334 3205 448 3259 Niraea.
901 3227 904 3231 ²

279 3273 332 3328 ille
355 3275 394 3330 ai
416 3273 585 3343 infinitatem
612 3293 719 3331 amnem
739 3263 1085 3346 peregrinantum]
1123 3269 1167 3320 Ita
1196 3267 1302 3338 scripsi
1329 3285 1365 3324 ex

210 3344 296 3398 codd.
322 3349 406 3401 Bern.
430 3346 518 3407 Marb.
548 3353 622 3403 Mon.
643 3355 668 3406 1.
696 3365 763 3401 aum
786 3345 858 3400 Edd.
886 3343 914 3396 S.
941 3341 977 3397 Ε.
1002 3341 1036 3392 1..
1062 3337 1185 3394 HWolt.
1215 3339 1363 3395 FAWolf.

210 3415 296 3470 Saba.
315 3419 362 3472 Or.
400 3422 501 3490 Neque
524 3422 650 3474 multum
670 3418 822 3473 discedunt
845 3414 868 3466 ii
883 3411 974 3467 codd.
1002 3409 1054 3478 qui
1070 3408 1176 3461 habent
1199 3409 1250 3462 ille
1268 3408 1364 3477 infini-

209 3492 309 3542 tatem:
337 3491 501 3563 absorptum
513 3493 597 3546 enim
615 3499 659 3546 est
676 3485 832 3558 trisyllabi
850 3483 948 3537 eadem
965 3480 1075 3533 initiali
1091 3480 1225 3533 vocabuli
1243 3498 1365 3550 sequen·

209 3558 257 3624 tis,
283 3561 384 3631 scripti
408 3565 527 3617 fortasse
551 3562 770 3625 INmamm,
796 3563 831 3608 ut
856 3561 898 3608 eat
920 3553 951 3604 in
975 3551 1061 3607 Oodd.
1088 3551 1163 3605 Gud.
1183 3554 1208 3606 Ἰ.
1239 3554 1316 3606 Mon.
1336 3556 1362 3609 2

208 3628 299 3684 Rebd.
317 3632 394 3685 Gud.
413 3635 497 3688 Vind.
518 3639 543 3691 2.
571 3634 643 3687 Eae.
670 3634 700 3687 Ρ.
719 3629 753 3682 A.
778 3624 860 3678 11.(1.
878 3624 913 3675 V.
938 3625 975 3676 Μ.
1003 3620 1067 3675 Asc.
1088 3628 1112 3677 l·
1131 3626 1157 3677 l.
1183 3623 1265 3675 Junt.
1288 3625 1362 3677 Ven.

209 3709 301 3753 nostr.
321 3703 453 3762 lieren-l·
473 3705 499 3760 2.
519 3705 588 3760 Rob.
608 3713 638 3758 et
654 3700 720 3756 car.
737 3695 838 3766 Steph-
857 3693 922 3747 Ald.
942 3692 1022 3764 syth.
1040 3692 1124 3746 Boul.
1142 3694 1225 3745 Brut.
1244 3695 1362 3748 Lambb.

211 3771 298 3830 Goth.
323 3775 410 3829 Laod.
436 3776 527 3834 (labb.
549 3774 623 3830 halt.
662 3773 727 3825 Una
749 3775 866 3820 tentum
887 3766 975 3818 litera
1002 3765 1035 3817 ab
1061 3764 1107 3816 his
1130 3762 1272 3816 differunt
1289 3765 1361 3840 Reg.

210 3843 288 3908 (nam
310 3863 413 3900 verum
434 3865 494 3902 non
516 3851 569 3912 est,
599 3843 677 3912 quod
699 3840 792 3894 refert
820 3835 926 3899 Βοιὼ.)
952 3835 1026 3890 Gud.
1046 3840 1070 3891 l.
1096 3836 1147 3905 qui
1170 3834 1276 3887 habent
1299 3836 1362 3889 itta.

210 3916 367 3971 Erneatnm
380 3919 483 3972 'secuti
505 3924 573 3970 aunt
592 3912 677 3982 Bipp.
700 3918 731 3963 et
753 3907 869 3962 Mannln.
907 3909 943 3962 ln
966 3907 1039 3963 uad.
1064 3907 1155 3960 Nobb.
1181 3914 1211 3957 et
1229 3906 1301 3961 Tbn.
1321 3914 1365 3960 est

210 3986 277 4040 me
302 3987 470 4057 infinitatem
492 3998 601 4042 ornnem
624 3981 862 4051 peragrabat,
891 3988 925 4033 ut
952 3987 995 4032 est
1017 3976 1050 4031 in
1075 3978 1144 4032 (iod.
1168 3976 1276 4028 Eliens.
1305 3995 1362 4031 seo.

210 4058 278 4113 Non
294 4060 370 4114 male
387 4061 445 4114 nisi
460 4059 533 4111 bueo
549 4055 638 4108 lectio
654 4053 807 4106 manifeste
831 4061 905 4106 esset
921 4050 1096 4104 correctoris
1113 4047 1290 4112 coniectura,
1318 4049 1364 4102 in·

210 4124 748 4266 reuerterant
763 4118 1364 4250 taratarantlartr

210 4273 319 4328 virium
335 4285 420 4326 nemo
436 4275 549 4324 secutus
568 4275 619 4323 est.
654 4269 700 4322 Ex
717 4268 841 4338 reliquis
858 4267 944 4321 codd·
962 4265 1049 4318 habet
1063 4261 1149 4314 Vind.
1160 4264 1186 4315 l.
1204 4259 1256 4315 itte
1273 4259 1364 4326 fiai·

210 4352 318 4401 tatem
335 4370 370 4384 -
385 4339 760 4411 pervagabatarpilud.
777 4340 830 4394 ille
846 4338 1015 4406 inflabatur
1035 4362 1066 4378 -
1084 4333 1364 4403 pervagabatur,

211 4415 308 4470 Duisb.
327 4411 378 4468 aa
394 4427 456 4483 per
473 4411 642 4480 infiaitatera·
658 4443 691 4458 -
706 4411 954 4483 peregrinabatur.
974 4405 1066 4462 nsua.
1093 4404 1143 4460 rae
1159 4403 1213 4470 iat.
1234 4430 1267 4444 -
1286 4418 1367 4471 pere·
