2856 5084
142 271 203 338 364
428 270 731 338 EXCURSUS'III.
756 272 806 338 ad.
829 272 853 337 1.
875 274 926 340 35.
949 272 999 336 85.

144 441 235 487 tamen
258 451 342 503 quam
365 436 452 488 facile
469 436 575 487 mutari
598 437 737 505 potuerit,
765 436 825 486 sive
843 452 931 503 prava
948 432 1194 504 pronuntiatione,
1226 428 1287 484 sive

143 506 218 556 rnale
236 505 311 556 lecto
330 504 506 574 compendio,
526 523 583 558 non
603 506 737 574 estquod
756 506 877 559 doceam.
905 505 1092 556 Bouhierium
1110 502 1289 554 hariolatum

144 592 201 626 esse
222 591 306 626 neruo
326 585 377 640 est,
406 577 476 644 quin
494 577 595 628 videat.
633 577 695 628 Nou
713 574 829 628 uidisset
853 574 940 625 nimis
959 575 1044 648 longe
1063 573 1174 625 recedit
1201 590 1217 623 a
1236 572 1289 624 Co-

145 645 241 697 dicum
260 646 426 715 scriptione,
451 665 504 699 nec
522 648 587 698 satis
606 647 741 698 convenit
759 644 925 707 sententiae,
950 661 1021 712 quae
1047 645 1082 695 ad
1106 659 1207 694 necem
1226 642 1288 693 eius

144 714 323 784 potissimum
350 718 475 786 respicit.
516 717 678 780 Amouiaset,
712 733 784 784 quae
808 724 851 766 est
874 715 964 766 altera
993 714 1080 766 Bouh.
1109 712 1286 776 coniectura,

143 786 226 854 peius
251 795 302 837 est.
339 788 493 856 Nunquam
520 789 606 850 enim,
633 803 690 838 non
715 787 779 837 dico
807 786 890 848 dixit,
919 785 1020 837 sedne
1049 784 1145 835 dicere
1169 783 1287 850 quidem

145 857 240 923 potuit
259 856 359 909 Cicero
386 865 508 910 euentum
536 873 670 909 amouere.
707 856 819 908 Ernesti
837 855 1000 905 coniectura
1024 871 1039 904 a
1063 853 1204 904 sententia
1228 851 1287 904 loci

144 927 234 999 tnagis
258 928 352 990 etiam,
380 945 463 996 quam
482 946 497 978 a
516 929 611 979 literis
640 928 775 981 aberrat.»
797 929 956 992 Anonymue
975 924 1081 977 Oliveti
1106 922 1286 975 Sallustianis

145 998 202 1046 suis
227 999 365 1066 exemplis
392 998 468 1048 nihil
491 999 631 1066 probavit.
670 996 700 1049 Si
726 996 803 1048 enim
829 996 903 1045 dicas
934 1009 1099 1059 aerumnas,
1133 990 1286 1059 egestatem

145 1066 283 1132 auritteret,
308 1085 398 1120 unum
417 1076 530 1119 tantum
548 1067 667 1118 verbum
686 1066 780 1116 minus
798 1066 915 1134 proprie
934 1064 1074 1128 adhibeas,
1101 1064 1176 1131 quod
1195 1062 1287 1130 expli-

145 1145 227 1188 catur
245 1139 362 1206 proprio
381 1156 433 1188 usu
451 1138 578 1188 alterius.
616 1137 750 1188 lineatam
768 1135 893 1197 amittere
919 1135 944 1184 si
961 1133 1077 1197 dixeris,
1104 1135 1134 1182 in
1161 1141 1285 1200 utraque

143 1208 280 1259 vocabulo
298 1207 382 1260 habes
399 1207 573 1273 κατάχρησιν,
594 1207 715 1274 indeque
734 1206 889 1258 sententiae
908 1205 1118 1267 obscuritatem,
1143 1219 1180 1253 ne
1196 1219 1285 1275 oppo-

145 1278 249 1329 sitione
268 1278 383 1344 quidem
401 1277 547 1327 sublatam.
584 1276 740 1329 Nissenium
763 1276 787 1326 si
806 1277 923 1326 missum
945 1276 1075 1337 facimus,
1103 1289 1197 1337 nerno,
1226 1273 1285 1341 opi·

144 1363 198 1397 nor
216 1347 402 1398 succensebit:
429 1363 494 1397 cum
521 1347 701 1397 somniavisse
726 1346 830 1414 potius,
856 1362 939 1412 quam
959 1345 1068 1412 aliquid
1095 1342 1201 1394 dixisse
1220 1359 1286 1393 cen·

144 1415 245 1467 sendus
264 1433 321 1467 esse
339 1416 478 1467 videatur.
517 1413 644 1468 Sabaitzz'i
663 1433 781 1488 zeugma
803 1415 917 1484 probari
935 1430 991 1465 non
1018 1421 1118 1482 potest.
1157 1413 1286 1464 Primum

145 1485 221 1535 enim
248 1502 263 1534 a
286 1486 431 1537 Ciceronis
458 1486 540 1536 modo
568 1487 672 1538 coniun
694 1487 830 1537 endarum
854 1485 1060 1536 sententiarum
1087 1484 1220 1534 alienum
1243 1490 1285 1533 est

143 1554 198 1607 hoc
217 1561 306 1607 tamen
325 1559 445 1608 euentum
463 1556 586 1620 omniuo,
606 1504 708 1608 deinde
726 1556 755 1606 in
776 1563 924 1606 zeurrnate
943 1570 1000 1605 non
1019 1553 1092 1605 solet
1105 1553 1202 1605 omitti
1221 1569 1285 1604 ver·

142 1625 210 1675 bum
236 1627 292 1677 alio
320 1634 349 1677 et
375 1635 511 1694 tempore·
524 1634 552 1677 et
570 1627 652 1678 modo
671 1600 902 1689 subaudiendum,
932 1641 1017 1693 quam
1036 1624 1141 1690 quo'id
1159 1621 1284 1692 positum

143 1704 194 1760 est,
213 1695 288 1762 quod
306 1695 340 1747 ad
357 1705 508 1763 utramque
526 1713 588 1747 rem
606 1697 777 1748 trahendum
791 1697 836 1747 sit.
857 1696 941 1746 Ferri
950 1695 1043 1768 igitur
1052 1702 1146 1761 posset
1164 1709 1284 1766 zeugma

142 1764 177 1827 (si
195 1783 210 1815 a
228 1766 368 1816 sententia
385 1766 442 1817 loci
461 1766 614 1829 discedas),
640 1767 664 1817 si
682 1766 803 1818 diceres:
832 1771 902 1816 tum
929 1764 1069 1833 quidem
1095 1764 1146 1816 ute
1165 1770 1285 1819 euentura

142 1837 191 1898 (sc.
217 1836 359 1887 malorum
383 1834 504 1899 amisit),
534 1833 584 1888 boc
608 1843 697 1887 autem
722 1843 841 1903 tempore
866 1851 976 1887 seucum
1006 1834 1143 1886 malorum
1168 1831 1283 1897 amieit3

141 1905 263 1973 denique
287 1923 361 1980 nego
379 1917 569 1978 ac'pernego,
598 1906 768 1958 Ciceronem
791 1923 917 1974 unquam
935 1914 993 1956 tam
1018 1906 1134 1957 obscure
1154 1905 1284 1955 locutum

141 1992 199 2028 esse
223 1976 254 2026 in
278 1994 319 2037 re,
346 1977 393 2027 cui
421 1975 465 2027 ele
486 1977 630 2029 antissime
656 1985 685 2028 et
710 1994 818 2027 summa
836 1993 902 2027 cum
919 1974 1122 2044 perspicuitate
1149 1974 1283 2026 dicendae

140 2053 219 2098 tauta
237 2055 310 2098 esset
327 2047 442 2118 linguae
472 2047 577 2097 acultas
597 2055 626 2098 et
644 2047 737 2115 copias
765 2063 838 2118 nego
858 2046 951 2096 'etiam
970 2045 1001 2094 in
1027 2045 1113 2096 verbo
1138 2042 1284 2097 amittendi

140 2117 283 2167 contineri
301 2117 446 2168 notionem
467 2117 597 2168 cavendi.-
622 2116 709 2184 quid?
735 2116 915 2184 quodetiam
933 2115 1013 2166 notio
1040 2114 1226 2176 concidendi
1244 2115 1283 2164 ita

139 2193 250 2236 tanturn
276 2188 306 2237 in
325 2186 377 2236 illo
396 2187 567 2250 continetur,
593 2187 616 2236 si
635 2187 783 2259 intelligas
802 2186 961 2236 desiderare
979 2193 1007 2236 te
1026 2185 1055 2235 id
1075 2193 1103 2236 et
1122 2185 1282 2254 requirere,

140 2257 215 2322 quod
242 2273 299 2308 non
322 2255 425 2307 videas.
463 2256 558 2308 Aliam
586 2264 681 2309 autem
704 2273 762 2308 esso
785 2257 927 2308 rationem
953 2255 1118 2327 zeugmatis,
1146 2255 1223 2323 quad
1248 2272 1282 2306 ex

139 2341 162 2375 c.
184 2329 226 2380 ΔΟ.
247 2327 374 2378 laudavit
393 2326 457 2378 Sch.
477 2326 642 2394 unicuique,
663 2327 758 2391 credo,
778 2327 962 2378 manifestum
980 2333 1030 2375 est.
1065 2325 1142 2376 Haec
1161 2326 1184 2375 si
1204 2325 1283 2376 nobis
1314 2373 1316 2377 .

139 2397 320 2459 concesseris,
347 2412 404 2446 nan
423 2395 489 2457 erit,
517 2398 592 2462 quod
610 2397 714 2470 Buggii
738 2397 909 2449 sententiam
931 2395 1120 2463 peculiariter
1147 2397 1281 2446 refutem.

138 2465 203 2516 Non
222 2468 311 2538 magis
330 2466 407 2517 enirn
432 2465 463 2514 in
481 2467 568 2518 verbo
593 2467 741 2520 amittendi
759 2475 800 2518 est
825 2465 974 2531 effugiendi
992 2465 1071 2516 notio
1100 2472 1129 2515 et
1147 2464 1281 2528 evitandi,

138 2552 222 2602 quam
247 2535 370 2599 cauendi,
394 2536 563 2604 praesertim
587 2536 610 2586 si
635 2554 700 2588 cum
725 2543 820 2590 eventu
845 2537 1044 2607 coniungatur,
1070 2535 1126 2598 cui,
1159 2543 1193 2586 ut
1218 2536 1283 2586 voci

137 2608 235 2671 (quam
253 2607 363 2669 dicunt)
388 2606 506 2668 mediae,
524 2607 690 2658 ‘necessario
714 2607 872 2659 addendum
896 2613 938 2657 est
954 2604 1074 2655 verbum
1100 2603 1177 2656 haud
1195 2605 1283 2657 ambi-

136 2691 233 2747 gnum.
271 2675 327 2727 Sed
346 2676 404 2744 ipse
423 2676 480 2726 tale
500 2676 569 2743 quid
586 2677 702 2729 sensisse
725 2679 850 2739 videtur,
876 2677 907 2726 in
925 2673 1059 2727 Schiitzii
1081 2674 1207 2727 lectione
1230 2676 1282 2726 ali-

136 2744 207 2808 quid
225 2745 315 2795 scabri
334 2752 363 2797 et
381 2745 514 2796 inurbani
534 2745 624 2797 inesse
641 2749 743 2799 fatens.
780 2746 966 2798 Billerbecka'o
984 2743 1050 2794 satis
1069 2745 1218 2814 respondit
1234 2745 1279 2796 Or.

135 2811 232 2864 dicens
249 2814 353 2864 miram
372 2831 430 2864 esse
449 2816 508 2866 eius
528 2815 757 2883 explicationem.
795 2819 856 2868 Nec
875 2823 1018 2868 summum
1030 2815 1126 2866 ¹etiarm
1144 2815 1282 2868 FAW01-

135 2881 206 2932 fium
223 2901 326 2935 verum
343 2883 448 2934 vidisse
467 2884 600 2948 arbitror,
620 2886 699 2936 cuius
718 2887 873 2953 explicatio
894 2887 931 2936 'ab
956 2901 1009 2934 usu
1028 2884 1183 2936 verborum
1201 2884 1282 2936 Cice-

135 2953 321 3004 ronianorum
340 2954 425 3021 plane
444 2952 586 3004 abhorret.
617 2954 719 3007 orella
736 2955 894 3022 Anonymue
912 2955 1119 3036 lusisse-magis
1135 2956 1167 3006 'et
1183 2954 1280 3006 haria-⁴

134 3022 208 3073 latus
228 3041 285 3075 esse
313 3023 371 3073 dici
388 3030 491 3090 potest,
520 3039 604 3089 quam
622 3041 723 3074 verum
740 3025 858 3076 vidisse:
891 3041 957 3075 nam
976 3025 1087 3075 etiamsi
1110 3025 1280 3076 concederes

134 3087 225 3156 (quod
251 3107 309 3142 non
334 3091 528 3151 concedimus)
556 3092 612 3144 tale
637 3099 814 3161 anapaestum
839 3094 1025 3163 depravatum
1049 3111 1106 3146 esse
1130 3095 1161 3144 in
1188 3100 1280 3147 tamen

134 3167 270 3222 eventum
298 3162 390 3212 denuo
408 3159 538 3213 haerebis
556 3160 587 3210 in
605 3163 750 3216 amittendi
765 3164 869 3228 verbo;
901 3181 967 3214 nam
992 3170 1172 3232 anapaestum
1196 3164 1280 3216 amit·

133 3234 191 3280 tere
215 3229 276 3293 illo,
305 3247 390 3297 quem
413 3231 487 3294 vult,
516 3247 597 3283 sensu
615 3249 760 3302 nunquam
783 3233 900 3285 dixisset
919 3233 1029 3285 Cicero.
1067 3233 1163 3286 Solam
1187 3235 1281 3309 igitur

131 3315 229 3350 veram
248 3316 301 3422 eqo
320 3300 451 3366 existimo
470 3301 638 3374 Hottingeri
658 3304 894 3368 emendationem,
920 3303 1072 3355 commode.
1084 3305 1190 3356 fultam
1216 3306 1279 3356 loco

132 3367 166 3420 de
184 3369 248 3420 niv.
284 3371 305 3422 1.
326 3375 351 3426 9.
372 3388 458 3439 quem
476 3370 690 3451 ipse-laudavit.
727 3375 785 3426 Fac
808 3373 885 3425 enim
911 3373 1156 3442 scriptumfuisse
1182 3375 1215 3425 in
1232 3392 1280 3426 an-

130 3456 292 3524 tiquissimo
311 3459 413 3513 Codice
432 3461 554 3512 ouurNO
576 3459 635 3522 (v'el
655 3460 807 3526 ouuruouo)
825 3459 982 3526 muvrSur,
1002 3462 1021 3516 i.
1042 3478 1066 3512 e.
1087 3461 1197 3514 omniuo
1215 3478 1279 3515 uon

131 3523 288 3594 habuisset,
314 3531 337 3581 si
362 3530 451 3583 semel
476 3531 620 3582 exciderat
646 3532 834 3600 repetendum
858 3550 893 3583 ex
919 3532 1085 3583 maiusculis
1109 3532 1204 3584 literis
1230 3535 1278 3598 ro,

111 3596 205 3648 ‘illud
223 3597 365 3652 habuisset
384 3601 492 3652 servari
511 3601 633 3670 amplius
651 3616 709 3652 non
727 3609 856 3670 poterat,
883 3619 981 3669 quare,
1008 3603 1091 3654 oculo
1115 3602 1202 3653 etiam
1221 3603 1279 3653 sor-

130 3674 202 3718 tasse
221 3669 369 3722 aberrante
389 3670 424 3722 ad
440 3671 606 3739 proximum
624 3671 752 3736 verbum,
772 3671 898 3739 arripuit
914 3671 1049 3723 librarius
1060 3672 1179 3724 verbum
1194 3671 1279 3724 ausit·
1342 3725 1346 3735 ,

110 3735 215 3803 ‘tenda
243 3739 328 3809 idque
346 3741 539 3808 praecedenti,
567 3739 643 3808 quod
660 3741 725 3792 fieri
752 3740 859 3804 debuit,
888 3741 1122 3795 accommodavit.
1158 3742 1279 3795 Senten-

129 3807 200 3859 tiam
225 3809 284 3862 loci
304 3811 417 3881 optime
437 3818 629 3879 exposuerunt
652 3810 779 3884 Buggius
808 3819 836 3862 et
854 3811 1014 3864 Kiihnerus.
1041 3843 1073 3852 —
1109 3812 1172 3864 Duo
1197 3811 1278 3864 voca-

130 3877 196 3928 bula
213 3881 317 3933 ultima
335 3883 451 3934 inverso
470 3881 570 3933 ordine
588 3880 726 3954 leguntur
743 3882 775 3931 in
794 3879 876 3933 libris
897 3882 980 3934 editis
1026 3882 1153 3950 lerisque
1181 3880 1278 3945 (malo-

130 3963 193 3999 rum
213 3951 336 4016 amt‘et't).·
354 3950 608 4004 nostrumhabent
626 3950 710 4003 codd.
729 3951 801 4024 Reg.
821 3950 894 4003 Gud.
913 3955 938 4006 1.
958 3955 983 4005 2.
1002 3900 1045 4002 du
1070 3952 1277 4004 ‚MarbRehd

130 4019 203 4071 Gud.
224 4021 320 4075 Duisb.
345 4024 420 4075 Mon,
442 4024 467 4072 l·
488 4023 513 4074 2.
533 4020 617 4071 Vind.
639 4025 664 4073 l.
683 4024 708 4074 2.
734 4021 805 4076 Eud.
830 4020 898 4072 Dav.
919 3970 1068 4076 FAwold
1092 4024 1171 4076 Koel.
1193 4022 1277 4076 Schz.

128 4090 217 4142 Nobb.
242 4092 287 4143 Or.
325 4091 361 4142 ln
383 4106 441 4141 uno
461 4091 510 4142 Ox.
539 4099 581 4141 est
605 4087 655 4142 bac
679 4106 697 4143 a
721 4095 852 4158 tempore,
876 4108 910 4142 ex
936 4109 1089 4160 perperam
1107 4093 1183 4145 lecto
1203 4109 1281 4152 corn-¹

128 4161 240 4228 pendia.
261 4161 336 4213 Gud.
362 4160 464 4212 inserit
487 4167 513 4211 et
538 4168 602 4212 ante
626 4176 741 4214 aearum.
767 4193 800 4203 -
827 4161 900 4213 Male
919 4162 1023 4214 ultima
1048 4163 1134 4214 verba
1153 4163 1280 4231 explicat
1331 4170 1336 4181 ¹

127 4229 280 4281 Beroaldus
288 4225 296 4280 ε’
314 4266 333 4296 „
344 4232 413 4299 quia
431 4230 543 4283 scilicet
560 4231 617 4282 iam
636 4232 667 4281 in
684 4231 767 4283 unalis
785 4231 1074 4296 call'um‘obduxerat,
1093 4232 1279 4302 animumque

129 4299 317 4352 obduraverat
335 4301 368 4351 ad
386 4301 555 4370 patientiam
573 4301 746 4354 malorum.⁴‘
778 4302 852 4354 Tum
871 4310 949 4355 certe
968 4319 1020 4371 pro
1041 4301 1137 4356 arrisit
1154 4303 1280 4356 scriben-

129 4367 196 4420 dum
215 4377 279 4423 erat
299 4369 446 4424 amiserat.

888 4466 896 4492 t
