2856 5084
404 236 408 243 '
500 230 878 334 leoninorum.
991 298 1000 313 ,
1227 256 1289 324 ooo

133 419 249 474 Annall.
269 417 387 472 Philoll.
407 426 437 471 et
454 416 580 492 Paedagc
622 455 628 470 .
655 417 718 470 Vol.
738 416 819 470 Xlll.
838 421 863 472 l.
889 416 999 486 12:289,
1025 434 1095 470 num
1112 427 1193 473 recte
1211 419 1290 476 obse·
1363 397 1372 413 ’

132 493 194 544 cuti
216 491 328 544 fuerint
350 488 559 542 nonnullorum
610 487 671 542 odd.
701 486 876 544 testimonio.
918 488 993 541 Nam
1019 487 1124 556 Aquini
1146 507 1288 561 nusquam

133 559 347 615 commemorati
374 559 580 612 inveniuntur:
617 557 740 629 Aquinii
772 565 868 610 autem
895 558 1008 628 plures,
1046 574 1116 628 quos
1142 562 1288 615 recensuit

135 631 329 701 Glandorpius
348 631 380 681 in
398 629 539 695 Onomast.
557 645 588 751 f
609 634 669 685 113.
706 630 766 682 lem
789 628 915 681 nominis
937 631 1061 682 formam
1080 630 1155 700 apud
1173 631 1289 687 cicero-

133 719 200 755 nem
223 718 344 771 repones
362 698 521 769 Aqoinio.“
574 707 602 751 ta
618 698 654 752 Α.
678 696 866 754 Weicbert.
887 699 920 752 de
938 697 1022 752 Lucii
1044 699 1130 754 Varii
1149 709 1176 755 et
1194 701 1289 758 Cassii

132 772 294 826 Parmensis
315 771 383 827 Vita
401 777 429 825 et
448 767 776 838 Carminibue(Gri1nae
804 787 849 839 ap.
868 770 896 823 J.
915 773 953 824 m.
974 769 1129 846 Gebhardt.
1151 775 1229 830 1836.
1249 773 1289 840 8.)
1395 847 1399 853 ι

134 861 164 914 p.
191 847 234 900 15:
256 861 297 913 sq.

629 934 796 949 -—-—-

206 1036 318 1089 Monuit
335 1053 382 1089 me
400 1036 448 1088 vir
465 1035 582 1106 quidam
600 1033 699 1086 doctus
723 1033 855 1105 mihique
878 1035 1076 1107 amicissimus,
1100 1045 1134 1089 ut
1152 1037 1184 1089 in
1201 1037 1290 1091 Addi-

135 1107 270 1159 tamentis
289 1106 421 1161 adderem
438 1106 574 1160 notitiam
592 1122 689 1158 earum
706 1106 885 1171 Editionum,
905 1123 973 1175 quas
990 1106 1093 1161 babuit
1109 1107 1138 1160 J.
1157 1107 1186 1165 J.
1208 1108 1290 1162 Reic-

131 1174 204 1242 kiue‚
239 1177 273 1228 de
298 1177 380 1230 cuius
406 1177 581 1230 variantium
604 1177 764 1229 lectionum
786 1175 887 1229 libello
905 1178 1020 1231 locutus
1045 1194 1107 1231 sum
1131 1179 1163 1230 in
1189 1179 1287 1234 Indice

132 1245 297 1315 Apparatus
316 1246 422 1301 <tritici
439 1266 468 1318 p.
482 1248 579 1301 XXIV.
614 1246 688 1300 Sunt
706 1255 802 1317 autem
819 1246 888 1301 hae:
907 1250 1015 1301 Veneta
1032 1256 1056 1300 a.
1078 1251 1162 1316 rtem
1180 1252 1290 1304 Veneta

133 1334 158 1368 a.
180 1322 262 1383 14913
290 1319 509 1372 Mediolanensis
535 1336 559 1370 a.
580 1320 667 1382 14943
695 1317 913 1370 Mediolanensis
941 1337 965 1370 a.
993 1322 1070 1375 1198.
1098 1320 1150 1384 (ex
1171 1319 1226 1374 hae
1254 1322 1290 1375 ad

131 1405 261 1509 tfmguem
278 1391 341 1442 fere
355 1389 488 1512 ,ἵετίεἰῐὲῗ
507 1407 521 1442 e
540 1390 592 1472 Jof
607 1388 696 1512 Peltssti
708 1389 830 1511 q‹Iri'licina
854 1403 879 1441 α.
901 1389 994 1511 moi)
1026 1390 1066 1442 Et
1092 1389 1146 1443 hae
1211 1391 1289 1445 idem

131 1474 346 1582 tggbgnbxisaxbl.
366 1469 634 1586 sffieriozenffi
661 1462 1286 1603 Τόνιῐῖῃῒέῗιεῖνέζῗιουζωῇτὲεοὲ’(111ζῖΞί
1322 1554 1324 1559 ·

132 1598 238 1684 Angst3
265 1599 372 1654 Aldina
389 1619 413 1653 a.
435 1604 518 1667 15233
545 1600 664 1654 Roberti
687 1598 737 1653 Ste
758 1599 828 1652 bani
850 1600 977 1653 Parisina
1000 1603 1079 1658 1543.
1122 1601 1176 1668 Qui
1203 1604 1290 1674 plura

132 1672 216 1736 veht‚
235 1671 316 1724 adeat
334 1671 501 1728 Editionem
520 1671 652 1728 Tuscull.
677 1671 733 1725 Ore
760 1671 781 1722 'i
806 1669 983 1742 peculiarem
1005 1669 1042 1734 (a.
1068 1674 1145 1729 1829.
1171 1673 1288 1740 editam)

204 1936 239 1988 In
263 1934 342 1988 calce
367 1934 438 1989 libri
466 1935 536 1988 addo
559 1935 656 1988 locum
683 1935 717 1988 de
741 1934 867 1990 editione
891 1935 1042 1989 Davisiana
1059 1936 1289 1992 Tusculanarum

133 2004 228 2076 prima
247 2022 283 2057 ex
302 2007 431 2076 epistola,
449 2004 569 2066 Tiberii,
581 2005 793 2059 Hemsterhusii
810 2024 897 2058 manu
915 2007 942 2058 d.
962 2010 988 2061 2.
1004 2007 1072 2060 Maii
1084 2011 1162 2065 1709.
1182 2010 1289 2080 scripta

132 2075 172 2143 adr
184 2077 212 2132 J.
231 2077 267 2127 ll.
287 2077 482 2130 Lederlinum.
522 2076 596 2130 Sunt
623 2076 656 2128 in
674 2075 802 2127 manibus
826 2076 932 2130 nostris
949 2077 999 2130 vel
1016 2077 1113 2149 potius
1133 2078 1164 2131 in
1182 2078 1289 2132 Biblio-

133 2144 217 2199 theca
236 2147 388 2216 Gymnasii
414 2146 515 2211 nostri,
546 2163 582 2199 ex
608 2146 808 2199 munificentia
832 2149 869 2200 Μ.
897 2147 1102 2219 Harpprecbti,
1130 2149 1164 2203 V.
1187 2150 1222 2207 D.
1249 2152 1287 2202 Μ.

130 2212 325 2301 Ersingensis‚
356 2216 570 2270 Hemsterhusii
605 2217 641 2270 ad
664 2212 851 2270 Lederlinu'm
880 2218 1018 2288 epistolae
1047 2219 1165 2340 viffinti,
1195 2219 1222 2272 J.
1251 2220 1286 2273 G.

134 2286 253 2340 Graevii
271 2288 305 2341 ad
321 2288 521 2343 Wetstenium
549 2295 578 2340 et
599 2286 788 2340 Lederlinum
810 2296 883 2354 tres,
913 2289 984 2341 duae
1003 2288 1083 2343 Godo
1098 2291 1162 2343 redi
1180 2291 1289 2344 Olearii

135 2356 169 2409 ad
186 2358 316 2423 eundem,
342 2358 471 2426 itemque
499 2375 556 2410 una
574 2357 602 2413 J.
620 2356 654 2411 A.
675 2357 802 2410 Fabricii
829 2367 858 2410 et
881 2358 953 2412 duae
970 2358 1026 2416 Th.
1046 2360 1146 2414 Crenii
1164 2360 1236 2415 item
1254 2361 1290 2414 nd

132 2428 334 2481 Lederlinum:
369 2446 438 2498 quas
457 2429 481 2478 si
500 2443 669 2497 comperero
687 2445 746 2482 esse
764 2428 898 2493 ineditas,
922 2429 985 2482 data
1004 2430 1150 2484 occasione
1176 2430 1289 2502 publici

133 2498 206 2551 iuris
230 2499 343 2562 faciam,
381 2501 495 2553 Interea
519 2515 555 2552 ex
578 2497 634 2550 hoc
661 2499 739 2567 quod
763 2498 936 2565 exhibemus,
963 2501 1122 2570 specimine
1149 2502 1289 2556 videbunt

133 2569 252 2622 fortasse
269 2568 403 2636 lectores,
421 2577 521 2621 utrum
538 2568 594 2621 hoc
612 2567 824 2622 Hemsterbusii
841 2571 875 2624 de
893 2570 1010 2624 Davisio
1029 2571 1196 2627 etBentleio
1215 2573 1290 2626 iudi·

132 2639 211 2693 cium
234 2639 292 2691 iam
316 2640 435 2691 aliunde
459 2640 497 2692 sit
523 2646 633 2691 notum.
679 2640 721 2692 lta
746 2646 841 2693 autem
864 2642 932 2695 ille:
970 2643 1036 2707 „Ex
1053 2643 1160 2719 Anglia
1184 2641 1219 2697 ad
1241 2660 1288 2697 me

131 2710 260 2780 perlatus
288 2717 331 2763 est
356 2727 450 2780 nuper
476 2708 623 2765 Ciceronis
643 2709 864 2766 Tusculanarum
885 2711 1112 2782 Disputationum
1136 2714 1212 2767 liber
1229 2714 1289 2768 Do-

133 2780 213 2845 ossii,
233 2781 369 2846 eiusdem,
389 2781 440 2851 qui
458 2781 615 2832 Maximum
633 2779 768 2864 Tyrium,
796 2782 957 2836 Minucium
974 2784 1103 2837 Felicem
1128 2793 1158 2837 et
1175 2783 1288 2837 Julium
1374 2822 1378 2827 -

132 2851 280 2904 Caesarem
303 2867 375 2904 nova
399 2851 639 2904 commentatione
662 2851 823 2905 illustratos
846 2855 1017 2920 recentavit‚
1052 2872 1121 2907 cura
1144 2855 1288 2926 expolitus

132 2929 162 2974 et
181 2922 360 2974 emendatus:
392 2921 450 2986 sed,
476 2922 553 2991 quod
569 2921 756 2991 praecipuum
776 2932 830 2989 est,
853 2924 963 2978 accedit
987 2925 1092 2977 summi
1109 2925 1235 2978 Bentleii
1252 2925 1288 2978 ad

131 2992 219 3045 illum
236 2993 370 3045 iuvenem
395 2993 508 3066 ingenii
526 3000 555 3045 et
574 2991 745 3045 eruditionis
768 2995 853 3064 plena
872 2995 1000 3064 epistola,
1027 2995 1059 3046 in
1083 3013 1140 3065 qua
1164 2995 1289 3049 admira·

129 3062 184 3116 bili
203 3064 332 3128 solertia,
352 3080 408 3134 qua
426 3080 512 3133 super
531 3079 629 3116 omnes
646 3062 733 3116 huius
752 3064 853 3117 aetatis
865 3066 991 3119 eruditos
1010 3066 1138 3132 excellit,
1153 3066 1289 3134 ¹foedissi-

132 3150 192 3186 mos
211 3152 226 3185 a
245 3134 383 3202 Cicerone
401 3146 506 3186 naevos
524 3134 617 3186 abster
638 3134 672 3200 it,
705 3136 756 3205 qui
774 3135 898 3188 aliorum
921 3135 1015 3203 (nosti
1042 3145 1113 3206 quot
1137 3137 1168 3190 in
1187 3135 1287 3191 Tullio

132 3220 248 3327 obseram
277 3223 323 3306 ma
364 3223 383 3259 a*
407 3205 496 3259 etiam
527 3220 595 3258 cum
617 3151 704 3259 laude
730 3207 909 3278 posuerunt)
939 3207 1146 3279 perspicaciam
1169 3209 1287 3280 penitus

132 3292 147 3328 e
172 3284 305 3352 egerunt.
