2856 5084
569 188 788 295 'omnum
813 217 842 277 1.
1141 259 1147 271 .
1198 178 1202 189 '
1282 212 1303 289 ι,

149 381 213 447 hoo
233 400 285 443 me
306 382 378 463 ipse
398 379 537 465 castigo,
559 377 647 461 quod
669 398 710 440 ex
731 378 877 441 aliorum
898 383 992 440 etex
1014 385 1131 441 nostra
1158 379 1303 440 fortasse

149 463 300 534 mollitia,
324 482 390 524 non
412 481 452 524 ex
482 465 555 543 ipsa
575 463 717 533 virtute,
746 458 787 521 de
819 459 958 523 virtutis
987 458 1109 520 robore
1135 459 1302 525 existimo.

147 544 211 607 Illa
232 547 332 622 enim,
355 547 384 605 si
407 543 506 605 modo
528 551 578 604 est
597 543 667 604 ulla
680 545 803 620 virtus,
825 557 922 624 quam
938 537 1178 602 dubitationem
1199 561 1303 604 arun·

147 627 242 690 culus
264 636 353 704 tune,
375 626 490 704 Brute,
512 626 659 701 sustulit,
681 626 801 695 omnia,
824 643 907 706 quae
929 621 1049 684 cedere
1076 623 1303 685 inhominem

153 844 161 851 .
203 793 273 860 §td
290 793 321 861 iu
338 792 388 847 boc
405 810 448 847 me
465 791 526 862 ipse
546 820 579 832 -
601 791 747 858 existumo]
783 793 867 844 Hunc
884 791 982 845 locum
998 808 1058 845 non
1073 791 1139 865 sine
1156 791 1217 846 levi
1235 810 1304 863 qua-

146 863 211 919 dam
228 865 385 925 uariatione
402 863 647 934 profert-Nonius
671 862 702 915 in
720 861 874 930 castigare.
911 862 949 918 D.
1225 859 1229 877 ¹

217 935 275 990 Sed
293 935 324 988 iu
341 933 391 988 boc
408 950 452 987 me
469 935 529 1003 ipse
545 932 672 1003 castigo]
700 932 865 1000 „Nonnulli
886 930 956 984 libri
980 940 1094 985 veteres
1115 929 1224 986 habent
1246 932 1305 989 Sed

146 1000 208 1058 boc
224 1022 268 1058 me
286 1005 346 1074 ipse
364 1004 485 1074 castigo.
523 1005 635 1058 Nonius
658 1005 690 1055 iu
707 1005 794 1058 verbo
818 1002 931 1070 castigo
949 1003 1038 1078 legit:
1069 1001 1128 1056 Sed
1145 1000 1196 1056 boc
1212 1005 1242 1057 iu
1260 1021 1304 1059 me

146 1075 207 1142 ipse
223 1078 348 1144 castigo:
369 1077 400 1128 in
419 1091 476 1144 quo
495 1091 554 1128 non
572 1092 634 1126 sum
654 1091 720 1126 eum
738 1082 860 1128 secutus.
899 1073 979 1139 Quod
996 1082 1093 1126 autem
1110 1073 1188 1126 idem
1205 1075 1304 1144 paullo

145 1155 210 1216 post
226 1146 349 1200 mollitia
375 1147 403 1200 le
425 1146 459 1209 it,
487 1161 555 1208 non,
579 1152 614 1196 ut
630 1144 738 1198 habent
756 1161 855 1198 omnes
872 1144 953 1212 libri,
979 1143 1108 1207 mollitie,
1136 1144 1168 1196 in
1187 1161 1220 1197 eo
1240 1164 1305 1198 sum

105 1216 113 1225 '
147 1234 214 1268 eum
237 1216 382 1280 secutus.“
405 1164 503 1268 homi.
538 1214 647 1281 [Nonii
669 1216 750 1268 locus
773 1225 816 1269 est
842 1218 879 1278 4..
897 1217 941 1270 5⁰.
968 1233 997 1284 p.
1020 1217 1143 1267 Blercer.
1164 1217 1227 1284 251,
1245 1216 1304 1284 23]

146 1285 225 1352 „Sed
241 1285 292 1339 boc
309 1305 352 1340 me
369 1290 429 1355 ipse
447 1287 535 1340 habet
562 1286 628 1339 Cod.
650 1285 763 1355 Grypb.
782 1285 917 1340 Mollitia
936 1284 1012 1338 edidi
1031 1303 1067 1338 ex
1084 1285 1194 1350 eodem,
1228 1288 1305 1356 quod

146 1357 220 1411 olim
238 1359 383 1410 Victorius
402 1356 597 1421 excudendum
616 1354 761 1408 curavit.“
788 1356 872 1408 Brut.
893 1357 984 1420 ‚„Est
1008 1355 1095 1408 etiam
1120 1355 1246 1410 mollitia
1271 1359 1304 1410 in

147 1428 214 1480 Cod·
241 1428 324 1481 Col.“
345 1427 409 1481 Frc.
428 1428 511 1481 Febr.
553 1427 587 1479 In
614 1426 726 1478 omittit
753 1428 842 1478 etiam
865 1426 933 1481 (lod,
960 1425 1032 1479 Gud.
1053 1428 1087 1489 23
1119 1443 1163 1478 me
1188 1427 1304 1495 ipsum

145 1497 251 1552 habent
269 1499 324 1551 duo
343 1499 413 1554 Oxx.
442 1498 507 1565 (sed
524 1516 597 1549 unus
615 1515 700 1567 supra
717 1497 770 1549 liu.
789 1497 863 1564 ipse)
892 1505 920 1550 et
944 1497 998 1550 Ed.
1018 1497 1047 1549 P.
1067 1513 1135 1551 cum
1151 1500 1222 1552 Ven.
1240 1498 1300 1553 Alt.

145 1568 274 1638 itemque
293 1569 360 1622 eod.
381 1569 453 1622 Gud.
492 1568 527 1620 In
545 1586 602 1620 uno
622 1568 671 1621 Ox.
693 1577 734 1620 est
760 1583 811 1635 quo
829 1584 883 1651 pro
902 1569 982 1634 qrsod.
1020 1567 1080 1620 Mr.

164 1677 169 1681 -
216 1647 243 1692 et
262 1656 297 1692 ex
315 1646 412 1692 nostro
430 1641 553 1704 fortusse
570 1638 767 1706 mollitiem]
791 1637 861 1704 „Sic
881 1639 967 1692 etiam
985 1638 1105 1694 Palatin.
1124 1639 1211 1707 prim.
1231 1648 1300 1698 tert.

145 1719 239 1777 quart.
259 1710 352 1779 quint.
372 1712 502 1763 Vatican.
523 1710 545 1760 F
547 1710 605 1765 abr.
626 1741 659 1752 -
697 1711 796 1762 Paullo
815 1717 878 1779 post
895 1709 1025 1775 Vatican.
1052 1710 1086 1762 de
1112 1710 1230 1764 uirtutis
1254 1729 1302 1765 ro-

144 1781 213 1833 bore
237 1780 470 1834 existimem.“
498 1777 580 1833 Geth.
627 1779 739 1832 Habent
769 1776 888 1834 mollitia
919 1780 1004 1833 Codd.
1035 1781 1104 1854 Reg.
1135 1780 1208 1836 Gud.
1230 1786 1255 1836 1.
1275 1785 1301 1838 2.

144 1852 231 1903 Marb.
252 1854 327 1904 Mon.
347 1854 418 1906 lsi.
437 1851 462 1902 A
504 1850 626 1903 .Duisb.
647 1857 721 1915 octo,
740 1860 773 1902 ut
791 1851 917 1915 videtur,
937 1849 1006 1903 Oxx.
1035 1850 1142 1917 (nonus
1160 1854 1301 1919 molestia)

143 1921 215 1973 Edd.
236 1918 318 1975 C..'V.
332 1921 364 1972 1..
383 1920 453 1974 llob.
493 1921 573 1990 teph.
593 1922 692 1974 Herw.
711 1921 792 1973 Brut.
813 1919 894 1990 Sylb.
915 1929 943 1973 et
961 1921 1028 1973 inde
1046 1939 1062 1972 a
1081 1919 1173 1974 Gebh.
1194 1939 1301 1978 omnes.

93 2007 97 2015 ’
144 1991 327 2045 Solusllehd.
348 1997 375 2044 et
389 2009 423 2043 ex
441 2008 523 2045 veru
542 1991 646 2062 (supra
663 1991 837 2056 linssnostra)
860 1989 984 2056 fortasse
1002 1993 1163 2046 mulitia:
1183 2009 1251 2068 egre
1273 1995 1301 2047 ia
1402 2045 1412 2054 ,

142 2063 255 2117 scilicet
274 2063 468 2116 correctione:
500 2063 620 2119 videtur
634 2071 731 2115 tamen
749 2064 790 2114 ite
816 2062 919 2144 legisse
936 2061 1101 2127 Beroaldus,
1134 2063 1186 2132 qui
1214 2012 1300 2117 hahet

142 2132 198 2185 hoc
216 2132 407 2189 annotationis
425 2134 546 2187 lemma:
567 2134 611 2186 Eu
629 2133 746 2186 aliorum
765 2133 878 2187 oratius
896 2130 1048 2203 additque:
1069 2133 1200 2203 improbe
1219 2136 1299 2202 facit,

142 2204 193 2273 qni
211 2212 303 2256 artem
321 2203 419 2272 culpat
436 2204 470 2257 ob
489 2203 631 2274 artificem
648 2204 794 2267 vitiosum,
821 2219 880 2256 non
902 2211 982 2255 recte
1005 2203 1103 2266 sentit,
1129 2206 1180 2273 qui
1205 2205 1301 2258 virtu-

141 2282 201 2327 tem
218 2275 341 2326 metitur
359 2292 395 2327 ex
413 2275 616 2327 imbecillitate
642 2272 811 2326 mortalium
830 2281 860 2325 et
876 2271 998 2336 mulitia,
1025 2289 1092 2324 cum
1119 2272 1179 2342 ipsa
1204 2276 1299 2327 virtus

117 2387 118 2391 ,
141 2344 176 2398 de
193 2360 243 2397 suo
261 2343 352 2420 ipsius
370 2344 472 2398 robore
490 2345 664 2397 aestimanda
688 2344 727 2396 sit
750 2352 813 2396 eta
837 2343 946 2412 seipsa
972 2342 1171 2411 pensitanda.“
1207 2345 1299 2399 Habet

140 2414 229 2539 {tiam
257 2414 365 2468 malitia
390 2414 443 2467 Ed.
472 2417 501 2469 P.
530 2432 598 2468 cum
625 2417 695 2468 Ven.
723 2413 783 2467 Alt.
812 2412 879 2467 cod.
912 2412 1002 2468 Rehd.
1029 2421 1093 2482 post
1120 2411 1225 2469 virtute
1250 2416 1299 2470 ad-

162 2484 184 2537 't
205 2490 242 2539 et.
279 2486 340 2539 Mr.

209 2556 267 2608 lua
286 2557 367 2621 euim,
387 2555 511 2609 simodo
531 2561 572 2609 eet
590 2556 650 2609 ulla
669 2553 791 2622 virtum]
817 2552 903 2609 Codd.
923 2554 968 2607 Au
992 2594 997 2606 .
1019 2562 1048 2607 et
1067 2552 1141 2612 Gud.
1168 2555 1195 2609 ei
1217 2556 1297 2611 modo

140 2626 199 2680 ullu
217 2633 260 2679 est
277 2626 377 2679 virtue.
401 2626 484 2679 Vind.
506 2631 531 2681 1.
558 2629 585 2680 si
603 2625 679 2679 modo
699 2628 787 2680 virtus
804 2633 848 2678 est
866 2625 934 2679 ulla.
963 2572 1047 2678 igini.
1067 2629 1092 2681 2.
1120 2635 1149 2679 et
1172 2629 1247 2680 Mon.
1268 2631 1294 2683 2.

139 2696 264 2750 simodo
282 2701 322 2749 eat
340 2697 430 2751 virtus
447 2696 515 2751 ullu.
552 2697 626 2750 Cum
643 2695 716 2770 Aug.
737 2696 858 2754 etGud.
881 2696 1000 2748 ‘faciunt
1017 2696 1088 2752 Edd.
1109 2697 1139 2749 P.
1158 2697 1192 2750 A.
1212 2700 1242 2750 B.
1263 2699 1295 2753 O.

139 2768 208 2821 Ven.
228 2776 317 2820 nostr.
336 2765 400 2822 Asc.
421 2772 446 2822 1.
467 2771 492 2823 2.
512 2767 592 2819 Junt.
630 2768 759 2841 Pergunt
777 2761 848 2818 Edd.
871 2767 899 2820 S.
912 2767 953 2823 E.
968 2782 1056 2835 ,quum
1075 2767 1256 2836 disputati
1261 2785 1296 2821 o·

138 2853 212 2891 uem
239 2846 268 2890 et
293 2838 335 2891 sic
360 2837 418 2892 MS.
444 2839 476 2890 in
500 2855 591 2911 marg.
611 2835 675 2889 Asc.
700 2847 813 2889 nostrae
832 2839 857 2891 2.
885 2837 952 2891 cod.
973 2837 1046 2911 Aug.
1071 2837 1156 2890 habet
1183 2838 1224 2890 tui
1240 2856 1295 2907 pro
1342 2875 1344 2877 -

101 2921 104 2925 ’
138 2913 208 2962 tuus.
231 2907 304 2962 Gud.
323 2910 423 2974 Brute,
443 2909 594 2963 avunculus
612 2913 684 2959 tuus.
704 2907 791 2960 Marb.
812 2907 922 2960 omittit
940 2907 1037 2961 Brute.
1072 2908 1128 2961 Sed
1146 2908 1208 2960 noli
1227 2908 1295 2963 inde

112 2974 115 2982 '
138 2979 250 3032 nomini
269 2977 359 3040 litem,
370 2975 497 3033 movere.
533 2979 577 3031 Ad
599 2996 662 3032 rem
679 2979 850 3030 Beroaldus:
878 2978 969 3043 „Cato
989 2977 1132 3031 Uticensis
1151 2979 1295 3053 significa-

137 3057 197 3114 tur,
229 3067 314 3121 quem
332 3050 462 3103 omnium
480 3050 624 3104 virtutum
642 3057 791 3105 auctorem
809 3057 904 3101 vocat:
935 3048 985 3118 qui
1003 3049 1035 3099 in
1057 3049 1141 3101 libris
1160 3049 1193 3103 de
1211 3045 1294 3101 Fini·

137 3119 188 3172 bus
216 3116 353 3173 disserens
383 3120 462 3173 nihil
486 3129 603 3191 praeter
629 3120 770 3172 virtutem
796 3119 829 3170 in
854 3117 937 3171 bonis
955 3118 1115 3182 ducendum
1133 3128 1237 3173 censet.
1259 3147 1293 3158 -

137 3191 221 3242 Hunc
238 3193 313 3243 miro
331 3191 422 3245 laudis
439 3191 593 3262 praeconio
612 3189 698 3243 effert
716 3192 856 3256 Lucanus,
887 3189 1007 3259 dequo
1033 3190 1064 3242 in
1083 3190 1112 3246 11
1129 3191 1292 3247 Pharsaliae

137 3261 285 3336 eleganter
302 3263 404 3315 scribit
423 3270 452 3316 et
470 3251 502 3313 iu
520 3261 567 3314 tx.
591 3262 702 3314 dictum
720 3270 776 3314 est:

301 3333 371 3386 Ecce
387 3348 493 3401 parens
511 3348 592 3387 verus
607 3330 732 3402 patriae,
759 3329 944 3404 dignissimus
962 3329 1034 3400 arie,

300 3402 400 3468 Romu,
422 3403 485 3456 tuis.

138 3499 170 3510 -·
188 3473 253 3537 Hic,
272 3474 369 3596 inssuit
387 3473 590 3542 Quintilianus,
619 3472 677 3528 uisi
695 3471 819 3526 creditur
836 3471 927 3539 fuisse
946 3472 1067 3541 sapiens,
1092 3472 1141 3526 oix
1167 3473 1224 3528 reio
1244 3473 1303 3528 cui·

136 3543 284 3613 reliquerit
327 3547 391 3598 uiue
409 3545 529 3599 nominis
553 3545 673 3597 Iocum.“
707 3543 854 3608 „Sustulit
880 3544 954 3596 hanc
978 3545 1186 3600 dubitationem
1209 3546 1291 3612 Cato,

137 3613 187 3682 qui
205 3631 263 3667 non
274 3611 364 3669 'inodo
382 3616 414 3667 in
433 3625 493 3669 tota
510 3616 571 3667 vita
595 3616 736 3667 virtutem
761 3614 988 3668 constantissime
1013 3615 1115 3682 coluit,
1146 3617 1195 3669 sed
1213 3634 1290 3669 mor-

135 3692 196 3736 tem
214 3684 371 3738 fortissime
385 3687 466 3750 obiit,
485 3685 722 3747 cum‘iudicasset
739 3686 792 3738 sibi
812 3687 869 3738 iam
889 3703 904 3740 e
922 3686 982 3738 vita
1001 3686 1195 3739 excedendum
1214 3705 1287 3739 esset

135 3754 211 3822 quod
235 3765 265 3809 et
292 3757 391 3826 ipsum'
413 3757 495 3820 fecit,
521 3755 602 3829 prius
629 3774 661 3809 re
685 3773 751 3808 cum
769 3756 870 3820 doctis,
898 3757 950 3826 qui
969 3775 1034 3810 eum
1052 3757 1145 3810 secuti
1163 3759 1287 3820 fuerant,

134 3825 260 3878 multum
278 3834 307 3878 et
325 3825 375 3876 diu
393 3826 544 3895 disputata,
571 3835 604 3878 ut
620 3826 789 3879 Plutarchus
808 3825 957 3896 scripsit.“
983 3827 1059 3878 Com.

205 3897 294 3951 Quam
318 3894 517 3949 dubitationem
548 3898 698 3950 avunculus
730 3897 811 3962 tuus]
850 3896 950 3948 lntelli
972 3896 996 3947 it
1024 3893 1124 3946 Cicero
1152 3893 1299 3944 Catonem-

108 3996 113 4005 ·
133 3965 309 4032 Uticensem,
328 3984 454 4020 surmnae
472 3967 647 4021 constantiae
665 3967 777 4018 virum:
808 3968 834 4019 ie
853 3967 932 4018 enim
950 3913 1100 4025 §erviliae
1128 3960 1211 4012 Bruti
1230 3977 1289 4043 ma-

133 4036 197 4101 tris,
225 4040 318 4092 frater
342 4047 404 4099 erat
426 4035 567 4090 uterinus.
603 4036 674 4089 Vide
691 4034 881 4089 Plutarchum
903 4033 936 4090 in
955 4033 1061 4086 Catone
1080 4047 1108 4100 p.
1129 4031 1189 4085 ⁷59.
1209 4038 1238 4082 et
1256 4047 1288 4084 ιιι

132 4107 222 4162 Bruto
268 4146 274 4160 .
295 4112 357 4165 984.
394 4108 432 4164 D.
601 4153 604 4156 Α
777 4132 781 4136 ,

205 4127 276 4248 uude
288 4181 390 4235 cudere
408 4180 438 4234 iu
451 4173 594 4247 ¹homiuem
610 4175 745 4249 permut]
765 4174 851 4227 Codd.
864 4171 936 4232 Gud·
954 4176 976 4231 1·
998 4169 1085 4224 ΗΘΜ·
1108 4169 1171 4242 (qui
1186 4174 1287 4226 cadere

132 4250 216 4320 ponit
234 4259 298 4305 ante
315 4251 437 4320 possent)
456 4258 486 4304 et
502 4249 557 4303 duo
567 4247 636 4301 Oxx.
658 4249 696 4319 in,
707 4243 852 4297 homine.
875 4242 943 4296 Cod.
956 4243 1045 4301 Marb.
1064 4243 1149 4298 habet
1165 4245 1284 4314 possint.

131 4323 170 4376 In
186 4320 253 4377 cod.
273 4322 348 4376 Gud.
371 4329 395 4379 l.
415 4338 468 4393 pro
487 4318 565 4375 iubet
583 4337 600 4371 a
618 4336 663 4390 pr.
683 4334 722 4369 m.
747 4323 789 4374 est
807 4311 914 4371 iubent.
953 4315 1013 4368 Mr.
