2856 5084
556 273 832 368 ⁴nunnuvns.
1212 274 1274 353 τιν

133 442 265 525 quidem
287 449 379 503 recto
400 442 451 503 uti
472 441 783 525 possum-nsqmulto
805 438 879 500 cibo
901 447 935 501 et
949 441 1084 520 potione
1099 438 1275 521 completil

134 530 191 588 Est
216 525 384 607 praeclara
412 523 550 603 epistola
578 522 724 583 Platonis
759 520 801 583 ad
833 523 954 583 Dionis
983 524 1201 604 propinquos:
1239 526 1276 584 in
1385 552 1392 562 ·

133 629 196 688 qua
217 604 378 687 scriptum
401 614 450 665 cst
471 605 521 664 his
543 607 615 665 fere
635 605 763 666 verbis:
798 605 866 676 Quo
888 624 985 687 quum
1014 608 1175 683 venissem,
1206 608 1276 668 nito

131 691 201 764 illa,
224 690 316 751 beatu
337 708 418 769 quae
444 685 621 767 ferebatur,
649 686 744 766 plena
760 686 949 749 'Italicarum
970 685 1276 772 Syracusiarumque

129 770 420 850 mensarum‚¹nullo
441 771 530 831 modo
551 768 627 832 milti
644 770 785 849 placuit:
814 769 864 831 bis
891 773 925 832 in
947 769 998 832 elie
1024 779 1166 831 saturum
1193 771 1278 852 fieri,

152 900 242 909 ...η-,-

201 976 251 1028 Ilst
267 975 418 1043 praeclara
437 971 557 1039 epistola
575 970 714 1036 Platonis]
732 973 813 1025 Unus
829 955 877 1026 Ox.
896 945 925 1026 st
941 988 995 1041 pro
1006 979 1063 1033 est.
1088 973 1142 1024 Pro
1161 969 1280 1039 epistola

132 1046 206 1099 Gud.
226 1052 251 1101 l.
278 1046 365 1097 habet
383 1044 507 1112 epistula.
545 1045 598 1095 Est
614 1042 684 1095 haec
704 1042 823 1112 epistola
842 1045 873 1094 in
891 1043 1054 1108 Platonicis,
1082 1060 1150 1113 quas
1168 1043 1279 1106 dicunt,

131 1119 263 1187 septima,
283 1133 369 1186 quam
389 1115 541 1188 genuinam
561 1114 737 1166 existimasse
756 1113 926 1167 Ciceronem
943 1121 1068 1184 apparet.
1107 1113 1181 1179 Quid
1198 1112 1280 1164 nobis

131 1189 166 1240 de
185 1189 221 1239 iis
239 1184 419 1239 statuendum
437 1186 476 1236 sit
495 1185 635 1252 epistolis,
662 1185 780 1254 optime,
804 1193 838 1236 ut
854 1185 972 1237 videtur
990 1186 1077 1238 etiam
1094 1183 1213 1248 Orellio‚
1233 1183 1281 1236 do·
1359 1190 1366 1203 ⁸

102 1314 103 1319 ,
132 1259 194 1310 cuit
221 1257 319 1309 Astius
347 1255 482 1318 (Ueber
510 1255 639 1308 Platon
665 1272 692 1324 p.
722 1258 783 1309 504.
811 1255 874 1324 sq.)
909 1256 1022 1307 Habent
1045 1255 1132 1324 codd.
1161 1254 1278 1326 Gunn

77 1378 80 1385 ,
132 1328 228 1380 Duisb.
249 1327 411 1381 GudMon.
430 1333 453 1382 l.
484 1324 646 1390 Dionisii,
665 1332 724 1378 tres
743 1325 813 1378 Oxx.
833 1325 996 1396 Dionysii,
1015 1344 1088 1391 unus
1106 1323 1279 1394 Diogenis.

132 1399 175 1451 De
193 1398 338 1465 hocloco,
366 1405 432 1449 uta
452 1397 590 1450 Cicerone
608 1412 666 1447 non
683 1397 768 1464 plane'
787 1405 919 1450 accurate
944 1414 979 1449 ex
998 1397 1115 1450 Graecis
1133 1410 1281 1460 converso,

132 1470 266 1540 loquitur
291 1468 435 1519 Victorius
456 1469 537 1519 Varr.
564 1468 657 1519 Lectt.
683 1466 735 1519 111.
761 1468 786 1520 8.
812 1483 839 1536 Ρ.
865 1468 908 1522 57.
925 1485 979 1536 sq.
1021 1470 1113 1522 Locus
1144 1465 1282 1535 epistolae

90 1594 93 1599 ,
132 1540 294 1593 Platonicae
312 1537 376 1590 vll.
397 1546 438 1589 est
455 1556 483 1607 Ρ.
503 1540 564 1593 326.
583 1537 610 1588 b.
631 1553 655 1590 c.
676 1536 774 1606 Steph.
796 1537 877 1590 Conf.
898 1536 1067 1608 Alciphron.
1087 1535 1140 1589 111.
1157 1539 1199 1592 51.
1218 1550 1284 1606 pro.

131 1615 185 1664 Pro
212 1608 256 1662 iis
278 1610 338 1674 fere
363 1609 473 1682 legitur
494 1608 508 1660 i
515 1608 559 1674 is¹
576 1611 637 1674 fere
662 1607 924 1673 incod'.ll10n.2;
948 1607 1020 1661 liis
1048 1610 1107 1674 fere
1133 1607 1166 1658 in
1183 1607 1280 1664 Duisb.

132 1683 208 1734 Voce
228 1679 508 1748 Quo-Syracusarum
530 1678 631 1730 urbem
655 1695 712 1730 esse
738 1678 835 1730 intelli
859 1679 959 1731 endam
983 1679 1068 1730 facile
1093 1678 1280 1752 intelligitur.

132 1753 198 1875 ls’pod
217 1749 353 1876 npnisqqm
381 1768 454 1802 unus
481 1750 533 1803 Ox.
556 1749 644 1804 babet
670 1749 798 1806 uenisset.
868 1765 904 1802 ox
935 1751 1019 1818 plenu
1049 1749 1127 1802 deest
1154 1749 1186 1800 in
1212 1747 1280 1806 Cod.

160 1840 207 1872 u.
246 1858 252 1873 .
326 1836 351 1872 r.

206 1910 262 1963 Qun
281 1910 339 1958 cum
354 1909 491 1974 venissem,
511 1907 570 1960 nita
587 1908 640 1961 illa
659 1907 749 1976 beata]
773 1909 882 1964 Graeca
901 1910 944 1962 sic
962 1927 992 1962 se
1009 1908 1132 1964 habent:
1151 1909 1283 1960 Ἐλθόντων

132 1979 164 2034 <ll
180 1996 218 2044 με
235 1975 250 2030 ὁ
269 1981 353 2048 ταύτῃ
379 1981 527 2048 λεγόμενος
552 1976 586 2034 αὖ
609 1985 668 2043 βίος
694 1978 844 2050 εὐδαίμων,
862 1981 1045 2032 Ἰταλιωτικῶν
1072 1999 1100 2032 τε
1122 1981 1169 2030 καὶ
1192 1981 1283 2046 Συρα·

132 2056 252 2104 κουσίων
273 2051 417 2120 τραπεζῶν
442 2052 550 2119 πλήρης,
575 2047 692 2121 ὀὐδαμῆ
717 2049 845 2117 οὐδαμῶς
868 2044 958 2118 ἤρεσε,
987 2050 1030 2108 δίς
1057 2069 1085 2103 τε
1109 2057 1156 2118 τῆς
1179 2043 1284 2120 ἡμέρας

133 2118 339 2188 ἐμπιπλάμενον
358 2127 419 2187 ζῇν,
438 2125 485 2173 sal
501 2119 830 2191 uqilnors‘uorpoiusrnr
847 2123 938 2194 μόνον
955 2121 1071 2188 νύκτωρ,
1090 2125 1136 2173 καὶ
1155 2120 1208 2173 ὅσα
1222 2123 1285 2173 τού-

132 2208 188 2244 των
206 2191 406 2260 ἐπιτηδεύματα
426 2191 565 2250 ξυνέπεται
584 2196 637 2245 τῶν
653 2196 731 2258 βίων.
752 2191 836 2266 (leeg.
856 2191 941 2258 τούτῳ
961 2224 992 2234 -
1013 2194 1049 2258 τῷ
1066 2198 1128 2259 βίῳ,
1155 2198 1189 2242 ut
1208 2191 1285 2244 vidit

135 2262 171 2314 H.
192 2261 354 2333 Stephanus
373 2263 441 2314 Lex.
463 2262 556 2315 Cicer.
577 2280 641 2335 pag.
662 2266 705 2319 41.
726 2271 755 2315 et
778 2264 820 2315 ita
839 2271 919 2315 recte
939 2261 1077 2313 scribitur
1100 2259 1175 2330 apud
1193 2259 1285 2312 Athe·

132 2350 236 2388 naeum
255 2331 305 2386 lib.
326 2332 390 2385 XII.
411 2349 476 2406 pag.
499 2332 572 2397 527.)
591 2329 620 2382 in
637 2333 691 2400 quiq
711 2326 816 2385 τούτων
834 2340 890 2385 των
910 2329 985 2384 ἐθῶν
1008 2332 1066 2384 οὔτ’
1086 2329 1121 2385 ἂν
1148 2330 1286 2401 φρόνιμος

132 2401 224 2460 οὐδείς
248 2419 315 2454 ποτε
338 2405 544 2470 pariebantur
569 2400 625 2453 ὑπὸ
650 2403 700 2453 τὸν
722 2401 842 2472 οὐρανὸν
868 2397 1026 2471 ἀνθρώπων
1050 2400 1080 2455 ἐκ
1104 2401 1169 2454 νέου
1195 2397 1286 2466 ἐπιτη-

85 2512 93 2516 -
134 2473 226 2525 asans
244 2466 368 2537 (lirano,
388 2469 447 2524 αὖθ’
468 2472 555 2532 οὕτως
572 2473 717 2544 θαυμαστῇ
736 2467 818 2540 φύσει
835 2472 1014 2541 κραθήσεται·
1038 2467 1158 2542 σώφρων
1176 2471 1208 2525 δὲ
1228 2470 1287 2525 οὐδ’
1376 2490 1379 2499 ’

132 2542 170 2594 ἂν
187 2537 318 2610 μελλήσαι
334 2543 377 2604 (in
396 2542 544 2614 Athenaeo
562 2543 689 2609 pelicag,
715 2545 814 2616 forsan
832 2545 890 2618 leg.
909 2538 1036 2610 pelliani)
1055 2561 1122 2598 ποτε
1142 2542 1283 2614 γενέσθαι.

131 2613 242 2672 Extant
260 2615 290 2665 in
309 2612 435 2672 Platonis
454 2612 549 2682 Epist.
566 2611 629 2663 vn.
648 2630 715 2686 pag.
736 2616 795 2669 712.
834 2613 871 2670 D.
1176 2650 1178 2655 .
1255 2647 1258 2656 .

204 2700 373 2762 italicar-um
395 2700 661 2770 Syracusiarumque
688 2700 873 2767 mensarum]
909 2703 1005 2767 „Non
1029 2702 1283 2771 Syracusanorum,

132 2780 167 2824 ut
184 2772 284 2846 vulgo,
304 2770 395 2825 edidit
411 2772 570 2835 Victorius,
598 2773 770 2840 praeferunt
793 2773 865 2825 Pall.
886 2781 954 2826 tert.
982 2782 1077 2840 quart.
1102 2775 1185 2832 Fabr.
1205 2774 1286 2827 Vati·

134 2840 327 2906 cantarat.
365 2841 419 2894 Est
442 2842 700 2911 Syracusanumque
722 2844 754 2894 in
778 2843 831 2896 Ed.
858 2845 887 2895 P.
917 2845 949 2895 in
975 2845 1068 2906 tribus
1095 2845 1168 2896 Oxx.
1194 2845 1284 2896 Marb.
1340 2854 1342 2858 ’

132 2915 210 2964 Mon.
229 2914 254 2966 2.
276 2911 366 2976 (sir.)3
400 2912 703 2981 Syracusanaramque,
729 2913 760 2964 in
778 2914 863 2966 Vind.
887 2917 909 2965 1.
933 2915 1008 2966 Mon.
1036 2920 1059 2969 1.
1087 2914 1168 2979 (Sir.)
1193 2913 1286 2967 tribus

133 2983 205 3034 item
223 2982 293 3034 Oxx.
318 2982 391 3034 Edd.
417 2981 541 3052 reliquis
566 2993 632 3038 ante
657 2981 747 3040 Gebh.
773 2984 899 3052 exceptis
917 2985 950 3048 V.
975 2983 1045 3036 Rob.
1072 2983 1170 3054 Steph.
1198 2983 1285 3053 Leod.

133 3054 174 3106 Et
192 3053 312 3120 scripsit
332 3052 391 3106 cic.
412 3052 803 3120 Syracusanismensisde
821 3055 886 3109 Fin.
907 3055 945 3107 11.
964 3056 1008 3110 28.
1026 3056 1071 3110 9².
1108 3055 1215 3121 „Quod
1242 3051 1286 3106 ‹ti-
1330 3119 1331 3122 Ἴ

135 3124 177 3176 cit
194 3123 370 3189 Italicarum,
390 3140 448 3175 non
466 3123 501 3175 ad
520 3123 663 3175 Italorum
683 3125 821 3188 omnium,
849 3124 899 3180 sed
923 3126 958 3178 ad
976 3124 1180 3194 Sybaritarum
1206 3142 1287 3179 men-

134 3211 178 3260 sas
199 3200 318 3261 spectat,
338 3194 409 3245 luxu
430 3201 459 3246 et
477 3193 604 3246 mollitia
631 3195 769 3314 insiqnes.
810 3195 902 3262 Quare
920 3195 1129 3264 Aristophanes
1151 3199 1188 3249 in
1206 3199 1286 3270 frag-

134 3271 242 3326 mento,
263 3264 339 3333 quod
358 3264 484 3318 servavit
502 3262 665 3318 Athenaeus
708 3265 747 3316 11.
768 3268 795 3322 6.
815 3267 923 3341 iungit,
941 3275 975 3317 ut
993 3267 1083 3332 Plato,
1101 3270 1286 3335 Συρακοσίων

136 3337 280 3400 τραπέζας,
299 3328 484 3404 Συβαρίτιδὰς
501 3338 524 3387 τ’
543 3337 671 3402 εὐωχίας.
708 3335 791 3388 Unde
811 3345 909 3389 ortum
933 3344 995 3388 erat
1022 3338 1211 3405 proverbium
1230 3336 1286 3405 Sy·

133 3404 255 3458 baritica
278 3423 384 3459 mensa.
401 3445 403 3448 >
420 3404 542 3475 Reliqua
568 3407 631 3459 fers
655 3407 750 3457 omnis
768 3405 852 3459 Italia
877 3407 989 3530 fruqqli
1016 3407 1098 3459 victu
1115 3407 1286 3461 utebatur.“

133 3473 222 3525 Boni.
258 3476 331 3538 „Gi
352 3476 531 3530 Athenaeum
551 3476 573 3528 1.
594 3493 623 3544 Ρ.
643 3478 688 3538 25.
709 3493 733 3528 c.
753 3476 933 3530 Mitscherlic
958 3515 964 3528 .
985 3476 1020 3529 ad
1038 3475 1137 3529 Horat.
1159 3478 1209 3529 0d.
1232 3476 1284 3532 111.

133 3549 159 3598 1.
179 3548 221 3600 18.
244 3546 394 3599 Heindorf.
415 3546 450 3599 ad
468 3545 577 3598 Platon.
598 3547 685 3614 Hipp.
706 3548 771 3611 maj.
791 3545 812 3611 i.
832 3552 857 3604 9.
877 3547 1003 3600 Allatius
1022 3555 1052 3600 et
1071 3547 1160 3604 Orell.
1181 3547 1216 3601 ad
1232 3545 1284 3599 So-

133 3623 205 3668 crat.
224 3616 319 3682 Epist.
339 3635 368 3686 p.
391 3617 471 3671 176.“
490 3613 602 3684 Seleuci.
639 3617 711 3670 And.
727 3617 845 3671 ‘Erasini
865 3627 893 3671 et
911 3618 961 3671 all.
981 3618 1089 3693 Adagia
1107 3636 1136 3688 p.
1156 3613 1218 3676 446.
1240 3616 1283 3687 etl.

132 3682 270 3738 Wechel.
296 3686 328 3742 in
346 3688 449 3754 primis
466 3704 494 3756 Ρ.
514 3690 575 3742 460.
601 3689 650 3740 ubi
674 3687 708 3740 de
727 3688 887 3757 Sybaritica
903 3705 1014 3751 mensas
1038 3708 1066 3759 Ρ.
1087 3693 1148 3746 461.
1176 3692 1211 3744 de
1231 3690 1285 3760 Sy-

133 3769 273 3806 racusana
297 3770 408 3819 mensa„
430 3757 550 3811 Zenobii
567 3759 703 3817 Proverb.
723 3760 755 3812 V.
778 3762 821 3815 87.
840 3778 868 3829 Ρ.
892 3764 950 3817 148.
980 3761 1023 3814 ed.
1044 3759 1155 3814 Schott.
1179 3760 1285 3833 Dioge-

133 3825 211 3877 nian.
232 3823 315 3876 Prov.
335 3826 357 3877 1.
378 3829 403 3880 2.
422 3844 451 3894 p.
472 3831 531 3882 175.
553 3829 631 3884 VIII.
651 3832 676 3881 7.
696 3833 796 3897 Ρ.149.
817 3831 951 3884 Proverb.
969 3839 1055 3883 metr.
1077 3833 1155 3886 1147.
1177 3829 1283 3883 Zenob.
1360 3879 1362 3882 .

135 3896 179 3947 Pr.
200 3897 232 3946 V.
252 3897 295 3950 94.
323 3913 353 3964 Ρ.
375 3900 425 3951 149
444 3914 485 3964 sq.
516 3898 600 3954 Prov.
628 3917 664 3950 ex
688 3897 1061 3968 suid.X11.1oo.p.5sr.
1088 3900 1171 3950 Prov.
1198 3907 1283 3951 metr·

134 3968 213 4021 1149.
236 3996 268 4006 -
288 3967 342 4017 Pro
361 3981 517 4018 mensarum
536 3969 603 4019 Cod.
625 3969 695 4021 Gud.
709 3975 730 4022 1.
750 3970 837 4022 habet
855 3985 1021 4023 mensuram.
1048 3969 1194 4023 Omittunt
1211 3967 1283 4021 milti

136 4036 224 4090 codd.
246 4035 336 4090 Rehd.
358 4035 431 4090 Gud.
451 4036 504 4088 Ed.
524 4038 553 4088 P.
575 4037 644 4090 (lod.
665 4039 741 4092 Gud.
761 4043 787 4094 2.
806 4039 892 4092 habet
909 4043 972 4105 fore
989 4056 1043 4108 pro
1062 4037 1134 4103 fieri.
1173 4039 1232 4091 Mr.

206 4107 249 4159 tis
277 4109 307 4160 in
330 4108 376 4160 elie
406 4112 531 4158 saturum
557 4108 632 4173 fieri]
669 4110 713 4161 Ad
740 4126 803 4160 rem
834 4111 871 4161 cf.
895 4109 1048 4177 Dausquej.
1077 4107 1112 4160 ad
1138 4105 1190 4162 Sil.
1216 4107 1282 4160 Ital.

135 4194 162 4246 Ρ.
183 4179 243 4232 448.
264 4178 307 4229 ed.
328 4177 417 4229 Paris.
440 4181 516 4233 1618.
537 4180 561 4230 4.
580 4177 642 4245 ΙΑ(1
660 4195 737 4247 seqq.
758 4177 1006 4234 Pseudo-Sallust.
1031 4180 1066 4231 de
1085 4178 1154 4248 Rep.
1174 4177 1236 4231 ord.
1257 4178 1281 4230 1.

135 4251 161 4302 8.
182 4250 214 4301 2:
241 4247 283 4299 bis
307 4249 352 4302 die
376 4255 497 4300 ventrem
516 4263 642 4313 onerare,
671 4248 776 4301 nullam
795 4256 901 4302 noctem
925 4249 990 4303 sine
1013 4257 1105 4303 scorto
1123 4250 1283 4318 quiescere.-

136 4317 186 4368 ubi
205 4315 261 4367 vid.
282 4318 408 4384 Curtius,
427 4320 479 4387 qui
497 4327 526 4372 et
544 4326 677 4371 nostrum
695 4319 791 4373 locum
809 4320 947 4372 adhibuit.
974 4348 1007 4358 -
1037 4320 1071 4376 ln
1096 4319 1165 4374 cod.
1183 4320 1281 4374 Duisb.

136 4387 279 4456 scriptum
307 4398 350 4442 est
375 4405 460 4458 neque
479 4405 532 4460 pro
555 4395 623 4455 ἀισι
651 4391 682 4442 in
699 4393 774 4443 Mon.
796 4396 820 4446 1.
839 4397 1005 4459 pernoctare
1022 4391 1179 4458 solitumJ
1203 4391 1283 4448 idem
