2856 5084
216 263 278 330 ata
413 256 644 323 CICERONIS
666 256 911 326 TUSCULAN.
940 259 1170 328 olsrtt'rs‘r.

215 423 267 492 tos
293 445 395 490 annos
424 434 559 488 nostrae
586 424 677 486 domi
699 427 805 488 vixit:
837 428 866 493 is
893 446 987 506 vero,
1019 428 1109 510 quod
1130 427 1293 493 credibile
1314 434 1373 496 vix

216 519 312 590 esset,
340 529 438 590 quum
476 511 511 569 in
549 508 764 592 philosophia
802 509 909 571 multo
944 512 1044 572 etiam
1082 514 1187 599 magis
1226 513 1374 595 assidue,

215 699 287 770 quin
305 696 396 750 fuerit
418 696 505 751 homo
530 697 662 749 literatus
686 695 846 766 vixeritque
871 696 903 749 in
920 696 1047 751 literis.“
1082 699 1188 773 „Regii
1207 700 1292 754 Codd.
1312 719 1373 758 non

216 769 355 822 recedunt
372 786 388 821 a
406 769 523 843 vulgata
540 769 664 821 lectione
682 766 823 822 ridebat.“
842 766 912 820 Lali.
948 769 1043 835 „Mihi
1061 770 1221 845 vulgatum,
1248 773 1373 845 ridebat,

215 841 321 894 melius
342 848 370 892 et
389 840 547 913 elegantius
566 839 683 890 videtur
701 839 735 890 de
755 837 876 891 Caeco.“
896 839 963 892 Bra.
994 841 1073 892 Unus
1093 859 1128 893 ex
1147 841 1233 894 Codd.
1253 849 1373 913 nostris,

211 911 312 974 Marb,
339 929 356 962 a
372 911 497 964 Bentleii
515 910 642 979 partibus
661 917 732 962 stat:
764 909 813 961 sed
839 926 934 978 neque
957 911 1084 963 Bentleii
1106 914 1242 978 rationes,
1276 933 1373 986 neque

213 983 326 1035 tantula
351 981 433 1033 istius
459 983 529 1034 libri
552 980 716 1045 auctoritas,
735 995 922 1049 *permovere
946 995 997 1034 nos
1020 982 1123 1034 debent
1146 983 1181 1035 ad
1199 984 1374 1041 Ciceronem

213 1053 464 1121 corrumpendum.
500 1053 561 1105 Mr.

284 1123 402 1176 Videbat
420 1123 451 1176 iu
469 1123 581 1189 literis]
618 1122 731 1174 Pariter
749 1120 906 1191 Sophocles
930 1123 960 1174 in
979 1122 1076 1194 Oedip.
1095 1124 1224 1195 Tyrann.
1243 1145 1285 1180 vs.
1306 1131 1389 1185 eoo·

379 1227 411 1238 -
436 1193 507 1254 ὃςτις
531 1190 643 1254 imanis
664 1192 773 1263 κέρδεσι
820 1245 822 1248 .

377 1259 680 1328 nivernicam,
706 1259 755 1330 τὴν
773 1263 871 1332 τέχνην
888 1259 914 1318 0⁰
934 1264 986 1333 ἔφυ
1010 1265 1119 1337 τυφλός.

212 1337 273 1391 Hoc
292 1337 363 1390 olim
381 1337 495 1391 monuit
512 1338 572 1389 Pet.
591 1335 736 1388 Victorius
755 1336 820 1386 Var.
841 1337 920 1388 laect.
941 1336 995 1399 111,
1014 1339 1057 1392 20.
1095 1339 1131 1390 D.

283 1424 307 1459 c.
328 1410 372 1463 39.
410 1406 596 1468 Diodorus
615 1404 738 1470 Stoicus]
776 1406 938 1470 „Diodotus
955 1408 1090 1461 Veneti.“
1109 1409 1253 1463 Camerar.
1292 1413 1372 1468 lase-

211 1478 255 1531 dit
272 1478 411 1547 pleraque
439 1477 535 1530 omnia
559 1477 735 1546 exemplaria
759 1477 921 1545 scripturae
944 1476 1021 1530 labes
1048 1480 1080 1531 in
1098 1479 1184 1532 huius
1201 1481 1370 1554 philosophi

212 1549 339 1612 nomine,
358 1549 410 1617 qui
428 1548 570 1601 Diodorus
588 1548 692 1616 passim
711 1546 831 1620 legitur,
850 1564 917 1599 cum
929 1546 1068 1602 Diodotus
1086 1549 1216 1603 debeat.“
1234 1551 1370 1623 Sytburg.

282 1619 467 1672 Diodotus
483 1618 592 1672 Stoicus
609 1616 729 1682 caecus,]
762 1618 823 1682 „Ut
841 1619 987 1673 Victorius
1007 1629 1036 1673 et
1054 1622 1182 1673 Larnbin.
1205 1623 1371 1690 ediderunt,

212 1691 434 1760 exprimendum
453 1689 536 1742 duxi:
558 1689 625 1758 quia
644 1689 686 1740 sic
705 1703 819 1757 quoque
838 1689 920 1745 Fabr.
939 1690 1058 1747 Palatin.
1078 1709 1144 1743 nam
1164 1696 1278 1747 secund.
1297 1697 1372 1751 Dio·

212 1763 304 1814 todus.
341 1761 436 1833 Vulgo
455 1758 631 1814 Diodorus.“
650 1759 731 1812 Gebb.
752 1759 808 1822 „ln
820 1760 891 1811 Ven.
911 1763 989 1816 1491.
1010 1761 1132 1815 Froben.
1153 1763 1277 1834 aliisque
1295 1777 1370 1822 vett.

210 1849 365 1902 perperam
384 1831 494 1954 leqitur
511 1830 695 1883 Diodorus
717 1828 860 1882 Stoicus.“
884 1831 955 1884 Dav.
984 1832 1037 1884 Ed.
1058 1837 1084 1887 1.
1104 1859 1137 1871 -
1174 1833 1218 1887 Jo.
1240 1837 1371 1892 Valentis

128 1943 130 1946 ⁴
210 1904 243 1954 in
262 1903 419 1971 Compendi
434 1919 479 1970 oq.
504 1918 532 1970 p.
554 1903 606 1956 219
630 1900 709 1953 hunc
736 1901 832 1953 locum
856 1901 897 1954 ita
922 1901 1009 1955 habet
1026 1904 1181 1974 scriptum:
1209 1906 1371 1972 „Diodotus

211 1972 276 2041 [sic]
295 1973 414 2042 Stoycus
431 1987 529 2026 caecus
547 1974 654 2042 mattos,
666 1985 754 2025 anuos
766 1971 848 2035 aicit,
868 1987 929 2024 cum
942 1972 972 2025 iu
985 1970 1161 2043 pbilosopbic
1175 1979 1370 2049 multomagis
1420 1972 1424 1981 ’

210 2061 287 2113 quam
305 2051 389 2098 antea
407 2049 576 2098 versaretur.
614 2043 670 2096 Cui
694 2059 756 2094 cum
778 2043 846 2096 libri
871 2049 963 2096 noctes
987 2051 1014 2096 et
1032 2045 1094 2098 dies
1111 2049 1279 2115 legerentur,
1303 2069 1372 2118 geo·

209 2116 330 2168 metriae
348 2131 445 2168 uranus
464 2116 599 2177 tuebatur,
618 2114 710 2166 verbis
726 2112 902 2180 praecipiens
921 2114 1100 2182 discentibus,
1127 2117 1199 2169 uude
1218 2122 1369 2188 quamlibet

210 2186 314 2242 tineam
332 2186 492 2240 scriberent.
528 2185 651 2237 Ibidem:
679 2183 875 2250 Asclepiadem
898 2185 1003 2249 ferunt,
1030 2203 1084 2241 nou
1108 2186 1260 2254 ignobilem
1276 2190 1371 2260 pbilo-

210 2257 336 2325 sopb'um,
354 2256 533 2326 respondisse
553 2255 707 2324 quaerenti,
740 2255 810 2322 quid
833 2255 888 2308 sibi
905 2256 1052 2320 attulisset
1068 2258 1199 2324 coecitas,
1225 2269 1256 2314 ut
1270 2280 1369 2330 puero,

209 2328 311 2398 inquit,
330 2345 383 2382 uno
401 2323 471 2381 esset
490 2327 654 2381 comitatior.
682 2324 791 2378 Ibidem
809 2325 844 2378 de
857 2326 1025 2380 Democrito
1042 2330 1159 2398 privato
1176 2330 1370 2390 luminibus.“

209 2400 329 2452 Probam
347 2400 473 2451 nominis
497 2396 619 2451 Diodoti
642 2396 831 2466 scriptionem
854 2396 962 2451 habent
990 2398 1075 2452 Codd.
1104 2401 1173 2473 Reg.
1201 2401 1276 2460 Gud.
1297 2409 1322 2459 l.
1343 2409 1369 2460 2.

209 2470 300 2524 Hehd.
322 2469 395 2523 Gud.
416 2468 514 2520 Duisb.
533 2467 616 2523 Vind.
638 2471 661 2521 1.
682 2469 708 2520 2.
728 2471 802 2521 Mon.
816 2473 842 2523 l.
858 2471 883 2522 2.
904 2467 991 2521 Marb.
1011 2469 1072 2536 (hic
1089 2469 1257 2537 Diodotbus)
1274 2475 1371 2528 tribus

210 2544 282 2595 Oxx.
307 2540 379 2593 Edd.
404 2540 480 2591 Vict.
504 2539 572 2591 Rob.
602 2536 701 2606 Steph.
725 2538 823 2590 hamb.
850 2539 915 2592 Frc.
945 2539 1027 2597 Febr.
1054 2540 1146 2594 Gebh.
1169 2559 1258 2612 seqq.¹
1286 2547 1370 2599 Unus

210 2614 260 2666 Ox.
282 2613 442 2673 Deodorus‚
462 2609 572 2678 reliqui
589 2608 740 2664 Diodorus.
777 2611 883 2662 Vocem
901 2625 999 2664 caecus
1016 2610 1155 2663 omittunt
1173 2612 1228 2664 duo
1247 2615 1315 2670 Oxx.
1339 2627 1370 2670 et

210 2682 284 2736 Gud.
304 2685 330 2737 2.
369 2681 513 2747 Loquitur
531 2680 566 2731 de
585 2695 618 2730 eo
638 2677 698 2731 Cic.
718 2679 799 2731 Brut.
820 2684 864 2736 99.
884 2680 988 2737 Acadd.
1008 2680 1046 2734 ll.
1065 2681 1109 2736 36.
1138 2683 1173 2734 In
1184 2681 1250 2736 God.
1264 2685 1367 2739 Duisb.

210 2759 253 2807 est
271 2766 360 2806 annos
377 2750 479 2803 multos
503 2758 533 2802 et
551 2767 636 2819 supra
660 2749 712 2800 lin.
731 2766 791 2817 per.
829 2751 890 2808 Mr.

280 2841 419 2895 Diodotus
437 2837 565 2904 Stoicus]
601 2838 671 2890 Eius
693 2839 797 2908 passim
821 2839 959 2893 meminit
977 2839 1088 2898 Cicero.
1124 2841 1234 2896 Auctor
1251 2843 1335 2898 Dialo
1358 2848 1369 2899 i

210 2915 246 2967 de
265 2915 374 2966 Orator.
396 2928 455 2980 cap.
476 2915 518 2966 39.
549 2910 650 2962 Cicero
668 2912 761 2962 refert
785 2926 815 2963 se
830 2911 910 2980 ,apud
928 2913 1058 2968 Quintum
1075 2914 1202 2970 Mucium
1220 2916 1265 2968 ius
1283 2865 1369 2971 eiusde

171 3031 179 3046 ,
211 2984 362 3045 didicisse3
383 2982 457 3050 apud
475 2980 619 3036 Philonem
637 2980 846 3044 Academicum,
863 2983 940 3048 apud
955 2982 1112 3036 Diodorum
1125 2985 1254 3037 Stoicum
1274 3002 1369 3042 omnes

208 3051 402 3124 pbilosopbiae
418 3060 513 3120 partes
529 3051 643 3119 penitus
659 3049 796 3104 hausisse.
834 3052 957 3106 Omnino
975 3052 1041 3128 lege
1058 3054 1214 3107 Diodotum
1231 3055 1366 3117 Stoicum.

209 3126 340 3195 Respicit
358 3124 491 3197 egregius
510 3123 562 3175 ille
581 3123 708 3190 scriptor
725 3122 760 3174 ad
777 3123 869 3175 nostri
887 3121 1009 3176 Brutum
1028 3126 1173 3194 capp.‘89.
1193 3129 1236 3181 99.
1255 3128 1293 3181 D.

282 3193 358 3247 domi
379 3200 493 3247 nostrae
516 3192 613 3258 visit]
650 3189 725 3264 „Sic
751 3193 858 3248 rectius
885 3202 942 3245 vet.
969 3193 1038 3248 Cod.
1064 3195 1121 3247 Pal.
1148 3197 1275 3264 quintus,
1305 3199 1369 3267 ipss

210 3266 338 3365 Lambip.
359 3266 466 3388 quippe
484 3264 542 3317 Pal.
563 3270 657 3336 quart.
678 3270 789 3317 nostrae
808 3261 904 3315 domui
921 3261 1000 3315 uixit.
1038 3264 1133 3338 Vulgo
1156 3274 1268 3318 nostrae
1288 3267 1367 3323 domi

210 3336 308 3393 vixit‘
355 3336 437 3390 Geb.
851 3384 853 3387 ,

282 3412 398 3462 nostrae
423 3408 500 3462 domi
526 3407 617 3474 vixit]
653 3405 777 3460 Restitui
815 3405 951 3458 ristinum
969 3403 1124 3457 verborum
1144 3406 1283 3474 ordinem,
1303 3428 1367 3463 mu-

210 3488 303 3533 tatum
323 3499 337 3532 a
357 3478 447 3533 Gebh.
470 3478 544 3532 hell.
571 3480 641 3531 Ern.
661 3479 756 3534 Wolf.
806 3475 869 3528 cha.
890 3473 981 3528 Nobb.
1018 3475 1130 3528 Habent
1153 3484 1266 3532 nostrae
1290 3482 1367 3534 domi

211 3552 298 3604 Codd.
318 3552 388 3624 Reg.
418 3551 497 3615 (sine
517 3550 611 3615 dubio,
637 3566 702 3601 cum
726 3554 756 3600 et
773 3545 842 3598 Dav.
870 3545 909 3597 ita
935 3543 1056 3608 dederit,
1085 3554 1113 3599 et
1137 3547 1259 3601 habeant
1279 3551 1364 3609 Codd.

211 3622 302 3696 Regio
321 3621 480 3688 simillimi)
499 3622 573 3674 Gud.
595 3625 619 3675 1.
638 3613 976 3697 2·Rehd·(hi01{⁰mutl
1004 3616 1091 3697 blarb.
1117 3621 1192 3675 Mon.
1214 3623 1237 3673 1.
1257 3623 1283 3676 2.
1321 3623 1365 3674 Ad

212 3693 391 3746 locutionem
417 3695 456 3744 cf.
475 3693 535 3745 Cic.
554 3691 629 3745 Phil.
649 3689 687 3740 11.
707 3689 748 3742 19.
767 3687 817 3740 te:
844 3700 926 3737 curus
944 3684 1034 3750 domn
1062 3688 1096 3739 ad
1124 3689 1182 3740 Att.
1213 3692 1234 3742 l.
1265 3694 1307 3747 12.
1334 3696 1364 3748 3:

212 3763 290 3818 domi
311 3761 349 3816 ’0.
369 3763 516 3828 Caesaris3
543 3763 577 3814 ad
602 3760 710 3811 Famm.
730 3757 778 3808 lV.
804 3757 829 3809 ⁷.
848 3758 881 3810 4:
911 3755 1036 3808 Romane
1061 3764 1087 3810 et
1112 3760 1203 3814 domi
1224 3768 1308 3816 tuoe
1331 3795 1363 3807 -

211 3834 308 3889 malles
338 3833 452 3888 vicere?
471 3861 505 3872 —
524 3863 556 3875 -
593 3829 689 3882 Nonae
716 3823 804 3878 maris
827 3824 888 3896 siae
912 3826 1036 3895 periculo
1063 3834 1146 3883 tuae
1172 3832 1265 3884 domi
1294 3847 1365 3899 esse,

213 3922 305 3975 quam,
333 3922 393 3960 cum
420 3903 557 3975 periculo,
580 3896 747 3952 atienae?
783 3894 853 3948 Add.
874 3898 1001 3971 Herzog.
1029 3899 1062 3950 ad
1081 3900 1195 3953 Sallust.
1216 3903 1299 3955 Catil.
1319 3907 1363 3960 28.

128 4021 130 4025 .
211 3995 241 4049 p.
262 3979 321 4033 139.
350 3979 385 4030 ln
404 3993 482 4045 seqq.
503 3971 570 4027 Cod.
590 3967 704 4022 Guas.
725 3965 857 4018 exhibet:
876 3968 947 4038 quod
963 3968 1012 4021 oia
1030 3972 1223 4036 credibile3
1241 3974 1362 4030 Vindl.

212 4062 293 4118 quum
312 4043 528 4117 epbt'tocopbia,
546 4056 619 4092 unus
638 4039 687 4092 Ox.
708 4043 765 4090 tum
782 4040 795 4091 i
801 4055 819 4091 a
835 4036 881 4106 pit.
919 4038 962 4091 Ad
985 4047 1160 4094 structuram
1188 4061 1269 4111 quum
1288 4050 1366 4100 -et

213 4135 294 4188 quum
313 4151 346 4162 ..
366 4127 499 4187 quumque
516 4111 581 4163 vide
598 4108 684 4178 plane
702 4108 810 4160 similes
834 4111 865 4161 in
883 4111 965 4163 Verr.
985 4112 1018 4162 Α.
1039 4114 1076 4166 11.
1100 4114 1161 4166 Lib.
1184 4116 1218 4179 V,
1237 4118 1263 4180 4,
1283 4119 1308 4171 8.
1334 4117 1365 4168 in

213 4177 497 4254 cat,1‚13,'33.-·
532 4178 623 4233 Habet
641 4179 709 4238 Cod.
735 4181 818 4232 Vind.
842 4185 866 4235 1.·
890 4181 996 4246 magis,
1025 4199 1107 4252 quam
1125 4191 1217 4249 antea,
1241 4187 1363 4240 assidue.

211 4262 248 4316 ln
266 4262 338 4316 Hdd.
358 4259 390 4308 V.
412 4263 440 4306 et
457 4252 524 4306 Rob.
545 4250 645 4321 steph.
666 4259 707 4304 est
733 4267 810 4304 more
827 4249 1073 4322 Pythagoreorum,
1097 4256 1128 4306 in
1151 4271 1209 4307 uno
1233 4258 1283 4309 Ox.
1309 4255 1364 4327 11]-

213 4332 456 4400 tbagoraeorttm,
483 4323 513 4376 in
532 4324 607 4378 ltlon.
627 4327 652 4378 1.
681 4322 905 4392 Pitagoreorum.
944 4325 1060 4378 Omittit
1081 4325 1133 4378 ille
1152 4327 1202 4379 Ox.
1222 4333 1362 4390 uteretur3

213 4403 297 4459 Vind.
317 4403 341 4454 1.
361 4395 462 4450 habet:
482 4411 614 4467 mumque
632 4394 702 4450 libri
718 4402 809 4450 noctes
827 4395 863 4449 ei
880 4400 907 4449 et
926 4395 988 4450 dies
1006 4395 1078 4450 Gud.
1098 4399 1122 4452 2.
1150 4398 1266 4452 cumei
1285 4396 1361 4452 libri.
