2856 5084
229 307 288 372 182
430 299 659 366 CICERONIS
680 299 930 365 TUSCULAN.
951 299 1181 365 DISPUTAT.

229 472 287 549 ris,
306 478 442 532 externa
463 469 575 544 tertia,
596 476 636 528 ut
649 465 875 550 Peripatetici,
897 485 959 528 nec
981 467 1084 528 multo
1108 475 1241 528 veteres
1253 465 1379 528 Acade-

228 554 307 614 mici
329 572 441 614 secus:
462 549 678 632 Voluptatem
699 569 774 611 cum
801 551 973 612 honestate
994 549 1220 610 Dinomachus
1249 557 1284 610 et
1305 549 1380 612 Cal-

228 635 319 717 lipbo
352 634 536 716 copulavit:
568 632 786 696 indolentiam
807 641 918 695 autem
951 632 1117 693 honestati
1138 633 1382 713 Peripateticus

228 714 400 781 Diodorus
422 714 581 778 adiunxit.
634 716 708 777 Hae
740 724 818 778 sunt
847 717 1042 793 sententiae,
1075 734 1157 796 quae
1189 715 1382 778 stabilitatis

229 844 351 851 —...-...--..
437 845 448 848 ..
491 845 495 848 .
511 843 994 850 .-.....---.--.-..--.-..--.--
1014 845 1052 850 ..-..
1070 845 1149 848 -.,.,--
1169 844 1325 850 .-....-—,.---
1337 845 1378 851 ...Μ

229 905 301 973 hup.
321 922 349 972 p.
369 885 436 959 24.“
454 900 569 956 Schuch.
608 903 675 957 (lod.
695 902 782 954 llllarb.
801 901 888 956 habet
905 906 1017 956 aelerna
1036 918 1089 971 pro
1109 908 1240 955 externa.-
1265 902 1383 976 egregia

229 975 436 1028 emendatione.
468 973 552 1026 Vind.
572 978 596 1027 l.
626 975 712 1027 tertia
736 977 865 1028 salernas
901 991 958 1040 qua
986 972 1192 1026 vocabulorrun
1216 973 1382 1026 inversione

229 1046 347 1097 tollitur
364 1043 492 1112 χιαστόν.
529 1045 589 1098 Mt.
889 1048 892 1053 ⁴

300 1123 332 1169 ul
343 1113 556 1213 ¹Peripatetici]
594 1114 659 1178 „ut
677 1122 777 1182 putem
794 1131 854 1167 esse
872 1115 1036 1179 delendum,
1063 1113 1347 1186 intelligendumque
1366 1131 1382 1167 a

524 1187 532 1214 a
722 1185 728 1198 .
858 1186 864 1198 .
1268 1187 1274 1198 .

227 1187 535 1381 133..ἓὲῗῖῗὲἱί
551 1185 639 1308 llll
657 1185 1384 1319 lltlt,litataillittlttttllffltltt

227 1344 328 1382 irtacus
346 1344 385 1379 ea
407 1345 448 1382 ts.
522 1345 544 1379 r.

298 1401 464 1466 uoluptatem
482 1415 545 1450 cum
562 1395 711 1464 honestate]
748 1398 823 1462 „ct
843 1398 877 1452 de
895 1397 990 1451 Finib.
1008 1399 1042 1450 V.
1063 1400 1088 1452 8.
1108 1401 1151 1453 21.
1172 1398 1206 1451 de
1225 1397 1310 1453 Offic.
1326 1399 1380 1452 111.

228 1471 271 1526 32.
293 1474 336 1526 16.
370 1467 555 1522 Dinomachus
582 1478 678 1522 tamen
705 1487 721 1521 a
743 1470 870 1522 nuriano
894 1469 926 1520 iu
950 1467 1132 1539 Philopaeud.
1163 1487 1188 1522 c.
1207 1472 1233 1524 6.
1262 1469 1295 1521 T.
1323 1469 1377 1525 111.

228 1559 256 1610 p.
277 1544 320 1596 34.
341 1541 384 1594 ed.
403 1541 499 1596 Reisk.
519 1541 624 1592 diserte
650 1548 771 1592 vocatur
789 1539 935 1594 Stoicus.“
959 1537 1073 1596 Schuah.
1112 1543 1167 1593 Pro
1192 1538 1384 1602 Dinomachus

228 1611 301 1668 Edd.
320 1612 354 1663 A.
373 1613 404 1668 B.
425 1611 452 1663 S.
472 1612 506 1663 E.
533 1614 569 1663 llll.
595 1613 628 1662 L.
651 1611 841 1679 (quarequam
866 1612 1036 1664 Lambinum
1058 1610 1165 1664 dedisse
1190 1609 1384 1665 Dinomachus

229 1683 372 1751 scriptum
401 1691 444 1735 est
468 1683 499 1734 in
522 1700 613 1756 marg.
641 1682 756 1734 Lambb.
786 1690 815 1733 et
834 1681 935 1744 Goth.)
959 1684 1031 1735 Ven.
1058 1691 1148 1734 nostr.
1168 1681 1233 1739 Asc.
1254 1687 1279 1736 1.
1299 1683 1381 1739 Brut.

229 1754 311 1806 Boul.
335 1753 449 1806 Lambb.
479 1753 565 1806 Goth.
595 1753 675 1822 sylb.
696 1751 760 1804 Ald.
781 1751 843 1805 Gar.
864 1752 964 1823 steph.
993 1753 1099 1806 habent
1123 1751 1326 1816 Clitomachum
1354 1763 1384 1806 et

230 1824 272 1875 sic
290 1825 378 1877 etiam
397 1824 481 1876 Viud.
503 1828 526 1877 1.
554 1825 588 1876 ln
608 1824 693 1876 Marb.
714 1823 852 1876 scribitur
868 1821 1070 1892 Dynomachus,
1097 1825 1129 1876 iu
1147 1827 1223 1876 Mon.
1245 1829 1269 1878 l.
1289 1824 1383 1878 Dano-

181 1942 183 1946 4
229 1911 333 1960 murus,
368 1896 399 1946 in
424 1910 480 1946 uno
509 1894 558 1946 Ox.
584 1894 641 1960 (DV)
668 1891 865 1948 Dinomachus.
902 1895 944 1947 De
969 1894 1094 1947 lectione
1118 1895 1185 1947 Fra.
1212 1895 1296 1946 Febr.
1324 1895 1382 1949 ita:

230 1964 444 2050 „Clitonsachus
461 1965 511 2017 hic
530 1982 595 2047 cum
615 1963 779 2032 Calliphone
797 1965 930 2047 inlibris
949 1965 1097 2033 impressis
1108 1965 1274 2036 copulatur:
1295 1982 1383 2034 quem

231 2053 283 2160 {tl
296 2037 406 2158 lili?
420 2033 1026 2174 {tittfftttttttnltllttltt
1041 2053 1128 2173 ,tlt
1147 2054 1185 2161 ll
1203 2035 1382 2174 litut

231 2186 261 2231 ut
280 2176 437 2245 Calliphoni
455 2175 679 2245 Dinomachoque
695 2178 813 2243 placuit.¹
848 2177 927 2240 Quod
945 2178 1147 2230 testimonium
1170 2178 1195 2229 si
1214 2179 1262 2231 cui
1278 2196 1383 2248 parum

230 2256 343 2301 certum
366 2249 492 2312 videtur,
518 2248 593 2317 quod
616 2249 699 2301 illius
727 2264 841 2317 quoque
860 2247 918 2298 loci
941 2249 1146 2315 possessionem
1169 2249 1306 2301 nonnulli
1323 2250 1385 2302 viri
1421 2245 1424 2252 ’

231 2319 308 2372 docti
328 2317 511 2383 Clitomacho,
532 2316 701 2372 Dinomache
725 2319 827 2382 eiecto,
856 2318 1002 2383 dederint,
1030 2319 1188 2372 eorundem
1211 2319 1316 2373 tabulis
1334 2337 1386 2372 ex-

231 2399 324 2442 tremo
349 2391 424 2441 libro
443 2389 530 2442 tertio
549 2390 582 2442 de
601 2389 712 2443 Officiis
730 2387 928 2441 Dinomachum
946 2391 1100 2442 tuebimur.
1138 2389 1188 2443 sie
1213 2391 1292 2444 enim
1318 2391 1384 2444 illic

231 2477 343 2514 omnes:
362 2462 420 2515 Quo
438 2459 536 2526 magis
553 2458 790 2526 reprehendendos
805 2459 995 2526 Calliphanam
1015 2467 1041 2514 et
1053 2459 1253 2515 Dinomachum
1270 2461 1385 2515 iudico.-

232 2533 280 2600 qui
297 2547 327 2584 se
344 2532 537 2599 dirempturos
555 2531 777 2584 controuersiam
792 2537 968 2598 putauerunt,
986 2535 1013 2585 si
1031 2548 1088 2584 cum
1100 2530 1241 2586 honestate
1259 2533 1386 2598 uolupta-

232 2609 295 2665 tem,
315 2607 448 2670 tanquam
465 2618 527 2654 cum
544 2599 655 2654 homine
671 2603 812 2669 pecudem,
839 2603 1020 2669 copulassem.
1057 2601 1201 2655 Similiter
1217 2603 1386 2655 Lactantius

230 2671 281 2723 lib.
301 2675 327 2727 3.
347 2689 406 2741 cap.
429 2676 458 2727 t:
489 2670 641 2740 Calliphon,
666 2673 764 2741 inquit,
788 2678 815 2724 et
832 2670 1020 2725 Dinomachus
1039 2672 1189 2742 Cyrenaici
1211 2670 1387 2726 honestatem

231 2757 292 2794 aum
309 2743 448 2809 uoluptate
467 2741 628 2798 iunxerunt.
668 2743 741 2808 Quid
758 2742 853 2795 verbis
873 2759 951 2812 opus,
981 2762 1069 2812 quum
1086 2743 1293 2797 Dinomachum
1313 2760 1383 2796 cnm

233 2812 410 2919 Calliphopp‘
422 2813 600 2936 mitigandum
624 2831 682 2867 esse
709 2831 744 2866 ex
761 2815 812 2866 lib.
832 2816 858 2870 2.
879 2813 1056 2872 stromatum
1078 2814 1234 2869 Clementis
1259 2815 1298 2865 sit
1315 2832 1385 2885 per·

232 2902 244 2936 8
265 2901 378 2937 lcuum.
480 2901 504 2938 Υ.

245 2902 264 2954 p
303 2961 331 3008 et
351 2953 534 3023 Callipho]
572 2954 756 3024 scripserunt
774 2953 931 3023 Calliphom
959 2957 1007 3009 sed
1032 2957 1094 3009 sine
1112 2955 1206 3020 libris,
1232 2955 1379 3011 FAWolf.

231 3027 263 3077 in
279 3027 350 3109 Edd
370 3030 396 3082 2.
416 3035 446 3079 et
463 3029 489 3108 3.
511 3027 557 3080 Or.
583 3026 655 3077 Tbn.
683 3024 767 3077 Schz.
797 3027 863 3094 quia
883 3027 1033 3080 Genitivus
1053 3026 1204 3110 legitimus
1222 3026 1310 3109 huius
1328 3043 1381 3082 no·

231 3094 1382 3236 titt‚tt,t‘ltltltatttttttlltttltttt”tttttittfttt

231 3234 335 3304 tiphon,
357 3235 512 3304 Ctesiphon,
531 3245 564 3288 ut
582 3254 695 3307 semper
712 3237 850 3291 scribitur
866 3238 1025 3305 Xenophon.
1045 3239 1108 3291 Vid.
1127 3241 1161 3292 K.
1172 3240 1204 3291 L.
1224 3239 1384 3293 Schneider

231 3309 293 3360 Lat.
314 3309 459 3362 Formenl.
481 3308 502 3359 1.
522 3327 550 3377 p.
565 3310 631 3365 146.
658 3310 751 3361 Beier.
774 3310 810 3361 ad
827 3309 885 3361 Cic.
906 3310 941 3362 de
960 3310 1013 3363 Off.
1033 3310 1086 3362 111.
1106 3313 1150 3365 33.
1170 3327 1198 3379 p.
1218 3313 1279 3365 413.
1307 3311 1384 3373 Goe-

232 3395 311 3432 renz.
331 3380 366 3431 ad
385 3377 445 3430 cic.
466 3378 500 3437 de
518 3379 603 3431 Finu.
623 3379 659 3431 11.
680 3383 722 3435 lt.
743 3381 786 3434 35.
813 3397 841 3448 p.
863 3382 914 3435 175
933 3399 973 3450 sq.
1012 3379 1156 3434 Scribitur
1182 3381 1215 3432 in
1237 3381 1291 3437 Ed.
1309 3382 1381 3433 Ven.

231 3457 320 3502 nostr.
345 3465 402 3502 uno
425 3449 475 3500 Ox.
503 3449 591 3502 Illarb.
618 3452 692 3503 Mon.
713 3455 737 3506 1.
770 3448 897 3518 Calipho,
921 3451 953 3502 in
976 3449 1065 3504 Rehd.
1095 3451 1217 3519 Callipa.
1254 3453 1383 3528 Pergunt

231 3522 306 3573 Mon.
328 3524 351 3574 1.
372 3529 401 3573 et
421 3521 470 3574 Ox.
490 3520 524 3576 D.
543 3523 679 3587 copulant.
716 3520 791 3573 Tum
808 3522 860 3574 Ed.
880 3521 913 3574 A.
933 3523 1218 3596 indolescentiam3
1236 3541 1311 3575 unus
1331 3524 1392 3577 Ox„

231 3599 495 3714 perpoparodputenpl
514 3593 578 3644 Mox
597 3592 683 3712 llllarbl.
703 3593 862 3714 Dppdorpa
898 3592 940 3644 De
950 3593 1024 3716 (poco
1033 3594 1381 3721 DpoeiprodPtiripatcpicp,

231 3681 317 3785 Ache.
342 3681 381 3785 ir.
402 3680 462 3788 sill
477 3678 651 3786 aliliaehhl
678 3679 1149 3789 liuhaisii‘chhheteutllalrui.
1179 3681 1380 3800 illiniri?

230 3803 261 3855 H
265 3818 324 3865 aec
343 3809 406 3856 sunt
423 3803 583 3867 sententiae,
609 3811 642 3854 ut
656 3821 721 3873 cap.
741 3813 829 3856 nostr.
849 3821 910 3873 pro.
947 3807 1002 3857 Pro
1024 3804 1143 3858 habeant
1171 3815 1213 3857 est
1231 3803 1330 3859 hahent
1348 3807 1380 3858 in

231 3874 299 3927 God.
326 3873 423 3926 Duisb.
460 3875 540 3927 ldem
569 3889 635 3926 inex
659 3874 815 3938 Aristonis,
842 3880 874 3926 et
901 3875 1060 3940 Herilli,
1084 3874 1249 3944 Pyrrhonis.
1288 3875 1378 3932 Rehd.

231 3945 344 3997 omittit
360 3944 476 4008 Herilli,
495 3948 569 3996 Mon.
590 3948 615 3999 1.
634 3944 720 3998 habet
739 3945 880 4011 Pirronis,
905 3945 1018 4009 Perilli,
1042 3950 1115 3999 Mon.
1136 3949 1162 4000 2.
1190 3947 1263 3998 item
1282 3947 1382 4000 Pirro-

230 4015 285 4079 nis,
304 4016 359 4068 duo
378 4015 447 4068 Oxx.
465 4013 587 4079 Phanis,
606 4033 678 4068 unus
697 4016 832 4081 Pinariis,
850 4017 919 4089 Reg.
940 4017 1012 4069 Gud.
1035 4018 1058 4068 1.
1078 4021 1104 4072 2.
1127 4017 1249 4085 pyrroni
1273 4019 1366 4084 ferilli
1372 4037 1381 4083 3

230 4087 337 4139 habent
355 4087 443 4139 etiam
460 4086 551 4151 ferilli
569 4087 624 4139 duo
644 4087 725 4152 Oxx,
751 4106 825 4140 unus
846 4086 956 4151 Perilli,
984 4096 1016 4140 ut
1034 4091 1109 4140 Mon.
1132 4092 1156 4150 1,
1181 4107 1256 4140 unus
1282 4089 1381 4155 Erilli,

232 4157 305 4208 alius
322 4156 428 4220 Herili,
448 4174 520 4208 uuus
538 4156 647 4212 Hereli.
675 4159 760 4224 Marb.
782 4156 916 4227 pirrhoni
932 4158 1014 4222 lariti
1039 4159 1232 4212 nonnullorum
1251 4158 1380 4214 aliorum.

231 4226 275 4279 Ad
299 4228 469 4279 sententiam
488 4230 525 4279 cf.
547 4228 607 4282 (lic.
627 4227 660 4280 de
679 4229 763 4280 Finn.
784 4231 821 4282 ll.
842 4234 883 4287 11.
921 4231 955 4283 ln
979 4231 1037 4282 fine
1062 4229 1175 4299 periodi
1198 4231 1265 4283 (lod.
1291 4231 1386 4291 Rehd„

231 4296 318 4350 habet
336 4298 730 4363 sententiaeenanuerunt‚
757 4301 842 4354 Vind.
864 4307 888 4356 1.
909 4306 1076 4355 evanuerunt
1101 4300 1269 4354 sententiae:
1301 4303 1381 4355 vides

232 4370 355 4445 glossam
374 4368 493 4420 diversis
510 4371 581 4430 locis
600 4371 745 4423 insertam.
784 4375 842 4426 Mr.
970 4388 973 4391 ·
1036 4405 1040 4414 -

241 4495 244 4502 ,
303 4437 462 4506 Aristonis,
482 4439 642 4509 Pyrrhonis,
671 4440 790 4507 Herilli]
827 4444 937 4495 Horum
963 4443 1111 4495 sententiis
1135 4444 1314 4513 explicandis
1335 4463 1381 4498 va-
