2856 5084
501 224 503 239 '
580 244 718 318 ,niem
741 243 786 322 V,
812 245 843 310 a.
895 200 931 301 .Ῐ·
1244 244 1284 306 rr

131 435 193 478 neo
213 413 366 477 stellatus
388 410 434 475 00
457 393 545 473 licus
572 431 649 474 cum
670 428 789 486 uxore,
815 379 953 494 penero,
982 406 1053 468 iilia
1078 407 1283 486 traderetur,

130 500 196 559 nisi
217 497 408 559 caelestium
456 495 544 556 'vina
565 494 714 579 cognitio
736 511 858 553 nomen
879 510 997 553 eorum
1008 487 1050 551 ad
1070 511 1220 554 errorem
1238 495 1283 554 ia·

130 581 239 644 bulae'
257 576 470 641 traduxisset.
512 575 542 637 A
567 575 686 657 quibus
707 572 799 635 ducti
822 572 978 656 deinceps
1009 591 1134 649 omnes,
1163 577 1221 656 qui
1247 578 1283 636 in

131 759 270 814 Scholast.
291 755 569 824 (Λᾶ-201830.
596 757 634 811 11.
661 759 696 811 74
712 786 746 799 -
762 759 804 811 70.
830 755 1196 808 'cuiuscornmentationis
1227 758 1285 813 huc

131 830 260 902 pertinet
281 826 304 893 5.
325 830 366 883 15.
392 827 463 895 ibiq.
486 827 581 879 laudd.
615 845 680 902 pag.
705 829 765 881 611.
796 826 846 878 ubi
874 826 994 878 docetur
1022 834 1088 878 ante
1112 827 1287 887 ,Ciceronem

130 901 279 954 Atlantem
302 917 318 950 a
340 899 457 951 nemine
481 898 659 971 astrologum
681 897 767 949 fuisse
792 896 1004 963 existimatum,
1027 893 1288 966 post'Ciceronem

132 971 264 1042 saepius..
289 970 330 1022 De
348 967 520 1022 Prometheo
539 968 597 1020 vid.
618 968 685 1021 ibid.
705 968 814 1041 Hygin.
834 967 918 1019 Fabb.
939 969 982 1023 54.
1004 969 1064 1023 144.
1084 968 1132 1036 Hy
1155 970 1192 1020 in.
1208 973 1285 1025 Poet.

131 1043 296 1096 Astronom.
315 1041 374 1092 XV.
397 1057 426 1110 p.
446 1039 499 1094 455
517 1056 559 1106 sq.
597 1039 671 1092 Mire
697 1038 820 1090 invertit
843 1039 1015 1091 sententiam
1040 1038 1099 1092 loci
1150 1039 1288 1106 iihnerus,

133 1115 175 1166 ita
192 1113 293 1165 verba:
313 1109 372 1163 Nec
388 1125 450 1162 vero
471 1141 503 1150 -
523 1109 698 1162 traduxisset
716 1126 752 1161 ex
772 1108 878 1161 licens:
912 1108 1029 1176 „Atlas
1054 1111 1242 1166 Prometheus
1259 1123 1289 1167 et

133 1183 266 1255 Cepheus
290 1188 413 1252 propter
436 1178 573 1245 divinam,
601 1197 657 1250 qua
686 1127 880 1246 excellebant,
907 1185 1008 1232 rerum
1031 1195 1064 1232 co
1085 1180 1226 1236 uitionem
1257 1185 1290 1238 iu

133 1253 310 1325 sapientibus
329 1258 561 1316 numerarentur,
589 1251 646 1302 nisi
664 1250 862 1350 mythologiae
881 1249 1013 1302 inanibus
1036 1197 1140 1303 sedulis
1165 1261 1193 1306 et
1212 1270 1290 1308 com·

133 1327 242 1379 mentis
260 1322 417 1392 sapientiae
436 1337 541 1373 nomen
559 1321 687 1373 deletum
708 1323 800 1374 esset.‘
844 1321 957 1385 Melius,
976 1320 1088 1390 opinor,
1107 1323 1148 1375 sic
1167 1323 1288 1380 dixeris:

134 1398 198 1449 sine
216 1395 301 1447 dubio
320 1393 426 1456 divina,
447 1409 508 1460 qua
520 1392 699 1446 excellebant
717 1391 807 1458 Atlas,
825 1391 1011 1445 Prometheus
1031 1399 1060 1444 et
1079 1386 1219 1464 Cepheus,
1244 1415 1290 1450 re-

134 1484 202 1520 rum
232 1462 410 1518 caelestium
423 1462 600 1538 cognitione,
639 1479 711 1532 quae
726 1457 768 1514 xre
791 1479 859 1515 vera
888 1462 1028 1532 sapientia
1059 1461 1118 1515 dici
1149 1470 1289 1534 meretur,

132 1541 244 1592 factum
269 1543 321 1600 est,
347 1542 390 1597 ut,
415 1550 504 1599 quum
526 1533 727 1602 antiquissima
744 1541 819 1585 aetas
836 1540 971 1586 veterum
998 1541 1163 1604 temporum
1181 1554 1290 1593 memo·

133 1609 208 1661 riam
226 1606 331 1659 fabulis
350 1603 522 1667 involveret,
550 1601 631 1656 Atlas
656 1604 798 1656 sustinere
821 1605 950 1670 caelum;
975 1604 1162 1658 Prometheus
1186 1607 1290 1663 affixus

133 1681 256 1733 Caucaso
276 1686 304 1730 et
323 1674 454 1746 Cepheus
472 1673 603 1726 stellatus
618 1675 794 1730 traderetur.
815 1706 847 1718 -
874 1675 959 1728 Solus
978 1673 1045 1728 000.
1064 1677 1139 1730 Mon.
1162 1682 1185 1734 1.
1204 1678 1290 1735 habet

133 1746 312 1804 Rometleus
330 1748 497 1801 Caucaso
516 1743 667 1809 affixus.
704 1744 786 1798 Mu.-

167 1832 170 1840 ’
206 1819 263 1876 Neo
282 1813 459 1872 Prometheus
477 1817 583 1881 affixus
603 1815 738 1882 causato]
776 1800 856 1868 llanc
874 1816 907 1868 in'
924 1834 987 1870 rem
1005 1802 1155 1889 praeclare
1172 1821 1290 1875 Servius

135 1889 291 1964 udEclog.
310 1889 360 1952 Vl,
378 1889 422 1942 41.
459 1887 550 1954 Ipsum
569 1889 654 1940 etiam
671 1884 857 1940 Prometheum
880 1904 933 1956 per
950 1889 1123 1944 Mercurium
1150 1894 1181 1945 e'u
1199 1901 1291 1949 monte

83 1975 86 1979 ’
135 1964 261 2017 Caucaso
279 1952 470 2024 religaverunt
488 1957 526 2008 ad
543 1971 652 2021 aarum,
671 1964 698 2010 et
717 1956 845 2011 adhibita
868 1964 910 2011 est
927 1959 1045 2028 Aquilo,
1071 1977 1140 2030 quoe
1155 1968 1214 2017 *cor
1231 1967 1293 2019 eim

136 2031 270 2088 exederet.
309 2031 386 2082 Haec
410 2032 502 2079 autem
528 2026 621 2079 omnia
646 2043 701 2080 non
727 2030 788 2082 sine
814 2029 924 2082 ratione
942 2031 1094 2096 finguntur.
1131 2032 1203 2086 Nam
1221 2035 1292 2088 Pro.
1381 2048 1384 2053 ,

103 2110 105 2117 ‘
135 2101 257 2157 metiens
282 2101 330 2154 vir
351 2097 587 2167 prudentissimus
614 2097 671 2164 fuit
691 2130 721 2140 -
742 2096 800 2150 Hic
820 2098 931 2165 patmus
947 2100 1141 2171 Astrologiom
1160 2107 1292 2175 Assyriis

136 2167 286 2237 indicauit,
319 2186 399 2241 quam
423 2168 552 2221 residens
576 2169 607 2221 e'n
631 2175 723 2234 monte
747 2168 886 2222 altissimo
911 2169 1036 2222 Caucaso
1063 2175 1152 2226 nimia
1177 2189 1247 2228 curo
1266 2184 1291 2230 et

136 2243 334 2299 sollieitudine
356 2237 575 2309 deprehenderat
594 2248 648 2293 etc.
685 2239 758 2319 Vide
786 2247 815 2291 et
832 2237 971 2309 Aeschyli
995 2243 1089 2301 Prom.
1114 2243 1209 2296 Vinet.
1235 2264 1290 2298 vss.

137 2313 483 2449 qseisidiiatud’deplms]
521 2380 725 2446 „truculenter
741 2343 796 2433 hoc
812 2352 844 2434 et
863 2371 1012 2454 eleganter
1038 2389 1079 2435 est
1097 2382 1207 2436 dictum
1224 2403 1291 2456 pro:

83 2458 86 2463 ’
139 2459 218 2511 inter
236 2456 329 2508 sidera
347 2453 464 2517 relatus,
484 2458 513 2504 et
531 2451 606 2502 sidus
624 2453 729 2504 factus:
748 2451 798 2504 sed
816 2452 993 2505 Graecorum
1013 2469 1102 2520 more,
1122 2456 1223 2526 quihus
1236 2458 1293 2510 hoo

83 2535 85 2541 ’
138 2527 284 2602 significat
301 2525 532 2595 καταστερισθεὶς,
551 2522 592 2574 ait
608 2521 732 2574 Turneb.
752 2522 815 2574 Lib.
832 2524 896 2577 Vll.
916 2522 1034 2577 Advers.
1055 2542 1115 2596 cap.
1137 2526 1202 2582 16.“
1227 2528 1291 2582 Fre,

111 2606 117 2613 '
138 2600 249 2654 Fabric.

178 2685 180 2689 ’
211 2668 351 2722 Stellatus
369 2655 503 2735 Cepheus]
524 2662 713 2733 [Aethiopum
732 2665 795 2732 rex]
831 2666 915 2718 Inter
933 2674 1007 2719 astra
1024 2669 1143 2738 positus,
1162 2686 1294 2727 uacuare·
1343 2667 1348 2673 ’

139 2744 250 2810 pendete.
288 2738 428 2808 Cepheus,
452 2751 525 2788 uxor
548 2735 610 2787 eius
635 2735 804 2804 Cassiopeia,
834 2736 897 2788 filia
919 2734 1114 2806 Andromeda,
1146 2759 1294 2816 generque

138 2815 258 2866 Perseus
276 2809 308 2859 in
326 2809 419 2860 sidera
436 2808 555 2859 fuerunt
573 2805 669 2860 relati.
706 2807 865 2859 Videantur
883 2807 984 2861 Cicero
1002 2809 1039 2861 N.
1058 2810 1092 2862 D.
1113 2813 1150 2874 II,
1169 2816 1212 2868 43.
1237 2817 1296 2866 Lu-

133 2883 239 2942 010000
257 2879 292 2932 00
312 2877 411 2932 Saltat.
435 2877 517 2929 Tom.
538 2876 561 2928 1.
581 2893 645 2948 pag.
666 2879 727 2930 803.
748 2886 777 2930 et
793 2876 896 2929 Theon
915 2878 946 2928 in
963 2877 1084 2932 Aratum
1107 2900 1173 2956 pag.
1187 2887 1228 2939 26.
1255 2885 1292 2938 D,
1323 2922 1328 2928 .

212 2951 343 3004 stellatus
367 2945 504 3018 Cepheus]
541 2947 649 2998 Laudat
671 2956 819 3016 praeterea
840 2948 909 2999 Bill.
935 2949 1068 3002 Ovidium
1087 2954 1153 3004 ltlet.
1174 2954 1220 3010 IV.
1241 2959 1295 3012 610

139 3008 335 3097 0000000.
356 3020 422 3072 ras.
442 3021 486 3074 04.
506 3017 603 3072 naun.
629 3016 743 3069 Astron.
764 3020 797 3070 v.
818 3021 870 3073 sao
888 3036 950 3088 sqq.
986 3019 1057 3096 naa.
1082 3023 1189 3097 stygin.
1214 3027 1293 3080 roes.
1398 3076 1401 3080 ,

101 3153 106 3158 ,
139 3095 257 3150 Astron.
281 3111 309 3163 p.
335 3093 388 3146 443
413 3107 454 3158 sq.
479 3091 521 3142 ·P.
547 3088 640 3143 caesii
689 3088 784 3141 aslum
815 3087 1035 3160 Astrampoet.
1060 3111 1089 3163 p·
1117 3098 1168 3150 114
1183 3125 1215 3135 -
1235 3101 1294 3154 lto.

139 3150 235 3218 Eund.
261 3163 295 3216 00
314 3157 484 3218 Prometheo
511 3177 538 3228 p.
560 3161 610 3215 176
624 3191 655 3201 -
706 3163 731 3214 S.
771 3159 905 3212 Ceterum
929 3161 1085 3214 tenendum
1108 3165 1187 3220 hune
1212 3187 1295 3221 usum

139 3233 456 3306 participiistellatus,
487 3231 548 3300 qui>
562 3229 613 3283 hic
632 3230 752 3296 obtinet,
779 3239 877 3286 nostro
900 3231 965 3284 loco
982 3233 1067 3302 plane
1091 3253 1149 3288 esse
1168 3229 1298 3314 singula:

83 3346 85 3367 ,
141 3324 228 3360 rem·
245 3306 287 3364 10
304 3304 372 3358 000.
391 3303 475 3356 Vind.
496 3306 520 3356 1.
540 3302 681 3370 scriptum
708 3300 904 3369 estZepdeus.
930 3303 964 3354 ln
991 3305 1064 3360 Gud,
1086 3309 1109 3360 1,
1130 3310 1218 3362 mire:
1247 3327 1295 3364 ,κο

83 4347 85 4353 ,
142 4296 214 4349 alibi
241 4295 315 4346 dicit
333 4292 434 4346 Cicero
456 4309 484 4344 v.
505 4309 529 4345 c.
555 4307 573 4342 o
592 4288 705 4341 Zenone
727 4288 848 4356 profecti
874 4298 940 4342 sunt
968 4289 1197 4362 discipulieius.
1231 4297 1295 4350 Div.
1390 4322 1401 4339 ν

142 3374 309 3445 stepteue
326 3390 388 3428 cum
405 3388 503 3438 uxore,
523 3371 625 3438 filio,
644 3388 792 3438 gener03
809 3373 852 3425 ‚in
871 3373 967 3425 Duisb.
995 3391 1056 3429 cum
1080 3392 1169 3432 uxore
1195 3386 1227 3434 et
1245 3397 1296 3449 ge.

142 3462 211 3501 nero
231 3453 263 3499 et
281 3445 377 3511 filio.
417 3446 475 3498 Mr.
1143 3480 1146 3487 .
1288 3483 1290 3487 ,

142 3564 144 3569 .
211 3516 373 3571 coelestium
396 3515 493 3569 diuina
516 3513 658 3581 cognitio]
695 3515 768 3585 ‚3Sc.
787 3515 973 3570 Prometheus
998 3518 1029 3569 in
1048 3518 1170 3574 Caucaso
1195 3522 1295 3578 sedens

142 3589 239 3643 stellas
263 3587 424 3656 speculatus
448 3595 519 3649 erat,
548 3585 679 3655 Cepheus
704 3586 776 3647 item
798 3595 942 3639 astrorum
967 3589 1061 3642 studio
1088 3591 1200 3646 deditus
1228 3597 1293 3652 fuit.

125 3659 219 3712 ‘Hinc
236 3659 348 3714 fabulae
365 3656 488 3709 factae.“
505 3657 573 3708 Era.
611 3656 652 3708 De
670 3656 717 3708 his
736 3651 829 3723 rehus,
848 3675 920 3728 quae
939 3661 1114 3714 recentiores
1132 3664 1296 3719 fabularmn

142 3731 339 3801 mythicamm
358 3727 532 3796 interpretes
549 3727 599 3780 vel
616 3728 743 3797 sentiant
760 3728 810 3781 uel
828 3729 993 3798 opinentur,
1018 3730 1102 3785 habes
1122 3735 1245 3789 collecta
1263 3738 1296 3787 in

142 3801 278 3872 Klopteri'
302 3799 370 3872 tren.
398 3797 520 3867 Mythol.
546 3816 575 3850 v.
591 3797 973 3866 ¹Andromeda,ilduinum,
999 3802 1131 3870 Cepheus,
1160 3793 1295 3866 Perseus}
1335 3794 1341 3801 ’

142 3870 339 3931 Prometheum
357 3865 445 3919 Atlas.
483 3869 537 3919 Pro
556 3869 651 3921 divina
666 3868 735 3922 000.
756 3872 830 3923 Mon.
852 3875 877 3927 1.
896 3871 973 3923 dina.
1011 3873 1157 3924 Scribitur
1181 3874 1296 3938 fabulae

141 3941 396 4000 traduxissent
424 3933 456 3987 in
479 3937 660 4013 Ccdd..lleg·.
687 3939 761 3991 Gud.
782 3944 806 3995 1.
840 3939 903 4003 (hic
926 3959 945 3992 n
968 3958 1055 4009 supra
1081 3942 1134 3991 lin.
1167 3942 1297 3993 additum
1368 3951 1375 3958 ”

140 4014 238 4079 habet)
257 4016 282 4067 1.
303 4009 390 4062 Marb.
409 4007 506 4058 Duisb.
527 4015 557 4079 et
574 4025 630 4061 uno
650 4009 699 4061 Ox.
737 4011 797 4063 Mr.

140 4132 146 4139 ‚
215 4085 242 4136 A
260 4079 449 4150 quibusducte'
468 4076 713 4146 deincepsomnes,
734 4081 783 4147 qui
801 4078 851 4143 -]
888 4077 1017 4142 „Omnes
1036 4079 1067 4129 in
1086 4078 1199 4149 Gryph.
1219 4082 1296 4136 libro

141 4172 203 4209 non
220 4150 375 4215 habetur.“
393 4152 475 4207 Brut.
511 4149 687 4214 „Mallemus
707 4165 773 4200 cum
790 4149 906 4205 Pearcio
925 4147 1012 4215 [apud
1025 4149 1181 4218 Olivetum]
1201 4169 1219 4204 a
1239 4157 1297 4224 qui.

143 4227 194 4280 dus
212 4221 337 4278 docti.“
356 4221 428 4275 Loll.
467 4221 565 4286 „Male
583 4218 714 4270 Pearcius
733 4218 814 4272 docti.
852 4217 938 4270 Ducti
957 4227 1000 4270 est
1020 4220 1086 4284 orti,
1110 4224 1241 4291 profecti,
1264 4234 1297 4279 ut

83 4414 85 4419 .
143 4369 169 4424 1.
185 4365 237 4423 3.“
256 4366 338 4418 Era..
361 4365 436 4421 Male
455 4364 539 4417 Gesn.
561 4363 593 4414 in
612 4361 725 4416 Chrest.
752 4358 811 4412 010.
836 4378 864 4431 p.
883 4358 955 4418 309.
970 4361 1048 4415 ducti
1071 4366 1196 4435 explicat
1220 4369 1297 4422 deri.

173 4465 706 4560 CiceroTuee.Disp.ed.tdoser.1111.J
1008 4497 1011 4502 ’
1051 4473 1072 4534 2
1136 4527 1140 4531 .
