2856 5084
496 261 626 328 111111
648 262 692 341 v,
714 257 765 326 rt:
1156 262 1216 325 171

72 427 242 507 tionesque
270 426 472 506 patiuntur?
499 444 567 487 non
597 445 660 507 pro
688 433 747 487 sno
782 431 883 506 partu
910 424 959 484 ita
992 443 1077 507 prop
1125 434 1216 502 nant,
1275 441 1278 447 ·

74 516 114 570 ut
133 509 273 570 vulnera
293 509 472 589 excipiant,
494 507 604 568 nullos
625 509 781 589 impetus,
808 507 917 568 nullos
945 507 1030 568 ictus
1061 509 1217 568 11111111-

74 588 169 651 denti
212 591 350 667 Omitto,
380 607 462 671 quae
483 593 654 670 perferant
677 607 824 671 quaeque
844 590 1018 668 patiantur
1039 589 1218 666 ambitiosi,

73 672 211 734 honoris
245 690 360 735 causa:
392 670 499 734 laud-is
533 670 687 748 studiosi,
720 672 849 755 gloriae
876 671 999 756 gratia:
1027 688 1140 731 amore
1166 672 1218 729 in-

73 755 176 830 censi,
199 753 405 835 cupiditatis.
448 754 549 815 Plena
569 755 641 815 vita
668 752 896 833 exemplorum
925 759 984 812 est.

71 935 154 1040 prior
172 919 259 972 etiam
278 935 353 973 num
367 935 423 988 pro
441 935 490 972 suo
506 925 591 986 partu
608 916 652 979 ita
666 924 830 987 pugnant.
867 918 920 970 Est
945 931 1055 970 nonne
1077 914 1172 980 trigue
1188 914 1220 965 in

100 989 144 1042 dd.
171 992 199 1042 P.
218 989 251 1045 A.
271 991 303 1041 Β.
321 989 348 1042 S.
375 991 409 1042 E.
435 989 466 1042 O.
486 992 524 1040 bd.
548 997 578 1041 et
601 989 733 1042 omnibus
755 988 860 1041 nostris
886 996 951 1040 ante
976 986 1066 1039 Gebh.
1094 985 1221 1053 exceptis

71 1060 140 1116 Rob.
169 1059 268 1128 Steph.
297 1069 326 1113 et
350 1059 435 1113 Leod.
475 1059 657 1127 Eaedemque
682 1058 714 1110 in
741 1075 819 1127 seqq.
845 1073 955 1111 nonne
976 1074 1031 1125 pro
1057 1069 1107 1108 suo
1127 1061 1220 1124 partu.

72 1129 161 1182 Rehd.
179 1130 265 1181 habet
284 1146 339 1183 non
356 1129 462 1196 frigore,
481 1144 588 1182 nonne
605 1130 717 1195 famem,
736 1144 846 1180 nonne
864 1130 1058 1193 montivagae3
1076 1143 1150 1177 unus
1168 1127 1219 1178 Ox.

72 1216 148 1252 num
164 1201 268 1266 frigus,
289 1215 362 1251 num
379 1200 493 1264 samm,
516 1215 571 1252 non
588 1204 686 1264 mont,
712 1217 786 1250 unus
804 1214 900 1250 unum
916 1204 1002 1251 mont.
1030 1196 1102 1249 Gud.
1122 1195 1226 1248 monti·

71 1270 176 1337 fugos.
213 1270 253 1328 Ut
270 1268 302 1325 b.
321 1270 342 1321 l.
361 1284 419 1322 vox
436 1270 567 1322 lustratio
586 1270 747 1338 explicatur
765 1270 892 1338 apposito
911 1283 1021 1335 cursus,
1041 1267 1082 1318 ita
1093 1265 1221 1335 Philipp.

73 1341 113 1392 11.
132 1342 176 1394 13.
196 1338 289 1390 addita
306 1355 377 1391 voce
393 1340 570 1406 peragratio.
606 1339 667 1391 Mr.
1168 1362 1172 1370 ·

142 1425 205 1477 pra
223 1416 373 1476 supporta
391 1410 436 1461 ita
451 1409 659 1476 propugnant]
678 1407 767 1473 „Dan
789 1406 832 1472 [in
848 1407 959 1473 11111]
979 1405 1069 1459 edidit
1085 1411 1220 1474 pugnant.

73 1478 129 1531 Sed
155 1489 184 1531 11
210 1478 279 1539 alibi
304 1479 416 1544 Cicero,
450 1487 485 1530 ut
509 1479 570 1544 alii,
598 1478 674 1530 dixit
694 1491 874 1546 propugnare
898 1476 983 1546 pro.“
1006 1477 1076 1532 Ern.
1113 1475 1222 1528 Laudat

72 1548 169 1603 Wolf.
190 1549 222 1598 in
239 1548 343 1600 scholis
361 1549 395 1600 de
412 1550 475 1600 Inv.
495 1547 558 1602 1.1.
579 1552 607 1601 l:
631 1546 692 1614 [sed
707 1563 761 1614 pro
778 1546 823 1600 bis
838 1562 1022 1616 propugnare
1036 1545 1152 1614 pasait]:
1171 1544 1222 1597 ubi

73 1619 145 1672 item
163 1618 269 1687 peioris
295 1625 379 1670 notae
402 1619 472 1670 libri
497 1617 605 1670 habent
619 1632 758 1685 pugnare.
785 1616 856 1675 Add.
876 1619 911 1672 ad
927 1620 1036 1671 Famm.
1054 1616 1103 1667 xl.
1122 1617 1166 1670 16.
1186 1617 1220 1682 11

74 1703 156 1758 quum
173 1704 327 1755 -pro-
346 1703 409 1740 mea
432 1689 520 1741 salute
539 1715 581 1743 -,
592 1693 800 1755 propugnaret3
833 1705 874 1742 or.
901 1705 955 1758 pro
978 1686 1073 1740 Rabir.
1101 1689 1144 1740 lO.
1170 1688 1221 1740 30:

71 1773 125 1826 pro
143 1757 272 1822 -Ὺαηὶε
289 1764 371 1826 atque
388 1758 513 1811 delubria
528 1760 772 1828 propugnandum
790 1758 824 1809 de
843 1757 896 1815 Off.
917 1759 941 1815 1.
961 1761 1004 1814 19.
1023 1759 1072 1814 62:
1094 1757 1223 1809 uirtutem

75 1833 345 1896 -propugnantem
361 1845 413 1896 pro
432 1844 465 1881 aa
500 1830 582 1881 itate:
608 1845 661 1881 nec
683 1828 740 1880 hoc
763 1828 827 1880 loco
853 1829 964 1895 desunt,
995 1828 1046 1897 qui
1070 1826 1223 1879 exhibeant

70 1905 251 1966 pugnantem.
270 1898 333 1950 Vid.
354 1899 440 1950 etiam
482 1898 639 1968 udendorp.
658 1899 692 1950 ad
710 1898 769 1950 Oic.
789 1897 826 1949 de
841 1899 905 1952 111.
923 1901 945 1950 1.
964 1899 990 1949 l.
1007 1897 1050 1950 ed.
1067 1898 1223 1948 Burmann.

73 1985 102 2038 p.
122 1971 184 2035 615,
203 1985 377 2039 quamquam
395 1969 436 2019 ibi
455 1968 594 2020 Graevius
613 1967 703 2021 edidit
722 1974 862 2034 pugnare.
900 1968 956 2021 Sed
973 1985 1000 2019 1.
1022 1967 1056 2030 ei.
1076 1973 1173 2020 annot.
1193 1981 1222 2033 p.

73 2040 135 2094 304.
173 2039 309 2092 Ceterum
326 2046 441 2108 praeter
459 2038 544 2090 Vind.
564 2037 693 2092 thabat
712 2037 1025 2106 etiampugnantGod.
1044 2035 1130 2087 Marb.
1157 2035 1225 2086 Mox
1267 2059 1269 2066 ·

73 2109 162 2161 Rehd.
181 2111 255 2163 lton.
276 2112 302 2164 1.
322 2117 352 2160 et
370 2110 420 2162 Ox.
439 2109 473 2160 D.
492 2109 609 2162 uulnera
635 2105 803 2177 accipiant*
822 2108 905 2160 Alius
924 2109 974 2162 Ox.
999 2108 1071 2161 ictus
1092 2103 1225 2171 reformi-

75 2179 175 2243 dant,
200 2197 266 2231 cum
283 2178 368 2230 Vind.
387 2181 413 2233 2.
450 2179 510 2231 Mr.
796 2183 798 2188 ’

146 2249 260 2315 Omitto,
280 2263 350 2316 quae
364 2250 512 2316 perferant
529 2247 598 2314 cet]
634 2248 724 2313 „Veri
742 2255 785 2300 est
803 2247 909 2313 simile',
930 2263 1002 2316 quae
1019 2245 1070 2297 bic
1087 2243 1225 2296 dicuntur
1248 2242 1251 2248 '

75 2319 242 2382 ambitiosis,
262 2319 296 2369 de
315 2333 411 2370 amore
429 2319 564 2382 incensis,
582 2319 646 2370 loco
665 2333 715 2370 suo
734 2333 794 2369 esse
811 2325 899 2381 mota,
923 2315 1143 2384 reponendaque
1160 2319 1226 2381 post

12 2390 18 2398 ”
75 2407 118 2454 ea,
137 2405 209 2457 quae
228 2387 262 2439 de
280 2387 432 2460 Aegyptiis
450 2389 526 2440 dicta
543 2385 618 2438 sunt.
654 2387 757 2455 Neque
777 2387 854 2439 enim
872 2383 1046 2438 crediderim
1056 2383 1226 2436 Ciceronem

75 2459 206 2511 consulto
226 2458 427 2526 interposuisse
445 2475 487 2522 ea,
513 2474 586 2527 quae
604 2456 638 2510 de
656 2456 755 2508 bestiis
772 2456 891 2509 dicenda
910 2452 1111 2508 viderentur.“
1135 2449 1223 2505 Boud.

75 2529 152 2594 „Est
168 2526 240 2579 baec
258 2542 372 2595 quoque
389 2528 531 2580 correctio
551 2543 587 2578 ex
604 2543 702 2578 earum
720 2541 850 2590 numero,
876 2544 957 2595 quae,
980 2534 1015 2576 ut
1031 2523 1165 2577 lectionis
1182 2521 1226 2574 di·

75 2598 228 2673 ligantiam
247 2596 408 2660 ostendunt,
427 2597 468 2649 sic
485 2596 597 2650 nullam
614 2597 813 2650 necessitatem
830 2595 963 2657 afferunt.
989 2591 1139 2662 Eiusmodi
1154 2607 1225 2645 vero

55 2677 59 2683 '
96 2669 220 2720 lurimae
238 2666 432 2719 correctiones
457 2666 543 2719 huius
565 2666 625 2718 viri
653 2683 711 2720 1111
733 2666 900 2720 videntur.“
925 2667 1041 2731 Nissen.¹
1074 2665 1154 2716 Unus
1172 2663 1224 2718 Ox.

74 2687 162 2790 111111
179 2753 247 2804 quae
262 2736 442 2804 perferunt3
473 2737 593 2791 (11111.
617 2752 684 2804 quae
703 2739 892 2803 patiuntur3
918 2737 990 2788 alius
1010 2736 1060 2787 Ox.
1079 2733 1152 2786 haee
1170 2733 1225 2785 duo

75 2805 213 2861 vocabula
231 2807 354 2871 omittiti
372 2805 456 2858 Vind.
475 2808 502 2860 1.
520 2823 620 2860 vocem
638 2822 725 2859 causa
741 2816 806 2876 post
823 2804 944 2858 bonoria.
982 2804 1041 2858 Mr.
1066 2836 1070 2838 v

147 2875 274 2929 Honoris
292 2891 385 2942 causa,
414 2877 511 2929 laudis
525 2876 646 2930 studiosi
663 2876 774 2943 gloriae
792 2877 892 2941 cauea]
923 2875 994 2941 „lta
1013 2883 1055 2927 est
1073 2873 1105 2924 in
1122 2871 1226 2946 vulga-

76 2948 124 2999 tis.
160 2946 225 3019 Ego
249 2945 372 2998 secundo
394 2945 459 2998 loco
481 2947 608 2999 delerem
632 2961 731 3001 cauea:
760 2964 847 3015 quam
869 2947 1025 2998 lectionem
1052 2943 1227 2996 confirmant

78 3035 121 3080 ea,
140 3033 211 3083 quae
230 3015 421 3081 sequuntur.“
449 3015 580 3070 Ursinus.

147 3085 254 3138 Laudic
272 3086 398 3149 studiosi,
417 3087 529 3153 gloriae
546 3087 691 3154 gratia]
727 3087 827 3153 „Cum
844 3085 1031 3154 praecesserit
1050 3098 1143 3149 causa,
1167 3098 1226 3136 non

27 3215 33 3221 ,
76 3157 229 3209 videbatur
249 3155 299 3207 hic
323 3170 437 3224 quoque
464 3157 566 3209 iterari
583 3156 706 3209 debere:
739 3173 808 3232 ergo
835 3164 915 3209 recte
941 3155 1069 3209 Lambin.
1097 3155 1226 3223 quinque

77 3226 197 3280 Palatin.
222 3225 304 3276 Fabr.
327 3225 456 3277 Vatican.
482 3225 611 3292 gratia.“
638 3225 774 3282 Gettnrt.
811 3227 894 3292 „Hoc
919 3224 1060 3278 iudicium
1083 3225 1227 3292 discrepat

77 3297 162 3359 mori,
181 3310 237 3364 quo
256 3295 288 3345 in
305 3295 351 3346 his
370 3295 565 3349 Ciceronianis
587 3297 663 3349 notis
684 3298 855 3366 frequenter
876 3296 921 3347 usi
942 3297 992 3348 111
1010 3295 1153 3347 Gruterus
1178 3293 1228 3346 111

78 3365 256 3427 Gebhardus,
281 3373 314 3416 ut
338 3383 374 3418 ex
390 3367 531 3420 varietate
555 3368 609 3418 ista
632 3367 814 3440 colligerent,
845 3365 958 3435 aliquid
976 3381 1034 3418 esse
1060 3363 1227 3416 insititiam.
1266 3424 1269 3431 Ι
1300 3385 1302 3388 ·

77 3437 112 3490 ld
130 3437 220 3487 miror
237 3435 286 3485 hic
305 3452 363 3488 non
381 3436 456 3500 fieri,
475 3437 622 3505 1111111111Ι
639 3453 756 3506 prorsus
774 3437 867 3511 gratia
885 3443 928 3488 est
944 3436 1023 3488 vocis
1041 3434 1148 3502 gratia.
1172 3433 1228 3487 Sed
1303 3481 1305 3484 .

77 3505 216 3560 videlieet
239 3506 468 3574 exspectandum,
496 3515 540 3570 ut,
572 3524 662 3576 quum
687 3508 782 3576 primo
809 3506 936 3576 positum
966 3506 1005 3558 sit
1034 3520 1130 3567 causa,
1160 3503 1227 3556 dein

77 3574 186 3645 gratia,
212 3575 311 3626 veniat
333 3574 467 3645 denique,
493 3577 544 3645 qui
569 3585 633 3645 post
655 3575 817 3644 cupiditatis
841 3582 964 3646 apponat
982 3574 1081 3641 ergo,“
1104 3573 1225 3627 Gronov.

78 3644 215 3712 „Gloriae
232 3646 344 3709 gratias
362 3647 394 3696 in
411 3647 539 3720 vulgatis
556 3647 668 3719 legitur
685 3647 798 3714 gloriae
815 3661 916 3699 caueae
944 3646 992 3699 sed
1013 3653 1099 3699 causa
1122 3662 1227 3716 suppo·

79 3715 390 3835 sitipiffiessssdecte
406 3718 550 3768 Manutius
568 3718 690 3770 censuit:
711 3735 778 3769 nam
798 3717 830 3768 in
848 3716 954 3771 iussus
973 3724 1015 3770 est
1031 3716 1142 3785 gloriae
1158 3732 1226 3782 gra·

78 3787 128 3839 tia.
222 3797 244 3834 c.
321 3800 345 3835 r.
439 3828 444 3835 .

10 3882 15 3889 -
151 3852 265 3906 Gloriae
283 3852 391 3924 gratia]
427 3855 486 3906 Alii
504 3858 619 3924 gloriae
636 3872 729 3914 causa.
766 3860 930 3927 Utrumque
948 3856 1124 3920 11111ὶοὶ1111
1150 3857 1226 3922 quod

79 3933 159 3979 recte
187 3931 361 3978 monuerunt
385 3926 505 3976 Ursinus
531 3935 561 3985 et
584 3928 754 3986 Gronovius.
798 3929 871 3981 Oum
902 3928 981 3979 enim
1007 3926 1088 3993 prius
1114 3922 1227 3976 donaris

81 4011 167 4049 causa
185 3995 306 4057 dixerat,
326 3994 357 4043 in
375 3994 496 4063 reliquis
514 3996 612 4048 eadem
622 3996 685 4050 'vox
703 3998 902 4060 subaudiatur,
926 4001 959 4047 ut
976 3995 1025 4047 vel
1042 3993 1153 4063 gratia,
1176 3995 1226 4046 vel

80 4080 167 4122 causa
183 4081 299 4134 prorsus
324 4064 375 4116 hic
403 4065 441 4116 sit
464 4082 676 4134 supervacanea.
712 4067 745 4118 ld
767 4076 801 4118 ut
825 4066 1031 4129 ostenderetur,
1061 4065 1180 4117 uncinos
1199 4064 1227 4117 ei

81 4136 328 4190 circumdedimus.
364 4135 437 4187 Vide
454 4135 503 4186 lib.
523 4136 560 4188 ll.
581 4138 615 4188 de
633 4138 745 4189 Invent.
765 4154 825 4206 cap.
845 4141 871 4193 6.
908 4136 944 4189 D.

152 4207 247 4260 laudis
264 4204 396 4271 studiosi,
414 4207 526 4273 gloriae
542 4206 670 4273 grattaz]
696 4207 845 4272 „Quidam
865 4207 952 4259 etiam
969 4205 1109 4271 Davisius,
1126 4203 1248 4273 gratia,

81 4278 189 4331 delent.
208 4277 310 4347 placet.
331 4296 398 4330 nam
425 4285 454 4329 et
480 4285 544 4346 post
569 4278 736 4344 cupiditatis
758 4279 832 4330 nude
856 4275 1005 4360 ponitur.“
1026 4276 1095 4334 Em.
1132 4276 1227 4345 „Mihi

83 4349 200 4419 quidem
217 4350 347 4403 consulto
372 4348 509 4402 addidisse
531 4347 647 4402 videtur
664 4348 766 4402 Oicero
783 4353 890 4416 gratia,
919 4356 953 4400 11
970 4347 1139 4425 ambiguitas
1155 4337 1229 4402 vita-
