2856 5084
578 278 711 364 creua
740 275 837 357 ne
910 230 912 234 Α
1024 334 1030 340 .
1258 274 1301 342 ss

144 444 241 507 malis
262 449 432 528 quaerere.
476 441 580 505 Cuius
602 443 773 526 multiplex
794 442 885 504 ratio
905 437 1095 522 disputandi
1115 457 1297 522 rerumque
1316 447 1358 500 11.

142 530 291 590 varietas
321 537 356 590 et
377 528 504 615 ingenii
525 526 731 612 magnitudo,
761 525 911 587 Platonis
937 525 1100 584 memoria
1125 533 1160 586 et
1187 525 1297 585 literis
1371 552 1378 560 ·

143 619 347 683 consecrate,
368 611 464 692 plura
486 628 611 696 genera
643 612 753 670 effecit
780 605 1050 669 dissentientium
1082 605 1298 689 pbilosopho-

142 711 230 753 rum.
273 694 439 776 liquibus
467 713 536 764 nos¹
560 691 601 754 id
628 693 838 773 potissimum
866 691 1039 752 consecuti
1072 707 1197 765 sumus,
1229 707 1296 770 quo

142 858 199 912 Ubi
217 857 445 912 Aldobrandinus
465 865 493 910 et
512 861 593 910 blena
626 876 659 909 us
677 857 817 910 nonnulla
836 855 1033 908 contuleruut.
1067 854 1109 909 Iis
1127 854 1210 907 addas
1226 848 1298 910 lic'et

142 928 300 982 Eusebium
317 930 363 982 Pr.
381 931 491 1002 Evang.
510 928 563 982 lib.
581 875 729 998 {ineam
749 927 836 980 LXII.
856 934 922 1014 pag‘.
941 930 1003 1010 815.
1031 930 1159 997 Χαίρειν,
1189 926 1297 994 iuquit,
1338 949 1345 959 ¹

143 997 230 1054 αὐτὸν
246 1001 400 1070 (Σωκράτη)
420 999 535 1054 εἰπόντα
553 999 584 1070 τῇ
601 999 788 1067 Ἀναξαγόρου
805 1002 849 1050 snt
869 1001 1010 1066 Δρχελαου
1028 998 1193 1066 φυσιολογίᾳ
1211 1001 1300 1064 ζητεῖν

122 1080 141 1133 ‚¹
304 1069 662 1136 muselenensium
686 1065 809 1122 eseiss’
830 1069 939 1134 ἀγαθόν
956 1087 985 1122 rs
1001 1068 1131 1123 τέτυκται.

143 1138 216 1192 Vide
244 1141 281 1192 sis
310 1141 507 1202 etPhilonem
533 1141 568 1192 de
590 1139 716 1193 Somuiis
740 1157 811 1214 pag.
824 1142 887 1195 446.
929 1141 992 1192 Hoc
1017 1157 1103 1191 versu
1124 1139 1157 1192 iu
1180 1139 1299 1193 eandem

143 1227 208 1262 rein
225 1229 289 1263 usos
307 1213 396 1266 tuisse
413 1211 613 1264 Menedemum
632 1219 661 1263 et
679 1209 861 1280 Aristippum
878 1211 997 1262 trudunt
1013 1209 1157 1282 Diogenes
1166 1211 1298 1263 Laertius
1406 1225 1409 1231 ·

142 1280 194 1346 Vl,
215 1285 274 1336 103.
295 1292 324 1335 et
341 1283 511 1335 Plutarchus
529 1282 603 1352 apud
619 1282 778 1334 Eusebium
796 1283 825 1331 P.
836 1282 871 1333 Ε.
888 1280 939 1333 lib.
953 1281 977 1338 1.
997 1297 1058 1350 cap.
1078 1281 1157 1334 Vlss.
1176 1283 1297 1354 Ptgffl·

143 1351 197 1403 Est
214 1361 310 1405 autem
329 1354 501 1406 Homericus
519 1353 616 1422 Odyss.
635 1353 669 1415 Δ,
688 1355 748 1408 392.
785 1351 822 1404 D.
963 1379 966 1388 ·

215 1430 241 1475 et
264 1423 358 1490 coegit
380 1426 416 1477 ete
435 1423 495 1476 vito
519 1429 546 1475 et
569 1423 710 1489 mamlius]
747 1421 791 1474 Ad
814 1429 878 1488 rem
900 1419 973 1474 lucis
988 1439 1012 1488 a
1035 1421 1154 1475 Dasisio
1174 1423 1297 1478 laudetis

143 1491 213 1545 adde
231 1496 393 1549 Musonium
411 1495 442 1547 in
460 1493 686 1562 Wytteubecbii
702 1493 876 1547 Philomath.
896 1490 919 1545 1.
938 1510 967 1562 p.
989 1495 1048 1548 164.
1075 1502 1105 1546 et
1123 1510 1217 1547 meam
1235 1495 1296 1549 eius

141 1563 201 1616 loci
218 1566 433 1618 conversionem
460 1565 559 1618 Germ.
584 1565 626 1618 in
643 1565 780 1618 Crenaeri
805 1572 835 1616 et
857 1563 961 1615 Daubii
983 1562 1092 1617 Studiis
1115 1564 1164 1619 Vl.
1184 1583 1214 1634 p.
1234 1568 1295 1622 121.

140 1635 176 1687 In
188 1652 266 1705 seqq.
281 1637 347 1690 Cod.
369 1637 451 1688 Vind.
461 1638 489 1690 1.
507 1636 624 1690 exhibet
641 1651 736 1688 rerum
753 1650 808 1705 pro
826 1650 983 1702 rerumque,
1001 1633 1090 1688 Rebd.
1110 1641 1297 1704 utrumque
1403 1696 1409 1702 s

140 1708 337 1786 rslrsm,(}ud.
358 1723 503 1776 remusque
519 1708 680 1773 amictura,
696 1706 799 1769 ‚Duisb
818 1711 847 1759 et
870 1705 982 1772 ingenii
1001 1705 1172 1774 megesinda
1188 1723 1298 1762 sessis·

141 1792 193 1844 que
210 1778 344 1831 norisius.
380 1780 441 1832 Mr.
1060 1789 1063 1793 '

105 1905 106 1910 ,
212 1847 350 1918 Plutonis
366 1849 504 1902 memorie
530 1855 557 1900 et
582 1848 674 1902 literis
696 1847 872 1915 csnsoerute]
890 1848 999 1913 „blaesi
1017 1847 1133 1902 subinde
1158 1848 1192 1901 iu
1208 1849 1296 1904 verbe

142 1925 318 1984 mnsecrntn,
348 1921 515 1989 coniecique
542 1918 737 1972 concreata‘t
762 1920 833 1972 Era.
869 1921 989 1972 Prevam
1006 1920 1127 1972 Ernesti
1149 1921 1297 1972 cornicetu-

114 1998 117 2009 ‘
140 2007 205 2042 rem
221 1990 308 2043 hebes
326 1991 358 2041 in
376 2007 433 2044 una
452 1991 519 2044 eod.
539 1992 589 2043 Ox.
627 1990 684 2043 Sed
700 1990 758 2042 vid.
779 1991 863 2043 modo
881 1990 941 2043 Cic.
960 1991 1035 2060 Epp.
1052 1991 1089 2043 sd
1106 1990 1140 2054 Q.
1157 1990 1210 2042 Fr.
1228 1990 1293 2047 11.

139 2062 191 2115 15:
224 2077 288 2113 cum
304 2061 492 2128 amplissimis
513 2060 748 2126 monumentis
772 2075 989 2114 consecrare
1011 2061 1147 2114 rduisses
1172 2076 1295 2119 raemo-

139 2133 176 2185 ri
182 2127 237 2183 urn‘
249 2133 376 2185 neminis
392 2136 450 2197 tui;
466 2132 502 2184 de
518 2133 566 2184 Or.
583 2131 635 2184 lll.
650 2135 698 2187 16:
717 2134 798 2185 euius
815 2133 964 2197 (Socratis)
981 2131 1127 2200 ingenium
1144 2131 1296 2201 eamusque

138 2218 279 2255 mones
304 2203 586 2256 immortalitati
609 2201 731 2268 scriptis
753 2203 816 2256 suis
833 2203 915 2256 Pluto
934 2203 1103 2258 tradidit,
1141 2205 1228 2256 Recte
1247 2220 1296 2256 ex-

160 2272 230 2325 liest
248 2275 295 2336 Or.
315 2275 351 2326 sd
367 2275 421 2330 W.
440 2273 551 2325 scholas
568 2269 812 2328 uerba‘msm'crin
829 2281 857 2327 st
876 2272 971 2327 literis
994 2274 1036 2324 ita
1053 2283 1086 2327 ut
1104 2274 1142 2325 sit
1159 2273 1297 2325 memoris

138 2290 238 2396 birris
254 2345 430 2412 configentes.
451 2369 484 2383 -·
522 2343 633 2397 Genera
656 2344 792 2418 intellige
816 2345 933 2414 αἱρέσεις
959 2361 982 2396 s.
1002 2351 1092 2396 sectas
1108 2342 1298 2414 philosopho,

139 2430 218 2466 mm:
245 2415 428 2484 :Cyrenaicos
445 2415 599 2490 siguificat,
622 2414 748 2480 Eliscos,
775 2417 953 2480 Eretriscos,
976 2415 1144 2489 Megaricos,
1161 2414 1296 2485 Cynicos,

139 2483 261 2550 Stoicos,
280 2486 464 2538 Academicos
489 2494 518 2538 et
531 2485 751 2555 Peripateticos.
784 2487 844 2540 Mn.
912 2515 920 2525 -

208 2557 294 2622 plura
311 2572 417 2623 genero
434 2555 525 2622 effecit
543 2557 764 2612 dissentientium
779 2555 1016 2626 philosophorum]
1044 2555 1191 2624 scribitur
1208 2553 1296 2622 efficit

138 2625 172 2676 in
192 2624 277 2688 codd.
299 2627 372 2680 cue.
389 2630 450 2683 tn
472 2628 504 2678 in
520 2628 592 2680 Edd.
612 2629 645 2680 B.
661 2629 693 2682 C.
712 2630 744 2685 V.
763 2628 827 2682 Asc
839 2632 864 2684 2.
885 2628 966 2682 Junt.
985 2628 1054 2683 Rob.
1074 2625 1175 2695 Steph.
1195 2628 1293 2682 Herus.
1361 2659 1363 2662 >

137 2697 220 2749 Unus
238 2697 304 2753 Cod.
325 2699 375 2752 Ox.
396 2699 507 2751 omittit
530 2712 646 2766 genere,
675 2700 752 2752 elius
773 2699 859 2754 habet
886 2700 954 2763 iecit
978 2716 1032 2770 pro
1055 2698 1164 2763 effecits
1193 2697 1295 2772 pergit

136 2768 214 2819 Mon.
228 2771 253 2822 1:
271 2767 441 2840 merentium
457 2769 544 2836 (sic);
561 2770 636 2844 Aug.
657 2779 686 2822 et
704 2779 765 2823 tres
775 2773 844 2824 Oxx.
864 2771 1077 2833 dissidentium,
1094 2768 1170 2838 quod
1187 2768 1218 2820 iu
1235 2784 1295 2821 uno

135 2837 266 2891 Palatino
286 2838 376 2903 (seo.)
404 2848 554 2910 repertum
571 2841 708 2910 probabat
726 2840 893 2894 Gebhardus
911 2842 944 2894 iu
961 2840 1142 2910 crepundiis,
1166 2840 1248 2891 cuius
1265 2845 1295 2892 sc

136 2909 266 2962 nondum
288 2911 438 2980 poenitere
461 2909 535 2962 dicit
559 2911 591 2962 in
613 2929 679 2963 auu.
709 2913 744 2964 ad
760 2912 790 2964 b.
809 2912 830 2964 l.
867 2912 1002 2965 ldemex
1019 2910 1089 2964 Pell
1109 2917 1177 2964 tert.
1198 2909 1293 2979 quint.

137 2980 221 3032 Febr.
247 2982 374 3034 enotavit
399 2981 595 3035 disserentium
619 2981 706 3052 (quod
730 2991 771 3035 est
797 2983 885 3035 etiem
912 2985 944 3034 in
970 2981 1076 3040 duobus
1103 2981 1172 3035 Oxx.
1199 2979 1292 3037 Rehd.

137 3050 212 3104 Gud.
232 3051 341 3118 Duisb.)
361 3061 391 3106 et
409 3070 445 3105 ex
463 3052 520 3104 Pal.
540 3062 634 3122 quart.
656 3053 861 3106 dissensionum
878 3053 953 3117 (sic).
980 3053 1064 3106 Mr..

133 3121 139 3129 “
208 3122 234 3174 Ε
251 3122 351 3188 quitus
369 3140 418 3176 nos
434 3123 467 3176 id
482 3124 657 3189 potissimum
676 3126 830 3177 commoti
847 3124 961 3189 sumus]
998 3120 1224 3188 „tionsecuti
1244 3137 1294 3174 eu·

135 3207 200 3245 mus
220 3192 307 3244 hebet
326 3193 392 3247 cod.
413 3193 527 3264 Gryph.
548 3203 578 3246 et
595 3195 648 3247 Ed.
668 3195 768 3247 Vicat
791 3196 876 3247 Brut.
914 3194 1084 3261 „satisfecit
1105 3193 1180 3245 mihi
1199 3202 1229 3247 et
1247 3192 1292 3246 cl.
1389 3258 1393 3263 ι

136 3262 266 3316 Grutero
284 3273 384 3318 nostro
399 3265 472 3317 baec
489 3265 587 3331 lectio,
617 3282 704 3334 quam
725 3274 824 3318 tamen
845 3273 879 3317 ut
904 3265 1093 3318 sollicitarem
1111 3280 1229 3316 movere
1246 3280 1293 3318 me

94 3370 99 3382 .
134 3341 270 3404 poterunt
295 3344 405 3405 septem
433 3333 510 3388 MSS.
541 3344 572 3388 et
593 3335 646 3388 Ed.
666 3336 863 3412 Victorinus
886 3337 989 3406 quibus
1014 3333 1188 3389 consecuti.“
1209 3332 1291 3388 Gedd.

108 3464 110 3471 ,
135 3405 204 3458 (lod.
225 3403 300 3456 Gud.
318 3409 345 3460 1.
374 3405 459 3459 habet
478 3406 577 3474 quiem
593 3413 631 3459 ut
648 3422 708 3459 nce.
745 3408 806 3460 Mr.
998 3401 1001 3414 '

206 3474 242 3528 id
256 3477 432 3541 potissimum
450 3476 599 3530 consecuti
617 3479 729 3545 sumus]
756 3479 850 3553 Vulgo
868 3475 1019 3532 consectati
1035 3491 1138 3530 sumus.
1164 3476 1208 3530 Ee
1226 3490 1293 3531 sane

133 3543 227 3599 lectio
249 3545 382 3602 Grutero
404 3555 434 3602 et
458 3546 612 3602 Gebhardo
636 3550 805 3603 satisfacere
827 3566 885 3601 uon
904 3549 1013 3611 debuit,
1040 3565 1107 3600 cum
1126 3547 1293 3602 renitantur

133 3616 230 3683 Mssti,
250 3619 462 3691 scripturaque,
480 3636 568 3690 quam
579 3619 730 3688 exhibent,
748 3639 814 3674 sana
833 3621 874 3674 sit
890 3628 920 3674 et
933 3621 1054 3673 sincere
1082 3619 1199 3674 Plautus
1208 3618 1291 3672 Asin.
1334 3666 1342 3674 .

132 3687 199 3740 Act.
224 3689 261 3741 11.
286 3689 335 3746 se.
358 3691 382 3755 1,
409 3694 452 3747 13»
489 3691 601 3744 Certum
624 3688 718 3745 inere
745 3698 789 3745 est
814 3697 936 3744 vostrum
954 3691 1092 3762 consequi
1117 3689 1290 3745 sententiam.

134 3758 240 3814 fficsrc
265 3759 355 3813 111).
381 3759 432 3813 lib.
451 3760 475 3813 1.
503 3778 564 3832 cap.
584 3764 626 3818 15.
664 3764 749 3818 Quem
765 3764 936 3832 Babylonius
954 3763 1097 3829 Diogenes
1115 3777 1291 3831 consequeus

131 3830 165 3884 in
182 3845 216 3884 es
233 3830 317 3894 uuo,
336 3828 385 3899 qui
402 3833 572 3886 inscribitur
587 3835 623 3886 de
640 3835 785 3888 Minerua.
818 3835 904 3887 Plura
916 3834 1028 3888 Nonius
1046 3834 1079 3886 in
1096 3833 1233 3899 consequi.
1251 3831 1290 3882 D.

204 3899 406 3955 consectati
422 3903 528 3967 murus]
555 3904 664 3969 ,diocte
682 3906 752 3959 Dav.
772 3907 903 3959 correxit
921 3904 1075 3966 consecuti,
1101 3900 1179 3970 quod
1197 3903 1241 3954 est
1258 3899 1292 3951 iu

132 3970 223 4027 Oedi.
244 3972 352 4026 nostris
370 3972 504 4025 omuibus
522 3983 553 4026 et
569 3972 626 4028 Re:
643 3985 743 4030 nostra
761 3976 844 4030 vat.“
869 3974 959 4028 Bonis.
1006 4020 1009 4024 ⁴
1101 4016 1104 4023 .

205 4043 390 4097 consecuti
411 4043 521 4108 sumus]
558 4045 645 4111 „vul
708 4056 754 4101 est
771 4046 935 4101 consectotis
960 4040 1010 4095 sed
1032 4039 1102 4108 quia
1120 4044 1165 4090 est
1182 4037 1215 4089 in
1233 4034 1290 4088 MS.

132 4112 232 4166 Guell.
253 4117 401 4177 consecuti,
432 4114 560 4181 iussuque
579 4115 705 4178 inuiis,
733 4133 784 4169 uos
803 4117 843 4178 id,
861 4123 905 4176 ,ut
922 4111 1108 4180 exquisitius,
1127 4108 1292 4178 recepimus

97 4194 100 4199 ·
132 4199 200 4235 cum
219 4183 345 4239 Davisio.
374 4185 424 4239 Sic
444 4193 474 4239 et
493 4183 562 4236 alibi
580 4190 708 4254 consequi
724 4203 780 4256 pro
798 4184 954 4238 consectari
972 4180 1056 4233 dixit.
1075 4179 1138 4234 Vid.
1158 4179 1238 4234 Clas.
1258 4180 1303 4233 iu

131 4252 226 4308 h.s.‘⁴
244 4256 314 4307 Ern.
334 4257 447 4309 Habent
464 4256 602 4310 consecuti
611 4255 710 4320 codd,
727 4266 761 4308 ut
777 4256 905 4321 uidetur,
925 4255 995 4306 (lxx.
1016 4269 1127 4317 omnes,
1147 4251 1221 4306 Gud.
1231 4256 1255 4307 1.
1263 4253 1290 4306 1.
1366 4252 1374 4268 ’

132 4325 177 4377 Au
201 4363 208 4378 .
228 4326 313 4381 Viud.
333 4330 357 4382 1.
390 4330 468 4383 Mon.
490 4333 513 4387 L
534 4331 559 4382 2.
588 4327 672 4379 Rern.
700 4326 771 4382 lien.
798 4327 887 4379 lllarb.
906 4323 980 4379 Edd.
999 4327 1029 4381 P.
1046 4325 1079 4380 V.
1099 4325 1169 4378 Rob.
1189 4321 1289 4394 Stepb.

91 4423 97 4428 ·
131 4344 217 4450 verb
237 4397 309 4450 Ern.
330 4415 393 4468 sqq.
431 4400 466 4452 ln
484 4398 553 4454 coi.
572 4397 693 4458 tinus
713 4373 760 4454 eit²
775 4415 791 4451 e
808 4398 906 4467 quitus
930 4404 967 4453 ut
984 4413 1036 4452 nos
1050 4395 1096 4463 id,
1115 4398 1149 4450 iu
1165 4397 1241 4450 lllou.
1262 4399 1288 4452 1.
1321 4432 1323 4436 -
