2856 5084
407 270 630 338 excussus
651 270 743 339 x1u.
766 271 809 337 aa
829 271 887 337 1v.
909 275 960 355 n,
981 272 1032 340 to.
1233 274 1296 343 sev

211 442 385 495 Ernestus
401 439 436 493 ad
452 458 479 493 r.
498 446 596 507 partes
613 437 693 494 babet
711 436 911 494 dissentientes
928 437 1018 492 haec:
1036 475 1055 504 „
1063 439 1164 495 Partes
1182 443 1293 496 diesen-

140 513 242 566 tientes
259 512 308 565 hic
327 529 384 564 non
402 511 540 581 placuere
558 511 630 563 viris
650 512 749 565 doctis.
786 510 935 564 Bentleius
954 511 1083 563 correxit
1101 528 1188 579 pares
1207 513 1295 567 dissi-⁸

139 583 258 637 dentiae.
296 583 352 636 Sed
370 582 401 635 id
419 581 534 652 probari
552 597 609 634 non
628 590 731 651 potest.
769 583 896 635 Verbum
911 588 1009 648 portes
1028 585 1218 636 necessarium
1241 593 1294 649 est,

138 656 207 722 qu‘rn
224 653 323 723 paullo
341 662 405 724 post
424 661 490 704 sunt
507 661 603 721 portes
620 652 799 707 vitiositatis.
837 653 930 705 Ducta
947 669 993 704 res
1012 660 1054 704 est
1078 670 1094 704 a
1113 669 1232 724 corpore
1251 656 1295 708 di-

137 733 238 788 storto,
256 733 290 776 ut
307 743 323 777 e
341 742 419 794 seqq.
439 731 529 794 patet,
556 723 663 792 inquo
681 733 776 795 partes
794 722 978 786 dissentiunt,
1006 739 1064 775 non
1089 723 1161 778 bene
1181 733 1210 777 et
1228 733 1294 796 apte

137 795 301 849 cohaerent.
323 795 419 864 itaque
439 810 504 846 :nox
522 793 635 860 affectio
654 825 687 836 -
708 827 739 838 -
761 812 815 847 non
833 796 955 847 distorto
972 810 1023 846 nec
1038 795 1162 860 μναῖαι*ί

142 904 144 909 -
207 865 402 920 Nissenius
426 866 510 922 adv.
533 866 580 917 lta
605 867 653 930 fit,
678 871 710 917 ut
735 865 766 919 in
789 867 890 929 altera,
923 864 1104 933 corruptione
1135 865 1293 936 opinionum

136 938 252 1005 morbus,
268 936 426 1002 efficiatur:
447 964 480 974 -
511 936 652 1001 „Altera
677 936 727 997 ait,
755 953 812 1006 quo
835 937 1020 988 referendum
1043 936 1092 999 sit,
1115 954 1173 991 non
1200 938 1292 990 video.

136 1009 210 1061 Mihi
229 1009 345 1078 quidem
365 1009 499 1068 incisum,
527 1000 584 1076 quo
603 1007 767 1080 seiungitur
793 1007 1015 1077 acorruptione,
1042 1007 1197 1060 delendum
1216 1008 1295 1062 vide·

136 1079 219 1132 tur.“
255 1079 336 1132 Idem
360 1079 395 1131 ad
419 1097 446 1132 v.
465 1078 530 1131 Non
553 1077 626 1130 enim
651 1093 730 1130 omne
755 1077 853 1130 vitium
880 1084 978 1146 partes
996 1077 1077 1131 iubet
1095 1078 1294 1133 dissentientes

138 1177 172 1188 -
188 1151 287 1215 „Haec
310 1159 473 1224 repugnant
492 1143 740 1219 superioribus'et
758 1166 858 1200 rerum
877 1157 1004 1200 naturae.
1041 1150 1118 1224 [sego
1137 1165 1240 1214 omncs,
1260 1159 1294 1203 ut

136 1238 204 1272 cum
223 1222 363 1290 exemplo,
384 1222 461 1290 quod
480 1221 639 1284 inducitur,
659 1220 752 1272 oratio
771 1219 931 1272 conveniat.
960 1220 996 1271 ln
1014 1220 1066 1271 Bd.
1088 1224 1213 1291 Operum
1232 1220 1291 1274 Cic.

137 1290 297 1345 Oreititts
320 1292 402 1345 haec:
441 1291 539 1355 „Sana
563 1291 634 1343 haee
659 1307 769 1353 censeo,
798 1291 850 1342 etsi
874 1291 1024 1343 fatendum
1051 1300 1101 1356 est,
1127 1307 1187 1344 non
1205 1292 1294 1345 ninnis

136 1362 213 1415 clare
236 1363 265 1419 h.
285 1363 304 1417 l.
331 1363 463 1415 aTullio
488 1380 625 1415 conversa
652 1379 711 1414 esse
738 1362 824 1413 verba
843 1355 966 1413 alicuius
991 1361 1158 1432 philosophi
1177 1363 1293 1418 Graeci.

136 1431 240 1485 Sensus
259 1435 390 1486 videtur:
411 1450 468 1485 non
487 1435 518 1485 in
537 1434 616 1486 oriani
635 1432 707 1485 vitio
726 1431 801 1485 inest
820 1441 919 1502 aperta
937 1432 1075 1504 dissensio
1093 1442 1121 1485 et
1131 1451 1294 1506 repugnan-

135 1504 186 1569 tia,
206 1503 276 1568 sive,
295 1514 329 1557 ut
348 1504 527 1557 blacrobiann
545 1503 682 1556 vocabulo
701 1512 779 1567 utar:
800 1502 987 1556 contrarietas
1000 1503 1180 1578 singularum
1198 1505 1294 1557 veluti

135 1575 196 1627 eius
214 1575 353 1645 partium:
374 1592 454 1645 saepe
466 1577 601 1628 'defectus
619 1575 715 1645 potius
734 1574 850 1642 quidam
870 1574 901 1625 in
920 1590 952 1627 eo
971 1577 1117 1640 cernitur:
1147 1592 1204 1644 quo
1229 1577 1295 1645 qui-

135 1645 199 1698 dem
219 1647 263 1711 fit,
296 1657 329 1699 ut
348 1648 492 1715 discrepat
515 1664 581 1697 cum
599 1663 628 1697 se
647 1646 708 1715 ipsa
726 1642 858 1711 effectio,
884 1645 985 1710 idest,
1013 1653 1045 1696 ut
1069 1646 1135 1697 talis
1160 1662 1217 1698 non
1244 1647 1292 1712 sit,

136 1717 228 1786 qualis
248 1735 306 1770 esse
325 1718 454 1781 deberet:
480 1734 537 1769 non
557 1727 655 1768 tamen
672 1732 789 1786 prorsus
807 1724 850 1768 est
868 1716 923 1768 sibi
942 1715 1070 1780 iminica,
1093 1717 1143 1770 vel
1169 1716 1293 1770 distorta

134 1805 168 1841 nc
185 1788 304 1858 prava.“
341 1789 420 1841 Idem
440 1789 474 1840 ad
492 1787 652 1843 BAWolfii
668 1786 778 1839 scholas
795 1787 876 1857 prius
895 1787 927 1840 in
947 1790 1038 1841 altero
1051 1787 1191 1856 explicat:
1210 1796 1292 1858 parte

134 1857 314 1921 vitiositatis,
342 1867 374 1909 nt
398 1859 576 1926 corruptione
602 1857 759 1924 opinionum
786 1861 823 1909 sit
849 1858 998 1910 Ablativus
1027 1860 1229 1911 instrumenti:
1258 1861 1293 1914 ad

134 1932 277 1998 posterius
305 1929 459 2002 intelligit:
491 1929 654 1994 vitiositate,
681 1934 815 1998 quatenus
834 1935 872 1980 est
890 1926 1018 1981 babitus:
1048 1929 1150 1980 addens
1174 1930 1293 1983 Kiihne·

135 2017 202 2052 rum
229 2001 350 2070 probare
372 2000 498 2052 Bentleii
522 1999 762 2063 emendationem,
787 1999 903 2068 locique
930 1999 1018 2051 totius
1042 1998 1178 2054 exhibere
1197 2001 1293 2070 expli·
1378 2034 1381 2039 ι

134 2072 278 2124 cntionem
301 2072 452 2124 admodum
476 2071 662 2141 probabilem.
700 2068 773 2122 lllihi
793 2083 906 2139 quoquc
930 2070 1013 2122 valde
1040 2070 1180 2138 probatur
1197 2069 1292 2124 Kiti-

135 2143 216 2196 nert‘
234 2143 399 2213 explicatio,
420 2160 475 2212 qua
494 2160 562 2195 cum
579 2141 733 2194 meliorem
754 2139 888 2193 exhibere
907 2157 966 2192 non
983 2141 1099 2211 possim,
1120 2141 1207 2193 liceat
1217 2142 1292 2194 mihi

134 2230 198 2267 eam
222 2215 253 2266 in
272 2232 365 2266 meam
394 2214 550 2266 editionem
574 2214 746 2265 transferres
778 2211 947 2277 „Quomodo
967 2211 999 2262 iu
1024 2228 1145 2281 corpore
1164 2213 1291 2280 morbus,

134 2287 292 2359 aegrotatio
312 2292 340 2336 et
359 2286 464 2337 vitium
483 2283 722 2354 deprehenditur:
756 2283 798 2334 sic
826 2283 857 2332 in
884 2282 979 2333 animo
1002 2284 1061 2334 tria
1087 2283 1289 2352 reperiuntur:

104 2357 105 2360 ’
134 2356 260 2421 morbus,
285 2373 316 2408 ae
339 2357 442 2408 rotatio
467 2366 496 2409 et
520 2355 662 2407 vitiositas
692 2352 935 2416 (Kranlsheit,
967 2352 1174 2418 Siechheit,
1203 2354 1292 2408 sitt-

133 2427 236 2480 liche
254 2375 530 2480 vericehrtheit
549 2425 613 2477 der
632 2424 760 2489 Seele).
781 2424 957 2493 Quamquam
976 2423 1007 2474 in
1025 2423 1121 2479 animo
1139 2425 1195 2476 alin
1214 2426 1290 2478 ratio

96 2522 100 2527 ·
134 2507 179 2550 est
196 2506 282 2567 atque
302 2499 335 2549 in
352 2514 481 2566 corpore.
520 2497 640 2550 Scilicet
668 2495 700 2546 in
719 2511 840 2564 corpore
858 2496 917 2547 tria
939 2495 992 2546 illa
1011 2505 1077 2547 sunt
1102 2495 1184 2548 inter
1201 2514 1229 2548 se
1248 2497 1311 2548 dir

132 2578 229 2623 tersa:
249 2570 394 2621 inanimo
413 2584 471 2620 non
490 2569 567 2619 item.
605 2567 723 2619 Etenim
741 2566 772 2617 in
790 2565 886 2618 animo
905 2565 1023 2628 morbus
1038 2575 1067 2620 et
1080 2567 1238 2641 aegrotatio
1257 2586 1290 2622 re

133 2641 266 2708 copulata
289 2649 367 2704 sunt,
396 2647 424 2690 et
447 2639 622 2713 cogitatione
645 2646 759 2689 tantum
781 2637 984 2711 seiunguntur,
1007 2631 1099 2706 quum
1129 2639 1289 2712 aegrotatio

133 2709 211 2762 nihil
229 2711 308 2764 aliud
329 2711 376 2777 sit,
396 2711 452 2762 nisi
471 2727 597 2762 summus
615 2710 719 2783 gradus
737 2707 840 2761 morbi.
878 2711 967 2761 Porro
984 2709 1092 2760 vitium
1108 2708 1196 2783 longe
1209 2709 1309 2763 aliud·

93 2795 97 2802 ·
133 2790 176 2834 est
194 2781 226 2833 in
244 2798 374 2851 corpore,
392 2790 478 2850 atque
498 2782 529 2833 in
547 2782 652 2832 animo.
689 2781 763 2832 Nam
787 2797 877 2849 quum
903 2779 966 2848 quis
984 2779 1091 2831 vitium
1118 2779 1289 2849 incorpore

131 2851 244 2918 habeat,
270 2853 382 2927 integra
400 2861 496 2904 tamen
520 2869 579 2904 esse
601 2858 695 2920 potest
718 2850 866 2903 valetudo:
897 2867 951 2902 nec
976 2850 1083 2901 vitium
1109 2849 1140 2901 in
1167 2866 1289 2920 corpore

132 2923 312 2976 contrarium
331 2931 372 2977 est
390 2923 506 2976 sanitati
524 2923 662 2991 corporis,
682 2939 775 2991 neque
789 2938 825 2973 ex
836 2939 869 2974 θο
881 2919 1018 2975 oriuntur
1028 2919 1122 2972 morbi
1140 2928 1169 2972 et
1188 2937 1289 3005 aegro-

132 2995 265 3047 tationes.
302 2995 409 3048 Contra
428 2994 572 3046 inanimo
591 2993 731 3046 vitiositas
751 2991 897 3044 contraria
915 3001 958 3044 est
976 2991 1091 3061 sanitati
1109 2992 1208 3055 animi,
1228 3011 1249 3046 t.
1261 3009 1285 3049 e.

130 3066 245 3130 virtuti,
265 3084 300 3118 ex
319 3083 408 3134 eaque
427 3065 611 3117 concitantur
627 3063 867 3134 perturbationes,
887 3079 959 3132 quae
979 3061 1111 3116 efficiunt
1125 3063 1239 3115 morbos
1258 3072 1288 3118 et

130 3138 350 3211 aegrotationes.
388 3137 488 3204 Itaque
514 3135 621 3205 vitium
645 3135 734 3188 animi
757 3152 815 3187 non
838 3135 933 3204 ipsum
960 3151 996 3186 ex
1021 3151 1050 3185 se
1076 3133 1218 3199 cernitur,
1242 3135 1286 3188 uti

130 3209 237 3260 vitium
257 3207 396 3278 corporis,
426 3208 540 3279 integra
556 3205 736 3271 valetudine:
764 3205 811 3258 sed
830 3205 983 3258 conturbat
1010 3204 1100 3257 animi
1125 3205 1285 3259 sanitatem.

130 3279 184 3332 Uti
209 3279 303 3330 virtus
327 3287 369 3332 est
392 3277 508 3330 affectio
533 3276 624 3328 animi
648 3284 779 3329 constans
802 3276 1047 3345 conveniensque:
1086 3275 1127 3328 ita
1144 3276 1287 3330 vitiositas

130 3347 246 3402 affectio
258 3345 326 3413 ⁴(aut
343 3349 469 3412 habitus)
494 3348 525 3399 in
542 3356 603 3400 tota
626 3347 688 3400 vita
696 3347 870 3401 inconstans
889 3355 918 3400 et
936 3365 952 3398 a
976 3363 1004 3399 se
1028 3346 1089 3416 ipsa
1107 3347 1286 3400 dissentiens.

130 3421 209 3473 Haec
227 3429 324 3474 autem
340 3419 507 3473 vitiositatis
526 3417 640 3472 affectio
658 3419 682 3470 si
700 3419 818 3494 gravior
836 3427 887 3482 est,
912 3417 1096 3488 corruptione
1116 3418 1287 3487 opinionum

131 3491 265 3544 morbum
284 3490 377 3544 efficit
395 3499 424 3544 et
441 3490 683 3565 aegrotationem
702 3482 747 3540 siri
764 3489 868 3553 levior,
887 3488 1110 3541 inconstantiam
1127 3496 1242 3540 tantum
1257 3497 1287 3543 et
1317 3507 1323 3535 η·

130 3562 363 3636 repugnantiam.
398 3562 465 3614 Non
484 3561 563 3615 enim
581 3578 664 3613 omne
683 3560 788 3612 vitium
804 3575 892 3628 pares
909 3559 996 3612 habet
1013 3559 1205 3614 dissensiones
1229 3557 1288 3626 (sio

131 3634 210 3688 enim
232 3633 388 3705 legendum
412 3633 447 3686 de
470 3631 597 3687 Bentleii
621 3631 815 3698 coniectura);
846 3648 921 3696 nam,
947 3631 997 3700 qui
1022 3646 1081 3684 non
1106 3631 1192 3706 longe
1211 3651 1228 3685 a
1245 3650 1288 3686 sa·

130 3704 241 3776 pientia
258 3705 369 3768 absunt,
397 3703 445 3755 illi
462 3703 580 3773 quidem
598 3702 761 3773 discrepant
785 3702 839 3773 sibi
863 3703 919 3773 ipsi
943 3701 1080 3768 (nondum
1100 3703 1177 3756 enim
1195 3702 1288 3773 ipsam

82 3796 85 3801 ·
130 3774 301 3846 sapientiam
319 3775 507 3848 attigerunt);
533 3774 658 3843 sednon
677 3773 717 3825 ita
734 3773 856 3827 distorto
881 3781 910 3826 et
928 3790 1018 3844 pravo
1036 3775 1132 3826 animo
1151 3782 1228 3838 sunt,
1253 3782 1287 3827 ut

131 3845 164 3910 ii,
193 3847 245 3914 qui
268 3846 354 3918 longe
383 3863 399 3896 a
423 3845 561 3915 sapientia
583 3844 717 3898 absunt.“
753 3843 841 3897 Addit
858 3844 946 3908 idem,
972 3845 1089 3896 nomina
1107 3841 1220 3896 babitus
1236 3852 1288 3897 aut

131 3916 245 3983 affectio
264 3932 321 3969 non
339 3915 463 3968 diversas
481 3916 586 3969 habere
604 3915 839 3990 significationes,
857 3916 1009 3968 sedunam
1028 3913 1205 3984 eandemque
1223 3931 1286 3970 rem
1341 3983 1342 3986 Ἴ

131 3989 296 4062 designare:
326 3987 428 4040 deinde
446 3987 481 4040 ad
497 3986 586 4040 verba
602 3985 633 4038 in
651 3989 744 4040 attero
764 3988 847 4040 -in
871 3986 961 4040 attera
978 3985 1131 4054 utrobique
1150 3986 1287 4055 supplen-

131 4060 201 4114 dum
220 4077 278 4112 esse
297 4059 452 4124 affectione.
474 4089 506 4100 -
543 4057 618 4124 Quae
637 4057 733 4110 omnia
749 4065 783 4108 ut
801 4064 868 4107 sunt
886 4055 994 4126 optime
1012 4055 1164 4125 disputata,
1184 4056 1225 4109 ita
1242 4065 1287 4111 ta-

100 4184 105 4188 .
131 4148 199 4184 meu
217 4149 263 4185 me
281 4147 339 4183 uon
356 4136 520 4195 moverunt,
537 4137 572 4180 ut
588 4127 715 4180 Bentleii
733 4127 928 4180 coniecturam
942 4127 1128 4197 reciperem⁴
1150 4128 1235 4193 Nam,
1253 4136 1288 4182 ut

132 4210 242 4256 taceam
260 4203 294 4255 de
314 4200 442 4253 omnium
461 4199 604 4252 librorum
623 4214 770 4264 consensu,
797 4198 854 4249 iam
874 4199 951 4268 quod
974 4197 1085 4269 legitur
1108 4197 1206 4251 statim
1223 4207 1290 4268 post
1334 4220 1338 4237 =

132 4274 235 4343 capitis
258 4273 392 4327 initium:
433 4270 544 4327 Vitium
567 4269 751 4340 (appellant),
776 4284 858 4338 quum
873 4275 971 4338 partes
990 4293 1024 4306 ·-
1043 4267 1121 4322 inter
1144 4286 1175 4324 se
1200 4269 1291 4324 dissi·

133 4345 208 4411 dent,
232 4360 283 4398 nos
301 4345 453 4398 admonere
470 4342 599 4406 videtur,
625 4340 769 4412 respicere
794 4346 890 4392 nostro
917 4341 982 4393 loco
1002 4340 1172 4394 Ciceronem
1199 4342 1233 4395 ad
1256 4359 1291 4396 ea

133 4417 194 4486 ipsa
219 4414 320 4470 rerba:
346 4414 449 4471 deinde
472 4430 543 4478 vero
569 4411 641 4468 haec
664 4410 819 4484 probabilis
848 4427 884 4465 ex
906 4410 1024 4486 vulgata
1046 4411 1173 4468 lectione
1190 4413 1290 4485 prodit
