<?xml version="1.0" encoding="UTF-8"?>
<!DOCTYPE html PUBLIC "-//W3C//DTD XHTML 1.0 Transitional//EN"
    "http://www.w3.org/TR/xhtml1/DTD/xhtml1-transitional.dtd">
<html xmlns="http://www.w3.org/1999/xhtml" xml:lang="en" lang="en">
 <head>
  <title>
</title>
<meta http-equiv="Content-Type" content="text/html;charset=utf-8" />
  <meta name='ocr-system' content='tesseract 3.04.00' />
  <meta name='ocr-capabilities' content='ocr_page ocr_carea ocr_par ocr_line ocrx_word'/>
</head>
<body>
  <div class='ocr_page' id='page_1' title='image "./mtulliiciceroni02davigoog/mtulliiciceroni02davigoog_0113.png"; bbox 0 0 2856 5084; ppageno 0'>
   <div class='ocr_carea' id='block_1_1' title="bbox 220 272 1275 343">
    <p class='ocr_par' dir='ltr' id='par_1_1' title="bbox 220 272 1275 343">
     <span class='ocr_line' id='line_1_1' title="bbox 220 272 1275 343; baseline -0.004 -2"><span class='ocrx_word' id='word_1_1' title='bbox 220 277 279 341; x_wconf 82' lang='lat'><strong>122</strong></span> <span class='ocrx_word' id='word_1_2' title='bbox 412 273 642 338; x_wconf 78' lang='lat' dir='ltr'>CICERONIS</span> <span class='ocrx_word' id='word_1_3' title='bbox 665 272 914 343; x_wconf 65' lang='lat' dir='ltr'><strong>‘tusculum</strong></span> <span class='ocrx_word' id='word_1_4' title='bbox 936 275 1168 341; x_wconf 86' lang='lat' dir='ltr'><strong>DISPUTAT.</strong></span> <span class='ocrx_word' id='word_1_5' title='bbox 1271 283 1275 288; x_wconf 83' lang='lat'>&#39;</span> 
     </span>
    </p>
   </div>
   <div class='ocr_carea' id='block_1_2' title="bbox 217 440 1368 609">
    <p class='ocr_par' dir='ltr' id='par_1_2' title="bbox 217 440 1368 609">
     <span class='ocr_line' id='line_1_2' title="bbox 217 440 1368 525; baseline 0.001 -22"><span class='ocrx_word' id='word_1_6' title='bbox 217 460 318 521; x_wconf 88' lang='lat' dir='ltr'><strong>quum</strong></span> <span class='ocrx_word' id='word_1_7' title='bbox 340 442 460 504; x_wconf 83' lang='lat' dir='ltr'><strong>fossnm</strong></span> <span class='ocrx_word' id='word_1_8' title='bbox 482 442 581 505; x_wconf 80' lang='lat' dir='ltr'><strong>latam</strong></span> <span class='ocrx_word' id='word_1_9' title='bbox 603 441 789 509; x_wconf 80' lang='lat' dir='ltr'><strong>cubiculari</strong></span> <span class='ocrx_word' id='word_1_10' title='bbox 809 442 900 511; x_wconf 84' lang='lat' dir='ltr'><strong>lectu</strong></span> <span class='ocrx_word' id='word_1_11' title='bbox 920 440 1206 519; x_wconf 80' lang='lat' dir='ltr'><strong>circumdedisset,</strong></span> <span class='ocrx_word' id='word_1_12' title='bbox 1229 444 1368 525; x_wconf 82' lang='lat' dir='ltr'><strong>eiusque</strong></span> 
     </span>
     <span class='ocr_line' id='line_1_3' title="bbox 217 524 1368 609; baseline 0.004 -27"><span class='ocrx_word' id='word_1_13' title='bbox 217 525 327 585; x_wconf 81' lang='lat' dir='ltr'><strong>fossae</strong></span> <span class='ocrx_word' id='word_1_14' title='bbox 347 524 527 586; x_wconf 70' lang='lat' dir='ltr'><strong>transitum</strong></span> <span class='ocrx_word' id='word_1_15' title='bbox 548 524 720 602; x_wconf 67' lang='lat' dir='ltr'><strong>quantulo</strong></span> <span class='ocrx_word' id='word_1_16' title='bbox 742 524 855 609; x_wconf 80' lang='lat' dir='ltr'><strong>liques</strong></span> <span class='ocrx_word' id='word_1_17' title='bbox 874 524 1121 597; x_wconf 65' lang='lat' dir='ltr'><strong>coniunxiscutc</strong></span> <span class='ocrx_word' id='word_1_18' title='bbox 1147 544 1223 593; x_wconf 81' lang='lat' dir='ltr'><strong>eum</strong></span> <span class='ocrx_word' id='word_1_19' title='bbox 1244 527 1368 607; x_wconf 77' lang='lat' dir='ltr'><strong>ipsum,</strong></span> 
     </span>
    </p>
   </div>
   <div class='ocr_carea' id='block_1_3' title="bbox 217 605 1424 758">
    <p class='ocr_par' dir='ltr' id='par_1_3' title="bbox 217 605 1424 758">
     <span class='ocr_line' id='line_1_4' title="bbox 217 605 1424 690; baseline 0.008 -23"><span class='ocrx_word' id='word_1_20' title='bbox 217 625 322 687; x_wconf 85' lang='lat' dir='ltr'><strong>quum</strong></span> <span class='ocrx_word' id='word_1_21' title='bbox 339 607 448 669; x_wconf 83' lang='lat' dir='ltr'><strong>torem</strong></span> <span class='ocrx_word' id='word_1_22' title='bbox 467 605 615 670; x_wconf 84' lang='lat' dir='ltr'><strong>cubiculi</strong></span> <span class='ocrx_word' id='word_1_23' title='bbox 635 607 810 684; x_wconf 77' lang='lat' dir='ltr'><strong>clauserat,</strong></span> <span class='ocrx_word' id='word_1_24' title='bbox 830 605 1064 686; x_wconf 75' lang='lat' dir='ltr'><strong>detorquebat.</strong></span> <span class='ocrx_word' id='word_1_25' title='bbox 1095 605 1251 689; x_wconf 78' lang='lat' dir='ltr'><strong>itemquo</strong></span> <span class='ocrx_word' id='word_1_26' title='bbox 1266 628 1368 690; x_wconf 83' lang='lat' dir='ltr'><strong>quum</strong></span> <span class='ocrx_word' id='word_1_27' title='bbox 1422 671 1424 677; x_wconf 16' lang='grc' dir='ltr'><em>Α</em></span> 
     </span>
     <span class='ocr_line' id='line_1_5' title="bbox 219 703 1369 758; baseline 0.008 -9"><span class='ocrx_word' id='word_1_28' title='bbox 219 703 1369 758; x_wconf 45' lang='lat' dir='ltr'><strong>v--v-tv-—wm-Wi-v--e-mv-r--w-wr-riw-rm</strong></span> 
     </span>
    </p>
   </div>
   <div class='ocr_carea' id='block_1_4' title="bbox 147 781 1402 3697">
    <p class='ocr_par' dir='ltr' id='par_1_4' title="bbox 216 781 1401 1146">
     <span class='ocr_line' id='line_1_6' title="bbox 216 781 1401 863; baseline 0.003 -28"><span class='ocrx_word' id='word_1_29' title='bbox 216 783 296 836; x_wconf 83' lang='lat' dir='ltr'><strong>nihil</strong></span> <span class='ocrx_word' id='word_1_30' title='bbox 319 800 432 838; x_wconf 79' lang='lat' dir='ltr'><strong>museo.</strong></span> <span class='ocrx_word' id='word_1_31' title='bbox 468 785 605 840; x_wconf 79' lang='lat' dir='ltr'><strong>Valerius</strong></span> <span class='ocrx_word' id='word_1_32' title='bbox 632 788 772 841; x_wconf 75' lang='lat' dir='ltr'>Maximus</span> <span class='ocrx_word' id='word_1_33' title='bbox 797 787 849 843; x_wconf 90' lang='lat' dir='ltr'><strong>lib.</strong></span> <span class='ocrx_word' id='word_1_34' title='bbox 864 787 918 840; x_wconf 77' lang='lat' dir='ltr'><strong>tx.</strong></span> <span class='ocrx_word' id='word_1_35' title='bbox 944 805 1006 857; x_wconf 79' lang='lat' dir='ltr'><strong>cap.</strong></span> <span class='ocrx_word' id='word_1_36' title='bbox 1023 788 1105 853; x_wconf 77' lang='lat' dir='ltr'><strong>xm,</strong></span> <span class='ocrx_word' id='word_1_37' title='bbox 1121 792 1158 851; x_wconf 76' lang='grc'><strong>4.·</strong></span> <span class='ocrx_word' id='word_1_38' title='bbox 1174 796 1233 843; x_wconf 83' lang='lat' dir='ltr'><strong>ext.</strong></span> <span class='ocrx_word' id='word_1_39' title='bbox 1256 791 1368 863; x_wconf 78' lang='lat' dir='ltr'><strong>Diony.</strong></span> <span class='ocrx_word' id='word_1_40' title='bbox 1397 781 1401 788; x_wconf 74' lang='grc'>’</span> 
     </span>
     <span class='ocr_line' id='line_1_7' title="bbox 218 857 1365 928; baseline 0.002 -17"><span class='ocrx_word' id='word_1_41' title='bbox 218 857 278 912; x_wconf 82' lang='lat' dir='ltr'><strong>tius</strong></span> <span class='ocrx_word' id='word_1_42' title='bbox 297 857 540 915; x_wconf 74' lang='lat' dir='ltr'><strong>cubicularem</strong></span> <span class='ocrx_word' id='word_1_43' title='bbox 559 858 831 924; x_wconf 61' lang='lat' dir='ltr'><strong>testamentode</strong></span> <span class='ocrx_word' id='word_1_44' title='bbox 850 857 932 928; x_wconf 84' lang='lat' dir='ltr'><strong>quusi</strong></span> <span class='ocrx_word' id='word_1_45' title='bbox 950 865 1055 922; x_wconf 76' lang='lat' dir='ltr'><strong>oestro,</strong></span> <span class='ocrx_word' id='word_1_46' title='bbox 1075 860 1135 915; x_wconf 84' lang='lat' dir='ltr'><strong>lete</strong></span> <span class='ocrx_word' id='word_1_47' title='bbox 1162 863 1241 926; x_wconf 77' lang='lat' dir='ltr'><strong>fasec</strong></span> <span class='ocrx_word' id='word_1_48' title='bbox 1268 865 1365 921; x_wconf 69' lang='lat' dir='ltr'><strong>uincit.</strong></span> 
     </span>
     <span class='ocr_line' id='line_1_8' title="bbox 217 927 1367 1001; baseline 0.008 -23"><span class='ocrx_word' id='word_1_49' title='bbox 217 927 387 980; x_wconf 83' lang='lat' dir='ltr'>Ammianus</span> <span class='ocrx_word' id='word_1_50' title='bbox 405 929 591 982; x_wconf 81' lang='lat' dir='ltr'><strong>Marcellinus</strong></span> <span class='ocrx_word' id='word_1_51' title='bbox 608 929 669 982; x_wconf 82' lang='lat' dir='ltr'><strong>Lib.</strong></span> <span class='ocrx_word' id='word_1_52' title='bbox 688 930 763 981; x_wconf 84' lang='lat' dir='ltr'><strong>XVI.</strong></span> <span class='ocrx_word' id='word_1_53' title='bbox 782 946 843 998; x_wconf 88' lang='lat' dir='ltr'><strong>cap.</strong></span> <span class='ocrx_word' id='word_1_54' title='bbox 863 932 895 984; x_wconf 79' lang='lat'><strong>8:</strong></span> <span class='ocrx_word' id='word_1_55' title='bbox 923 931 1116 997; x_wconf 82' lang='lat' dir='ltr'><strong><em>Aedemque</em></strong></span> <span class='ocrx_word' id='word_1_56' title='bbox 1141 932 1291 1001; x_wconf 84' lang='lat' dir='ltr'><strong>brevem,</strong></span> <span class='ocrx_word' id='word_1_57' title='bbox 1317 935 1367 988; x_wconf 89' lang='lat' dir='ltr'><strong>ubi</strong></span> 
     </span>
     <span class='ocr_line' id='line_1_9' title="bbox 219 998 1368 1072; baseline 0.007 -23"><span class='ocrx_word' id='word_1_58' title='bbox 219 998 344 1050; x_wconf 85' lang='lat' dir='ltr'><strong>cubitare</strong></span> <span class='ocrx_word' id='word_1_59' title='bbox 361 1007 500 1065; x_wconf 80' lang='lat' dir='ltr'><strong>suecerqt,</strong></span> <span class='ocrx_word' id='word_1_60' title='bbox 528 1002 588 1052; x_wconf 83' lang='lat' dir='ltr'><strong>otto</strong></span> <span class='ocrx_word' id='word_1_61' title='bbox 606 1000 790 1060; x_wconf 80' lang='lat' dir='ltr'><strong>circumdedit</strong></span> <span class='ocrx_word' id='word_1_62' title='bbox 809 1004 896 1066; x_wconf 71' lang='lat' dir='ltr'><strong>fosse.</strong></span> <span class='ocrx_word' id='word_1_63' title='bbox 933 1002 1067 1061; x_wconf 73' lang='lat' dir='ltr'><strong>Fortasse</strong></span> <span class='ocrx_word' id='word_1_64' title='bbox 1087 1002 1154 1057; x_wconf 85' lang='lat' dir='ltr'><strong>Ictu.</strong></span> <span class='ocrx_word' id='word_1_65' title='bbox 1192 1001 1280 1072; x_wconf 87' lang='lat' dir='ltr'><strong>Haec,</strong></span> <span class='ocrx_word' id='word_1_66' title='bbox 1308 1007 1368 1069; x_wconf 78' lang='lat' dir='ltr'><strong>nisi</strong></span> 
     </span>
     <span class='ocr_line' id='line_1_10' title="bbox 218 1067 1175 1146; baseline 0.005 -26"><span class='ocrx_word' id='word_1_67' title='bbox 218 1067 371 1134; x_wconf 67' lang='lat' dir='ltr'><strong>fullonio</strong></span> <span class='ocrx_word' id='word_1_68' title='bbox 389 1068 527 1133; x_wconf 74' lang='lat' dir='ltr'><strong>Cicerone</strong></span> <span class='ocrx_word' id='word_1_69' title='bbox 545 1070 693 1146; x_wconf 80' lang='lat' dir='ltr'><strong>vulgatam</strong></span> <span class='ocrx_word' id='word_1_70' title='bbox 712 1071 780 1123; x_wconf 88' lang='lat' dir='ltr'><strong>satis</strong></span> <span class='ocrx_word' id='word_1_71' title='bbox 792 1076 920 1131; x_wconf 81' lang='lat' dir='ltr'><strong>tuantur</strong></span> <span class='ocrx_word' id='word_1_72' title='bbox 937 1072 1102 1129; x_wconf 89' lang='lat' dir='ltr'><strong>lectionem.</strong></span> <span class='ocrx_word' id='word_1_73' title='bbox 1141 1074 1175 1137; x_wconf 67' lang='lat'><strong>¹¹2·</strong></span> 
     </span>
    </p>

    <p class='ocr_par' dir='ltr' id='par_1_5' title="bbox 191 1141 1402 1856">
     <span class='ocr_line' id='line_1_11' title="bbox 247 1141 1368 1211; baseline 0.006 -18"><span class='ocrx_word' id='word_1_74' title='bbox 247 1144 249 1148; x_wconf 55' lang='lat'><strong><em>⁴</em></strong></span> <span class='ocrx_word' id='word_1_75' title='bbox 290 1141 394 1204; x_wconf 70' lang='lat' dir='ltr'><strong>famum</strong></span> <span class='ocrx_word' id='word_1_76' title='bbox 413 1142 499 1197; x_wconf 85' lang='lat' dir='ltr'><strong>lotum</strong></span> <span class='ocrx_word' id='word_1_77' title='bbox 525 1141 681 1200; x_wconf 77' lang='lat' dir='ltr'><strong>cubiculari</strong></span> <span class='ocrx_word' id='word_1_78' title='bbox 704 1142 775 1194; x_wconf 83' lang='lat' dir='ltr'><strong>tecto</strong></span> <span class='ocrx_word' id='word_1_79' title='bbox 798 1142 1048 1208; x_wconf 59' lang='lat' dir='ltr'><strong>circumdedisset}</strong></span> <span class='ocrx_word' id='word_1_80' title='bbox 1073 1144 1154 1203; x_wconf 88' lang='lat' dir='ltr'><strong>Unus</strong></span> <span class='ocrx_word' id='word_1_81' title='bbox 1179 1144 1260 1199; x_wconf 79' lang='lat' dir='ltr'><strong>heiti.</strong></span> <span class='ocrx_word' id='word_1_82' title='bbox 1289 1144 1368 1211; x_wconf 73' lang='lat' dir='ltr'><strong>{etad</strong></span> 
     </span>
     <span class='ocr_line' id='line_1_12' title="bbox 219 1207 1369 1291; baseline 0.007 -28"><span class='ocrx_word' id='word_1_83' title='bbox 219 1207 280 1263; x_wconf 87' lang='lat' dir='ltr'><strong>tctd</strong></span> <span class='ocrx_word' id='word_1_84' title='bbox 298 1211 466 1269; x_wconf 81' lang='lat' dir='ltr'><strong>cubicularis</strong></span> <span class='ocrx_word' id='word_1_85' title='bbox 484 1212 582 1277; x_wconf 70' lang='lat' dir='ltr'><strong>tectum</strong></span> <span class='ocrx_word' id='word_1_86' title='bbox 601 1211 835 1273; x_wconf 65' lang='lat' dir='ltr'><strong>circumdedisset,</strong></span> <span class='ocrx_word' id='word_1_87' title='bbox 865 1212 944 1278; x_wconf 69' lang='lat' dir='ltr'><strong>Alit,</strong></span> <span class='ocrx_word' id='word_1_88' title='bbox 971 1214 1001 1264; x_wconf 89' lang='lat' dir='ltr'><strong>in</strong></span> <span class='ocrx_word' id='word_1_89' title='bbox 1026 1214 1128 1291; x_wconf 84' lang='lat' dir='ltr'><strong>&#39;quibus</strong></span> <span class='ocrx_word' id='word_1_90' title='bbox 1151 1224 1194 1270; x_wconf 83' lang='lat' dir='ltr'><strong>est</strong></span> <span class='ocrx_word' id='word_1_91' title='bbox 1212 1216 1320 1291; x_wconf 77' lang='lat' dir='ltr'><strong>Regius</strong></span> <span class='ocrx_word' id='word_1_92' title='bbox 1339 1224 1369 1271; x_wconf 85' lang='lat' dir='ltr'><strong>et</strong></span> 
     </span>
     <span class='ocr_line' id='line_1_13' title="bbox 218 1278 1367 1349; baseline 0.007 -17"><span class='ocrx_word' id='word_1_93' title='bbox 218 1278 272 1339; x_wconf 78' lang='lat' dir='ltr'><strong>lid.</strong></span> <span class='ocrx_word' id='word_1_94' title='bbox 291 1298 354 1336; x_wconf 85' lang='lat' dir='ltr'><strong>msa</strong></span> <span class='ocrx_word' id='word_1_95' title='bbox 373 1286 465 1347; x_wconf 83' lang='lat' dir='ltr'><strong>vetus,</strong></span> <span class='ocrx_word' id='word_1_96' title='bbox 483 1283 603 1339; x_wconf 85' lang='lat' dir='ltr'><strong>habent:</strong></span> <span class='ocrx_word' id='word_1_97' title='bbox 630 1281 708 1349; x_wconf 74' lang='lat' dir='ltr'><strong>fossd</strong></span> <span class='ocrx_word' id='word_1_98' title='bbox 735 1279 795 1334; x_wconf 86' lang='lat' dir='ltr'><strong>tctd</strong></span> <span class='ocrx_word' id='word_1_99' title='bbox 808 1283 994 1337; x_wconf 82' lang='lat' dir='ltr'><strong>&#39;cubiculares</strong></span> <span class='ocrx_word' id='word_1_100' title='bbox 1018 1286 1104 1336; x_wconf 86' lang='lat' dir='ltr'><strong>tectos</strong></span> <span class='ocrx_word' id='word_1_101' title='bbox 1128 1288 1367 1347; x_wconf 60' lang='lat' dir='ltr'><strong><em>circumdedisset.</em></strong></span> 
     </span>
     <span class='ocr_line' id='line_1_14' title="bbox 218 1349 1369 1437; baseline 0.007 -34"><span class='ocrx_word' id='word_1_102' title='bbox 218 1349 259 1411; x_wconf 74' lang='lat' dir='ltr'><strong>Et</strong></span> <span class='ocrx_word' id='word_1_103' title='bbox 286 1353 327 1404; x_wconf 88' lang='lat' dir='ltr'><strong>ita</strong></span> <span class='ocrx_word' id='word_1_104' title='bbox 343 1353 418 1413; x_wconf 83' lang='lat' dir='ltr'><strong>&#39;sine</strong></span> <span class='ocrx_word' id='word_1_105' title='bbox 440 1354 526 1422; x_wconf 78' lang='lat' dir='ltr'><strong>dubio</strong></span> <span class='ocrx_word' id='word_1_106' title='bbox 550 1354 669 1433; x_wconf 76' lang='lat' dir='ltr'><strong>scripsit</strong></span> <span class='ocrx_word' id='word_1_107' title='bbox 692 1354 807 1417; x_wconf 75' lang='lat' dir='ltr'><strong>Cicero:</strong></span> <span class='ocrx_word' id='word_1_108' title='bbox 822 1355 991 1428; x_wconf 72' lang='lat' dir='ltr'><strong>,complures</strong></span> <span class='ocrx_word' id='word_1_109' title='bbox 1016 1355 1094 1408; x_wconf 89' lang='lat' dir='ltr'><strong>euim</strong></span> <span class='ocrx_word' id='word_1_110' title='bbox 1120 1356 1212 1417; x_wconf 79' lang='lat' dir='ltr'><strong>lectos</strong></span> <span class='ocrx_word' id='word_1_111' title='bbox 1230 1358 1369 1437; x_wconf 71' lang='lat' dir='ltr'><strong>Dionysii</strong></span> 
     </span>
     <span class='ocr_line' id='line_1_15' title="bbox 217 1423 1369 1501; baseline 0.004 -27"><span class='ocrx_word' id='word_1_112' title='bbox 217 1423 371 1498; x_wconf 77' lang='lat' dir='ltr'><strong>flagitabat</strong></span> <span class='ocrx_word' id='word_1_113' title='bbox 389 1425 617 1478; x_wconf 76' lang='lat' dir='ltr'><strong>matrimonium.</strong></span> <span class='ocrx_word' id='word_1_114' title='bbox 656 1425 755 1477; x_wconf 84' lang='lat' dir='ltr'><strong>Paullo</strong></span> <span class='ocrx_word' id='word_1_115' title='bbox 779 1425 902 1481; x_wconf 79' lang='lat' dir='ltr'><strong>inferius</strong></span> <span class='ocrx_word' id='word_1_116' title='bbox 926 1426 1043 1501; x_wconf 81' lang='lat' dir='ltr'><strong>Regius,</strong></span> <span class='ocrx_word' id='word_1_117' title='bbox 1074 1427 1131 1487; x_wconf 85' lang='lat' dir='ltr'><strong>duo</strong></span> <span class='ocrx_word' id='word_1_118' title='bbox 1158 1428 1311 1489; x_wconf 79' lang='lat' dir='ltr'><strong>Leidenses</strong></span> <span class='ocrx_word' id='word_1_119' title='bbox 1341 1436 1369 1482; x_wconf 89' lang='lat' dir='ltr'><strong>et</strong></span> 
     </span>
     <span class='ocr_line' id='line_1_16' title="bbox 218 1494 1369 1569; baseline 0.003 -21"><span class='ocrx_word' id='word_1_120' title='bbox 218 1494 263 1553; x_wconf 84' lang='lat' dir='ltr'><strong>cd.</strong></span> <span class='ocrx_word' id='word_1_121' title='bbox 282 1512 347 1549; x_wconf 88' lang='lat' dir='ltr'><strong>mea</strong></span> <span class='ocrx_word' id='word_1_122' title='bbox 364 1503 447 1548; x_wconf 84' lang='lat' dir='ltr'><strong>vetus</strong></span> <span class='ocrx_word' id='word_1_123' title='bbox 466 1496 573 1555; x_wconf 85' lang='lat' dir='ltr'><strong>habeut</strong></span> <span class='ocrx_word' id='word_1_124' title='bbox 589 1497 696 1560; x_wconf 77' lang='lat' dir='ltr'><strong>fores.“</strong></span> <span class='ocrx_word' id='word_1_125' title='bbox 714 1494 801 1548; x_wconf 85' lang='lat' dir='ltr'><strong>Boub.</strong></span> <span class='ocrx_word' id='word_1_126' title='bbox 832 1496 977 1565; x_wconf 64' lang='lat' dir='ltr'><strong>„omnen</strong></span> <span class='ocrx_word' id='word_1_127' title='bbox 1002 1498 1074 1569; x_wconf 80' lang='lat' dir='ltr'><strong>qnos</strong></span> <span class='ocrx_word' id='word_1_128' title='bbox 1097 1498 1233 1565; x_wconf 65' lang='lat' dir='ltr'><strong>uiderim,</strong></span> <span class='ocrx_word' id='word_1_129' title='bbox 1260 1498 1369 1552; x_wconf 77' lang='lat' dir='ltr'><strong>habent</strong></span> 
     </span>
     <span class='ocr_line' id='line_1_17' title="bbox 220 1565 1368 1640; baseline 0.005 -23"><span class='ocrx_word' id='word_1_130' title='bbox 220 1565 299 1630; x_wconf 81' lang='lat' dir='ltr'><strong>lecto,</strong></span> <span class='ocrx_word' id='word_1_131' title='bbox 320 1573 350 1618; x_wconf 89' lang='lat' dir='ltr'><strong>et</strong></span> <span class='ocrx_word' id='word_1_132' title='bbox 368 1573 412 1618; x_wconf 86' lang='lat' dir='ltr'><strong>est</strong></span> <span class='ocrx_word' id='word_1_133' title='bbox 429 1584 495 1621; x_wconf 86' lang='lat' dir='ltr'><strong>sane</strong></span> <span class='ocrx_word' id='word_1_134' title='bbox 514 1567 685 1621; x_wconf 82' lang='lat' dir='ltr'><strong>cubicularis</strong></span> <span class='ocrx_word' id='word_1_135' title='bbox 700 1567 798 1618; x_wconf 74' lang='lat' dir='ltr'><strong>&#39;iectus</strong></span> <span class='ocrx_word' id='word_1_136' title='bbox 812 1566 857 1618; x_wconf 83' lang='lat' dir='ltr'><strong>³de</strong></span> <span class='ocrx_word' id='word_1_137' title='bbox 874 1568 1003 1623; x_wconf 84' lang='lat' dir='ltr'><strong>Divinat.</strong></span> <span class='ocrx_word' id='word_1_138' title='bbox 1022 1568 1123 1635; x_wconf 67' lang='lat' dir='ltr'><strong>libb.</strong></span> <span class='ocrx_word' id='word_1_139' title='bbox 1150 1567 1209 1635; x_wconf 87' lang='lat' dir='ltr'><strong>sed,</strong></span> <span class='ocrx_word' id='word_1_140' title='bbox 1226 1568 1316 1640; x_wconf 82' lang='lat' dir='ltr'><strong>&#39;quod</strong></span> <span class='ocrx_word' id='word_1_141' title='bbox 1333 1570 1368 1629; x_wconf 82' lang='lat' dir='ltr'><strong>de</strong></span> 
     </span>
     <span class='ocr_line' id='line_1_18' title="bbox 191 1636 1368 1709; baseline 0.003 -19"><span class='ocrx_word' id='word_1_142' title='bbox 191 1680 195 1690; x_wconf 80' lang='lat'><strong>.</strong></span> <span class='ocrx_word' id='word_1_143' title='bbox 218 1638 295 1689; x_wconf 81' lang='lat' dir='ltr'><strong>fossa</strong></span> <span class='ocrx_word' id='word_1_144' title='bbox 314 1636 372 1691; x_wconf 87' lang='lat' dir='ltr'><strong>lata</strong></span> <span class='ocrx_word' id='word_1_145' title='bbox 391 1645 420 1690; x_wconf 90' lang='lat' dir='ltr'><strong>et</strong></span> <span class='ocrx_word' id='word_1_146' title='bbox 439 1638 473 1691; x_wconf 87' lang='lat' dir='ltr'><strong>de</strong></span> <span class='ocrx_word' id='word_1_147' title='bbox 491 1639 644 1709; x_wconf 85' lang='lat' dir='ltr'><strong>ponticulo</strong></span> <span class='ocrx_word' id='word_1_148' title='bbox 662 1639 713 1693; x_wconf 91' lang='lat' dir='ltr'><strong>hic</strong></span> <span class='ocrx_word' id='word_1_149' title='bbox 731 1638 849 1701; x_wconf 87' lang='lat' dir='ltr'><strong>dicitur,</strong></span> <span class='ocrx_word' id='word_1_150' title='bbox 873 1637 903 1689; x_wconf 89' lang='lat' dir='ltr'><strong>id</strong></span> <span class='ocrx_word' id='word_1_151' title='bbox 922 1640 1063 1709; x_wconf 90' lang='lat' dir='ltr'><strong>quomodo</strong></span> <span class='ocrx_word' id='word_1_152' title='bbox 1082 1639 1244 1698; x_wconf 84' lang='lat' dir='ltr'><strong>adlectum</strong></span> <span class='ocrx_word' id='word_1_153' title='bbox 1267 1642 1300 1697; x_wconf 84' lang='lat' dir='ltr'><strong>iu</strong></span> <span class='ocrx_word' id='word_1_154' title='bbox 1318 1658 1368 1693; x_wconf 90' lang='lat' dir='ltr'><strong>cu-</strong></span> 
     </span>
     <span class='ocr_line' id='line_1_19' title="bbox 217 1706 1370 1783; baseline 0.003 -23"><span class='ocrx_word' id='word_1_155' title='bbox 217 1707 315 1760; x_wconf 86' lang='lat' dir='ltr'><strong>biculo</strong></span> <span class='ocrx_word' id='word_1_156' title='bbox 333 1709 463 1777; x_wconf 86' lang='lat' dir='ltr'><strong>positum</strong></span> <span class='ocrx_word' id='word_1_157' title='bbox 481 1710 629 1780; x_wconf 84' lang='lat' dir='ltr'><strong>pertinere</strong></span> <span class='ocrx_word' id='word_1_158' title='bbox 648 1715 745 1780; x_wconf 81' lang='lat' dir='ltr'><strong>queat,</strong></span> <span class='ocrx_word' id='word_1_159' title='bbox 764 1706 900 1779; x_wconf 80' lang='lat' dir='ltr'><strong>equidem</strong></span> <span class='ocrx_word' id='word_1_160' title='bbox 917 1710 1052 1783; x_wconf 71' lang='lat' dir='ltr'><strong>ignorare</strong></span> <span class='ocrx_word' id='word_1_161' title='bbox 1066 1722 1113 1761; x_wconf 89' lang='lat' dir='ltr'><strong>me</strong></span> <span class='ocrx_word' id='word_1_162' title='bbox 1125 1708 1233 1771; x_wconf 65' lang='lat' dir='ltr'><strong>fateor.</strong></span> <span class='ocrx_word' id='word_1_163' title='bbox 1258 1711 1370 1764; x_wconf 83' lang='lat' dir='ltr'><strong>Tectum</strong></span> 
     </span>
     <span class='ocr_line' id='line_1_20' title="bbox 198 1778 1402 1856; baseline 0.002 -25"><span class='ocrx_word' id='word_1_164' title='bbox 198 1785 289 1833; x_wconf 75' lang='lat' dir='ltr'><strong>&#39;vero</strong></span> <span class='ocrx_word' id='word_1_165' title='bbox 308 1781 468 1850; x_wconf 84' lang='lat' dir='ltr'><strong>quamlibet</strong></span> <span class='ocrx_word' id='word_1_166' title='bbox 485 1797 609 1856; x_wconf 82' lang='lat' dir='ltr'><strong>parvum</strong></span> <span class='ocrx_word' id='word_1_167' title='bbox 627 1781 703 1833; x_wconf 84' lang='lat' dir='ltr'><strong>fossa</strong></span> <span class='ocrx_word' id='word_1_168' title='bbox 722 1778 908 1845; x_wconf 86' lang='lat' dir='ltr'><strong>circumdari,</strong></span> <span class='ocrx_word' id='word_1_169' title='bbox 936 1796 1031 1851; x_wconf 80' lang='lat' dir='ltr'><strong>neque</strong></span> <span class='ocrx_word' id='word_1_170' title='bbox 1050 1780 1134 1835; x_wconf 77' lang='lat' dir='ltr'><strong>valde</strong></span> <span class='ocrx_word' id='word_1_171' title='bbox 1159 1783 1295 1843; x_wconf 84' lang='lat' dir='ltr'><strong>absonum</strong></span> <span class='ocrx_word' id='word_1_172' title='bbox 1314 1790 1368 1848; x_wconf 86' lang='lat' dir='ltr'><strong>est,</strong></span> <span class='ocrx_word' id='word_1_173' title='bbox 1400 1804 1402 1808; x_wconf 47' lang='lat'><em>⁷</em></span> 
     </span>
    </p>

    <p class='ocr_par' dir='ltr' id='par_1_6' title="bbox 147 1848 1401 3254">
     <span class='ocr_line' id='line_1_21' title="bbox 215 1848 1367 1924; baseline 0.003 -22"><span class='ocrx_word' id='word_1_174' title='bbox 215 1854 312 1924; x_wconf 79' lang='lat' dir='ltr'><strong>neque</strong></span> <span class='ocrx_word' id='word_1_175' title='bbox 339 1850 514 1917; x_wconf 81' lang='lat' dir='ltr'><strong>inauditum,</strong></span> <span class='ocrx_word' id='word_1_176' title='bbox 542 1859 572 1903; x_wconf 88' lang='lat' dir='ltr'><strong>et</strong></span> <span class='ocrx_word' id='word_1_177' title='bbox 594 1852 689 1907; x_wconf 81' lang='lat' dir='ltr'><strong>veteri</strong></span> <span class='ocrx_word' id='word_1_178' title='bbox 713 1848 885 1903; x_wconf 85' lang='lat' dir='ltr'><strong>aedificandi·</strong></span> <span class='ocrx_word' id='word_1_179' title='bbox 905 1852 1024 1911; x_wconf 75' lang='lat' dir='ltr'><strong>rationi¹</strong></span> <span class='ocrx_word' id='word_1_180' title='bbox 1040 1850 1198 1905; x_wconf 70' lang='lat' dir='ltr'><strong>convenit</strong></span> <span class='ocrx_word' id='word_1_181' title='bbox 1222 1853 1367 1913; x_wconf 86' lang='lat' dir='ltr'><strong>Ammian.</strong></span> 
     </span>
     <span class='ocr_line' id='line_1_22' title="bbox 217 1912 1401 1993; baseline 0.003 -18"><span class='ocrx_word' id='word_1_182' title='bbox 217 1923 306 1975; x_wconf 74' lang='lat' dir='ltr'><strong>uem.</strong></span> <span class='ocrx_word' id='word_1_183' title='bbox 326 1921 399 1973; x_wconf 84' lang='lat' dir='ltr'><strong>XVI.</strong></span> <span class='ocrx_word' id='word_1_184' title='bbox 420 1924 450 1978; x_wconf 71' lang='grc' dir='ltr'><strong>ει</strong></span> <span class='ocrx_word' id='word_1_185' title='bbox 471 1921 670 1993; x_wconf 82' lang='lat' dir='ltr'><strong>Aedemque</strong></span> <span class='ocrx_word' id='word_1_186' title='bbox 687 1922 835 1985; x_wconf 85' lang='lat' dir='ltr'><strong>brevem,</strong></span> <span class='ocrx_word' id='word_1_187' title='bbox 854 1912 903 1973; x_wconf 80' lang='lat' dir='ltr'><strong>udi</strong></span> <span class='ocrx_word' id='word_1_188' title='bbox 919 1921 1045 1974; x_wconf 69' lang='lat' dir='ltr'><strong>cubitare</strong></span> <span class='ocrx_word' id='word_1_189' title='bbox 1065 1929 1201 1987; x_wconf 76' lang='lat' dir='ltr'><strong>susurret,</strong></span> <span class='ocrx_word' id='word_1_190' title='bbox 1228 1926 1289 1977; x_wconf 86' lang='lat' dir='ltr'><strong>altu</strong></span> <span class='ocrx_word' id='word_1_191' title='bbox 1309 1927 1368 1983; x_wconf 81' lang='lat' dir='ltr'><strong>cir·</strong></span> <span class='ocrx_word' id='word_1_192' title='bbox 1399 1971 1401 1978; x_wconf 94' lang='lat'><strong>.</strong></span> 
     </span>
     <span class='ocr_line' id='line_1_23' title="bbox 217 1991 1369 2073; baseline 0.002 -28"><span class='ocrx_word' id='word_1_193' title='bbox 217 1991 360 2046; x_wconf 86' lang='lat' dir='ltr'><strong>cumdedit</strong></span> <span class='ocrx_word' id='word_1_194' title='bbox 376 1993 483 2057; x_wconf 74' lang='lat' dir='ltr'><strong>fossa.“</strong></span> <span class='ocrx_word' id='word_1_195' title='bbox 501 1993 611 2047; x_wconf 82' lang='lat' dir='ltr'><strong>Gesner.</strong></span> <span class='ocrx_word' id='word_1_196' title='bbox 632 1992 823 2058; x_wconf 74' lang='lat' dir='ltr'><strong>„cubiculari</strong></span> <span class='ocrx_word' id='word_1_197' title='bbox 840 1991 910 2050; x_wconf 85' lang='lat' dir='ltr'><strong>tecto</strong></span> <span class='ocrx_word' id='word_1_198' title='bbox 928 1993 1065 2067; x_wconf 81' lang='lat' dir='ltr'><strong>intellige</strong></span> <span class='ocrx_word' id='word_1_199' title='bbox 1084 1994 1191 2058; x_wconf 82' lang='lat' dir='ltr'><strong>nonde</strong></span> <span class='ocrx_word' id='word_1_200' title='bbox 1210 1995 1369 2073; x_wconf 79' lang='lat' dir='ltr'><strong>lectc&#39;ipso</strong></span> 
     </span>
     <span class='ocr_line' id='line_1_24' title="bbox 218 2062 1369 2137; baseline 0.003 -22"><span class='ocrx_word' id='word_1_201' title='bbox 218 2064 250 2116; x_wconf 89' lang='lat' dir='ltr'><strong>in</strong></span> <span class='ocrx_word' id='word_1_202' title='bbox 270 2064 420 2117; x_wconf 84' lang='lat' dir='ltr'><strong>cubiculo:</strong></span> <span class='ocrx_word' id='word_1_203' title='bbox 438 2083 503 2119; x_wconf 85' lang='lat' dir='ltr'><strong>nam</strong></span> <span class='ocrx_word' id='word_1_204' title='bbox 523 2064 664 2133; x_wconf 90' lang='lat' dir='ltr'><strong>quomodo</strong></span> <span class='ocrx_word' id='word_1_205' title='bbox 684 2062 724 2115; x_wconf 90' lang='lat' dir='ltr'><strong>ibi</strong></span> <span class='ocrx_word' id='word_1_206' title='bbox 743 2065 817 2115; x_wconf 78' lang='lat' dir='ltr'><strong>iussa</strong></span> <span class='ocrx_word' id='word_1_207' title='bbox 836 2063 894 2115; x_wconf 89' lang='lat' dir='ltr'><strong>lata</strong></span> <span class='ocrx_word' id='word_1_208' title='bbox 906 2063 973 2121; x_wconf 85' lang='lat' dir='ltr'><strong>fieri</strong></span> <span class='ocrx_word' id='word_1_209' title='bbox 991 2064 1154 2137; x_wconf 75' lang='lat' dir='ltr'><strong>potuisset?</strong></span> <span class='ocrx_word' id='word_1_210' title='bbox 1174 2065 1224 2119; x_wconf 82' lang='lat' dir='ltr'><strong>sed</strong></span> <span class='ocrx_word' id='word_1_211' title='bbox 1237 2066 1369 2136; x_wconf 78' lang='lat' dir='ltr'><strong>depacto</strong></span> 
     </span>
     <span class='ocr_line' id='line_1_25' title="bbox 217 2131 1368 2213; baseline 0.002 -26"><span class='ocrx_word' id='word_1_212' title='bbox 217 2131 340 2200; x_wconf 78' lang='lat' dir='ltr'><strong>aedium,</strong></span> <span class='ocrx_word' id='word_1_213' title='bbox 360 2135 391 2186; x_wconf 88' lang='lat' dir='ltr'><strong>in</strong></span> <span class='ocrx_word' id='word_1_214' title='bbox 409 2150 464 2201; x_wconf 90' lang='lat' dir='ltr'><strong>qua</strong></span> <span class='ocrx_word' id='word_1_215' title='bbox 482 2134 648 2187; x_wconf 85' lang='lat' dir='ltr'><strong>cubiculum</strong></span> <span class='ocrx_word' id='word_1_216' title='bbox 668 2132 753 2197; x_wconf 88' lang='lat' dir='ltr'><strong>illud,</strong></span> <span class='ocrx_word' id='word_1_217' title='bbox 774 2135 805 2184; x_wconf 89' lang='lat' dir='ltr'><strong>in</strong></span> <span class='ocrx_word' id='word_1_218' title='bbox 824 2150 880 2202; x_wconf 89' lang='lat' dir='ltr'><strong>quo</strong></span> <span class='ocrx_word' id='word_1_219' title='bbox 899 2134 993 2193; x_wconf 85' lang='lat' dir='ltr'><strong>lectus</strong></span> <span class='ocrx_word' id='word_1_220' title='bbox 1014 2136 1143 2213; x_wconf 74' lang='lat' dir='ltr'><strong>‘genialis</strong></span> <span class='ocrx_word' id='word_1_221' title='bbox 1168 2137 1276 2199; x_wconf 80' lang='lat' dir='ltr'><strong>esset.“</strong></span> <span class='ocrx_word' id='word_1_222' title='bbox 1298 2138 1368 2192; x_wconf 72' lang='lat' dir='ltr'><strong>Tira.</strong></span> 
     </span>
     <span class='ocr_line' id='line_1_26' title="bbox 216 2203 1388 2279; baseline 0.002 -22"><span class='ocrx_word' id='word_1_223' title='bbox 216 2204 441 2279; x_wconf 73' lang='lat' dir='ltr'><strong>„Hyperbollce</strong></span> <span class='ocrx_word' id='word_1_224' title='bbox 459 2205 581 2271; x_wconf 84' lang='lat' dir='ltr'><strong>dictum,</strong></span> <span class='ocrx_word' id='word_1_225' title='bbox 602 2221 657 2275; x_wconf 88' lang='lat' dir='ltr'><strong>quo</strong></span> <span class='ocrx_word' id='word_1_226' title='bbox 676 2204 785 2256; x_wconf 87' lang='lat' dir='ltr'><strong>clarior</strong></span> <span class='ocrx_word' id='word_1_227' title='bbox 802 2203 937 2273; x_wconf 74' lang='lat' dir='ltr'><strong>Dionysii</strong></span> <span class='ocrx_word' id='word_1_228' title='bbox 951 2205 1006 2260; x_wconf 71' lang='lat' dir='ltr'><strong>fiat</strong></span> <span class='ocrx_word' id='word_1_229' title='bbox 1025 2206 1388 2271; x_wconf 73' lang='lat' dir='ltr'><strong>metus.1Nam-1cuum‚.</strong></span> 
     </span>
     <span class='ocr_line' id='line_1_27' title="bbox 217 2274 1371 2363; baseline 0.003 -36"><span class='ocrx_word' id='word_1_230' title='bbox 217 2274 294 2347; x_wconf 84' lang='lat' dir='ltr'><strong>quod</strong></span> <span class='ocrx_word' id='word_1_231' title='bbox 310 2276 382 2331; x_wconf 77' lang='lat' dir='ltr'><strong>Bru.</strong></span> <span class='ocrx_word' id='word_1_232' title='bbox 402 2277 532 2349; x_wconf 83' lang='lat' dir='ltr'><strong>putabat,</strong></span> <span class='ocrx_word' id='word_1_233' title='bbox 549 2291 603 2363; x_wconf 68' lang='lat' dir='ltr'><strong>qrb</strong></span> <span class='ocrx_word' id='word_1_234' title='bbox 625 2293 656 2328; x_wconf 85' lang='lat' dir='ltr'><strong>ea</strong></span> <span class='ocrx_word' id='word_1_235' title='bbox 673 2282 757 2344; x_wconf 82' lang='lat' dir='ltr'><strong>parte</strong></span> <span class='ocrx_word' id='word_1_236' title='bbox 776 2275 890 2343; x_wconf 82' lang='lat' dir='ltr'><strong>aedium</strong></span> <span class='ocrx_word' id='word_1_237' title='bbox 909 2276 976 2341; x_wconf 69' lang='lat' dir='ltr'><strong>dici,</strong></span> <span class='ocrx_word' id='word_1_238' title='bbox 995 2277 1034 2328; x_wconf 82' lang='lat' dir='ltr'><strong>¹in</strong></span> <span class='ocrx_word' id='word_1_239' title='bbox 1053 2294 1110 2346; x_wconf 84' lang='lat' dir='ltr'><strong>qua</strong></span> <span class='ocrx_word' id='word_1_240' title='bbox 1131 2278 1226 2338; x_wconf 86' lang='lat' dir='ltr'><strong>lectus</strong></span> <span class='ocrx_word' id='word_1_241' title='bbox 1252 2280 1371 2345; x_wconf 72' lang='lat' dir='ltr'><strong>cubicu-</strong></span> 
     </span>
     <span class='ocr_line' id='line_1_28' title="bbox 218 2344 1368 2427; baseline 0 -27"><span class='ocrx_word' id='word_1_242' title='bbox 218 2348 291 2405; x_wconf 76' lang='lat' dir='ltr'><strong>laris.</strong></span> <span class='ocrx_word' id='word_1_243' title='bbox 308 2355 392 2412; x_wconf 77' lang='lat' dir='ltr'><strong>esset,</strong></span> <span class='ocrx_word' id='word_1_244' title='bbox 412 2348 518 2400; x_wconf 89' lang='lat' dir='ltr'><strong>durum</strong></span> <span class='ocrx_word' id='word_1_245' title='bbox 534 2347 653 2400; x_wconf 79' lang='lat' dir='ltr'><strong>videtur</strong></span> <span class='ocrx_word' id='word_1_246' title='bbox 671 2350 699 2399; x_wconf 87' lang='lat' dir='ltr'><strong>e&#39;t</strong></span> <span class='ocrx_word' id='word_1_247' title='bbox 715 2344 867 2405; x_wconf 68' lang='lat' dir='ltr'><strong>schuttera</strong></span> <span class='ocrx_word' id='word_1_248' title='bbox 887 2354 916 2400; x_wconf 87' lang='lat' dir='ltr'><strong>ct</strong></span> <span class='ocrx_word' id='word_1_249' title='bbox 932 2346 1017 2413; x_wconf 85' lang='lat' dir='ltr'><strong>mihi,</strong></span> <span class='ocrx_word' id='word_1_250' title='bbox 1032 2348 1119 2427; x_wconf 80' lang='lat' dir='ltr'><strong>&#39;isqdb</strong></span> <span class='ocrx_word' id='word_1_251' title='bbox 1138 2351 1268 2407; x_wconf 84' lang='lat' dir='ltr'><strong>correxit</strong></span> <span class='ocrx_word' id='word_1_252' title='bbox 1286 2355 1368 2402; x_wconf 82' lang='lat' dir='ltr'><strong>tecto.</strong></span> 
     </span>
     <span class='ocr_line' id='line_1_29' title="bbox 218 2416 1371 2490; baseline -0.003 -15"><span class='ocrx_word' id='word_1_253' title='bbox 218 2417 274 2475; x_wconf 79' lang='lat' dir='ltr'><strong>sed</strong></span> <span class='ocrx_word' id='word_1_254' title='bbox 293 2420 344 2489; x_wconf 85' lang='lat' dir='ltr'><strong>qui</strong></span> <span class='ocrx_word' id='word_1_255' title='bbox 362 2418 474 2473; x_wconf 84' lang='lat' dir='ltr'><strong>tectum</strong></span> <span class='ocrx_word' id='word_1_256' title='bbox 491 2416 567 2470; x_wconf 77' lang='lat' dir='ltr'><strong>fossa</strong></span> <span class='ocrx_word' id='word_1_257' title='bbox 586 2416 756 2480; x_wconf 86' lang='lat' dir='ltr'><strong>circumdat,</strong></span> <span class='ocrx_word' id='word_1_258' title='bbox 775 2434 870 2469; x_wconf 78' lang='lat' dir='ltr'><strong>annon</strong></span> <span class='ocrx_word' id='word_1_259' title='bbox 889 2418 913 2468; x_wconf 89' lang='lat' dir='ltr'><strong>is</strong></span> <span class='ocrx_word' id='word_1_260' title='bbox 933 2420 1020 2477; x_wconf 83' lang='lat' dir='ltr'><strong>etiam</strong></span> <span class='ocrx_word' id='word_1_261' title='bbox 1040 2419 1157 2487; x_wconf 82' lang='lat' dir='ltr'><strong>lectum,</strong></span> <span class='ocrx_word' id='word_1_262' title='bbox 1178 2421 1228 2490; x_wconf 88' lang='lat' dir='ltr'><strong>qui</strong></span> <span class='ocrx_word' id='word_1_263' title='bbox 1247 2423 1280 2483; x_wconf 69' lang='lat' dir='ltr'><strong>in</strong></span> <span class='ocrx_word' id='word_1_264' title='bbox 1295 2420 1371 2483; x_wconf 78' lang='lat' dir='ltr'><strong>sedi-</strong></span> 
     </span>
     <span class='ocr_line' id='line_1_30' title="bbox 147 2484 1371 2561; baseline 0.005 -25"><span class='ocrx_word' id='word_1_265' title='bbox 147 2527 154 2536; x_wconf 90' lang='lat'><strong>.</strong></span> <span class='ocrx_word' id='word_1_266' title='bbox 217 2490 270 2544; x_wconf 89' lang='lat' dir='ltr'><strong>bus</strong></span> <span class='ocrx_word' id='word_1_267' title='bbox 291 2487 379 2542; x_wconf 79' lang='lat' dir='ltr'><strong>est-?“</strong></span> <span class='ocrx_word' id='word_1_268' title='bbox 399 2488 513 2542; x_wconf 83' lang='lat' dir='ltr'><strong>Nissen.</strong></span> <span class='ocrx_word' id='word_1_269' title='bbox 553 2488 654 2541; x_wconf 90' lang='lat' dir='ltr'><strong>Paullo</strong></span> <span class='ocrx_word' id='word_1_270' title='bbox 672 2488 849 2545; x_wconf 84' lang='lat' dir='ltr'><strong>insolentior</strong></span> <span class='ocrx_word' id='word_1_271' title='bbox 866 2484 1022 2554; x_wconf 73' lang='lat' dir='ltr'><strong>structura,</strong></span> <span class='ocrx_word' id='word_1_272' title='bbox 1051 2508 1138 2561; x_wconf 88' lang='lat' dir='ltr'><strong>quam</strong></span> <span class='ocrx_word' id='word_1_273' title='bbox 1164 2488 1260 2545; x_wconf 69' lang='lat' dir='ltr'><strong>hodie‘</strong></span> <span class='ocrx_word' id='word_1_274' title='bbox 1276 2490 1371 2544; x_wconf 81' lang='lat' dir='ltr'><strong>lexlca</strong></span> 
     </span>
     <span class='ocr_line' id='line_1_31' title="bbox 218 2560 1373 2630; baseline -0.003 -16"><span class='ocrx_word' id='word_1_275' title='bbox 218 2561 324 2615; x_wconf 89' lang='lat' dir='ltr'><strong>docent</strong></span> <span class='ocrx_word' id='word_1_276' title='bbox 343 2567 371 2612; x_wconf 88' lang='lat' dir='ltr'><strong>et</strong></span> <span class='ocrx_word' id='word_1_277' title='bbox 388 2561 473 2630; x_wconf 88' lang='lat' dir='ltr'><strong>pueri</strong></span> <span class='ocrx_word' id='word_1_278' title='bbox 492 2568 612 2621; x_wconf 89' lang='lat' dir='ltr'><strong>norunt,</strong></span> <span class='ocrx_word' id='word_1_279' title='bbox 643 2560 771 2628; x_wconf 84' lang='lat' dir='ltr'><strong>itemque</strong></span> <span class='ocrx_word' id='word_1_280' title='bbox 788 2560 943 2629; x_wconf 74' lang='lat' dir='ltr'><strong>perperam</strong></span> <span class='ocrx_word' id='word_1_281' title='bbox 967 2560 1038 2612; x_wconf 83' lang='lat' dir='ltr'><strong>lecta</strong></span> <span class='ocrx_word' id='word_1_282' title='bbox 1062 2561 1209 2615; x_wconf 81' lang='lat' dir='ltr'><strong>scribendi</strong></span> <span class='ocrx_word' id='word_1_283' title='bbox 1232 2572 1373 2630; x_wconf 55' lang='lat' dir='ltr'><strong>compen.</strong></span> 
     </span>
     <span class='ocr_line' id='line_1_32' title="bbox 217 2628 1370 2704; baseline -0.001 -20"><span class='ocrx_word' id='word_1_284' title='bbox 217 2631 273 2697; x_wconf 82' lang='lat' dir='ltr'><strong>clia,</strong></span> <span class='ocrx_word' id='word_1_285' title='bbox 297 2644 395 2684; x_wconf 78' lang='lat' dir='ltr'><strong>ausum</strong></span> <span class='ocrx_word' id='word_1_286' title='bbox 419 2628 561 2684; x_wconf 84' lang='lat' dir='ltr'><strong>dederunt</strong></span> <span class='ocrx_word' id='word_1_287' title='bbox 587 2630 716 2685; x_wconf 73' lang='lat' dir='ltr'><strong>librariis</strong></span> <span class='ocrx_word' id='word_1_288' title='bbox 741 2631 949 2701; x_wconf 82' lang='lat' dir='ltr'><strong>corrumpendi</strong></span> <span class='ocrx_word' id='word_1_289' title='bbox 979 2629 1047 2693; x_wconf 87' lang='lat' dir='ltr'><strong>loci,</strong></span> <span class='ocrx_word' id='word_1_290' title='bbox 1079 2633 1200 2687; x_wconf 81' lang='lat' dir='ltr'><strong>minime</strong></span> <span class='ocrx_word' id='word_1_291' title='bbox 1223 2632 1370 2704; x_wconf 79' lang='lat' dir='ltr'><strong>impediti.</strong></span> 
     </span>
     <span class='ocr_line' id='line_1_33' title="bbox 217 2700 1371 2775; baseline -0.001 -20"><span class='ocrx_word' id='word_1_292' title='bbox 217 2701 354 2775; x_wconf 27' lang='lat' dir='ltr'><strong>Ita-Rege</strong></span> <span class='ocrx_word' id='word_1_293' title='bbox 371 2702 446 2754; x_wconf 85' lang='lat' dir='ltr'><strong>Gud.</strong></span> <span class='ocrx_word' id='word_1_294' title='bbox 469 2707 492 2758; x_wconf 87' lang='lat'><strong>1.</strong></span> <span class='ocrx_word' id='word_1_295' title='bbox 511 2706 538 2758; x_wconf 78' lang='lat'><strong>2.</strong></span> <span class='ocrx_word' id='word_1_296' title='bbox 568 2711 598 2755; x_wconf 86' lang='lat' dir='ltr'><strong>ct</strong></span> <span class='ocrx_word' id='word_1_297' title='bbox 621 2720 696 2754; x_wconf 89' lang='lat' dir='ltr'><strong>unus</strong></span> <span class='ocrx_word' id='word_1_298' title='bbox 722 2701 772 2754; x_wconf 76' lang='lat'><strong>01.</strong></span> <span class='ocrx_word' id='word_1_299' title='bbox 797 2704 873 2767; x_wconf 69' lang='lat' dir='ltr'><strong>fosso</strong></span> <span class='ocrx_word' id='word_1_300' title='bbox 900 2703 970 2754; x_wconf 84' lang='lat' dir='ltr'><strong>tatu</strong></span> <span class='ocrx_word' id='word_1_301' title='bbox 987 2700 1172 2773; x_wconf 74' lang='lat' dir='ltr'><strong>cubicula-ric</strong></span> <span class='ocrx_word' id='word_1_302' title='bbox 1195 2703 1281 2765; x_wconf 52' lang='lat' dir='ltr'><strong>lecton</strong></span> <span class='ocrx_word' id='word_1_303' title='bbox 1306 2703 1371 2754; x_wconf 83' lang='lat' dir='ltr'><strong>&#39;duo</strong></span> 
     </span>
     <span class='ocr_line' id='line_1_34' title="bbox 217 2770 1380 2839; baseline 0 -11"><span class='ocrx_word' id='word_1_304' title='bbox 217 2774 289 2830; x_wconf 84' lang='lat' dir='ltr'><strong>Oxx.</strong></span> <span class='ocrx_word' id='word_1_305' title='bbox 308 2770 400 2827; x_wconf 82' lang='lat' dir='ltr'><strong>Rehd</strong></span> <span class='ocrx_word' id='word_1_306' title='bbox 418 2773 503 2826; x_wconf 85' lang='lat' dir='ltr'><strong>Vind.</strong></span> <span class='ocrx_word' id='word_1_307' title='bbox 523 2777 549 2830; x_wconf 74' lang='lat'><strong>2.</strong></span> <span class='ocrx_word' id='word_1_308' title='bbox 569 2775 654 2839; x_wconf 72' lang='lat' dir='ltr'><strong>iussu</strong></span> <span class='ocrx_word' id='word_1_309' title='bbox 672 2774 742 2826; x_wconf 79' lang='lat' dir='ltr'><strong>luto</strong></span> <span class='ocrx_word' id='word_1_310' title='bbox 759 2773 952 2833; x_wconf 71' lang='lat' dir='ltr'><strong>cubiculario</strong></span> <span class='ocrx_word' id='word_1_311' title='bbox 975 2773 1103 2839; x_wconf 80' lang='lat' dir='ltr'><strong>tectum,</strong></span> <span class='ocrx_word' id='word_1_312' title='bbox 1129 2773 1213 2826; x_wconf 78' lang='lat' dir='ltr'><strong>viui.</strong></span> <span class='ocrx_word' id='word_1_313' title='bbox 1234 2778 1259 2827; x_wconf 93' lang='grc'><strong>1.</strong></span> <span class='ocrx_word' id='word_1_314' title='bbox 1279 2775 1380 2839; x_wconf 74' lang='lat' dir='ltr'><strong>fossa·</strong></span> 
     </span>
     <span class='ocr_line' id='line_1_35' title="bbox 217 2843 1365 2909; baseline -0.002 -10"><span class='ocrx_word' id='word_1_315' title='bbox 217 2849 285 2900; x_wconf 87' lang='lat' dir='ltr'><strong>toto</strong></span> <span class='ocrx_word' id='word_1_316' title='bbox 312 2845 507 2898; x_wconf 79' lang='lat' dir='ltr'><strong>cubicularem</strong></span> <span class='ocrx_word' id='word_1_317' title='bbox 533 2845 658 2909; x_wconf 84' lang='lat' dir='ltr'><strong>tectum,</strong></span> <span class='ocrx_word' id='word_1_318' title='bbox 682 2847 756 2900; x_wconf 86' lang='lat' dir='ltr'><strong>Mon.</strong></span> <span class='ocrx_word' id='word_1_319' title='bbox 776 2849 802 2899; x_wconf 93' lang='grc'><strong>1.</strong></span> <span class='ocrx_word' id='word_1_320' title='bbox 836 2845 1027 2909; x_wconf 71' lang='lat' dir='ltr'><strong>focca-tuta</strong></span> <span class='ocrx_word' id='word_1_321' title='bbox 1059 2843 1365 2901; x_wconf 67' lang='lat' dir='ltr'><strong>cubiculari-tectum.</strong></span> 
     </span>
     <span class='ocr_line' id='line_1_36' title="bbox 217 2912 1366 2982; baseline -0.003 -11"><span class='ocrx_word' id='word_1_322' title='bbox 217 2915 293 2973; x_wconf 82' lang='lat' dir='ltr'><strong>Gud.</strong></span> <span class='ocrx_word' id='word_1_323' title='bbox 318 2918 397 2982; x_wconf 73' lang='lat' dir='ltr'><strong>fossa</strong></span> <span class='ocrx_word' id='word_1_324' title='bbox 423 2917 482 2969; x_wconf 87' lang='lat' dir='ltr'><strong>tuta</strong></span> <span class='ocrx_word' id='word_1_325' title='bbox 509 2917 631 2980; x_wconf 77' lang='lat' dir='ltr'><strong>lecturi,-</strong></span> <span class='ocrx_word' id='word_1_326' title='bbox 644 2917 747 2970; x_wconf 87' lang='lat' dir='ltr'><strong>omissa</strong></span> <span class='ocrx_word' id='word_1_327' title='bbox 770 2928 851 2969; x_wconf 79' lang='lat' dir='ltr'><strong>rocc-</strong></span> <span class='ocrx_word' id='word_1_328' title='bbox 866 2915 982 2968; x_wconf 87' lang='lat' dir='ltr'><strong>cubicut.</strong></span> <span class='ocrx_word' id='word_1_329' title='bbox 1004 2915 1087 2973; x_wconf 78' lang='lat' dir='ltr'><strong>Edi.</strong></span> <span class='ocrx_word' id='word_1_330' title='bbox 1109 2912 1137 2971; x_wconf 78' lang='lat' dir='ltr'><strong>li.</strong></span> <span class='ocrx_word' id='word_1_331' title='bbox 1157 2914 1191 2968; x_wconf 78' lang='grc' dir='ltr'><strong>Ε.</strong></span> <span class='ocrx_word' id='word_1_332' title='bbox 1211 2914 1288 2981; x_wconf 74' lang='lat' dir='ltr'><strong>inico</strong></span> <span class='ocrx_word' id='word_1_333' title='bbox 1306 2916 1366 2968; x_wconf 81' lang='lat' dir='ltr'><strong>tcto</strong></span> 
     </span>
     <span class='ocr_line' id='line_1_37' title="bbox 215 2983 1368 3056; baseline -0.003 -14"><span class='ocrx_word' id='word_1_334' title='bbox 215 2988 388 3042; x_wconf 83' lang='lat' dir='ltr'><strong>cubiculares</strong></span> <span class='ocrx_word' id='word_1_335' title='bbox 410 2991 503 3054; x_wconf 84' lang='lat' dir='ltr'><strong>tectos,</strong></span> <span class='ocrx_word' id='word_1_336' title='bbox 526 2996 561 3039; x_wconf 90' lang='lat' dir='ltr'><strong>ut</strong></span> <span class='ocrx_word' id='word_1_337' title='bbox 578 2987 633 3041; x_wconf 83' lang='lat' dir='ltr'><strong>Ed.</strong></span> <span class='ocrx_word' id='word_1_338' title='bbox 660 2995 718 3040; x_wconf 83' lang='lat' dir='ltr'><strong>vet.</strong></span> <span class='ocrx_word' id='word_1_339' title='bbox 737 2986 898 3049; x_wconf 89' lang='lat' dir='ltr'><strong>Bouhierii,</strong></span> <span class='ocrx_word' id='word_1_340' title='bbox 922 2987 993 3039; x_wconf 72' lang='lat' dir='ltr'><strong>(lod.</strong></span> <span class='ocrx_word' id='word_1_341' title='bbox 1016 2983 1041 3040; x_wconf 79' lang='lat' dir='ltr'><strong>l.&#39;</strong></span> <span class='ocrx_word' id='word_1_342' title='bbox 1064 2988 1175 3041; x_wconf 86' lang='lat' dir='ltr'><strong>omittit</strong></span> <span class='ocrx_word' id='word_1_343' title='bbox 1196 2987 1368 3056; x_wconf 72' lang='lat' dir='ltr'><strong>proximum</strong></span> 
     </span>
     <span class='ocr_line' id='line_1_38' title="bbox 215 3055 1366 3127; baseline -0.003 -15"><span class='ocrx_word' id='word_1_344' title='bbox 215 3063 316 3127; x_wconf 76' lang='lat' dir='ltr'><strong>fossus,</strong></span> <span class='ocrx_word' id='word_1_345' title='bbox 341 3078 415 3114; x_wconf 87' lang='lat' dir='ltr'><strong>unus</strong></span> <span class='ocrx_word' id='word_1_346' title='bbox 439 3059 489 3112; x_wconf 75' lang='lat'><strong>01.</strong></span> <span class='ocrx_word' id='word_1_347' title='bbox 508 3057 595 3112; x_wconf 88' lang='lat' dir='ltr'><strong>habet</strong></span> <span class='ocrx_word' id='word_1_348' title='bbox 619 3060 746 3114; x_wconf 80' lang='lat' dir='ltr'><strong>transitu.</strong></span> <span class='ocrx_word' id='word_1_349' title='bbox 772 3057 862 3111; x_wconf 86' lang='lat' dir='ltr'><strong>llchd.</strong></span> <span class='ocrx_word' id='word_1_350' title='bbox 881 3055 921 3110; x_wconf 71' lang='lat' dir='ltr'><strong>iu¹</strong></span> <span class='ocrx_word' id='word_1_351' title='bbox 933 3059 1080 3126; x_wconf 81' lang='lat' dir='ltr'><strong>ponticulo.</strong></span> <span class='ocrx_word' id='word_1_352' title='bbox 1117 3056 1200 3113; x_wconf 88' lang='lat' dir='ltr'><strong>Unus</strong></span> <span class='ocrx_word' id='word_1_353' title='bbox 1223 3058 1274 3110; x_wconf 81' lang='lat' dir='ltr'><strong>Ox.</strong></span> <span class='ocrx_word' id='word_1_354' title='bbox 1294 3058 1366 3111; x_wconf 77' lang='lat' dir='ltr'><strong>cuba</strong></span> 
     </span>
     <span class='ocr_line' id='line_1_39' title="bbox 216 3123 1137 3254; baseline -0.002 -70"><span class='ocrx_word' id='word_1_355' title='bbox 216 3130 317 3203; x_wconf 78' lang='lat' dir='ltr'><strong>ipsum.</strong></span> <span class='ocrx_word' id='word_1_356' title='bbox 355 3132 481 3203; x_wconf 86' lang='lat' dir='ltr'><strong>Sequens</strong></span> <span class='ocrx_word' id='word_1_357' title='bbox 500 3146 581 3200; x_wconf 88' lang='lat' dir='ltr'><strong>quum</strong></span> <span class='ocrx_word' id='word_1_358' title='bbox 597 3123 662 3254; x_wconf 58' lang='lat' dir='ltr'><strong>quet</strong></span> <span class='ocrx_word' id='word_1_359' title='bbox 680 3131 770 3200; x_wconf 84' lang='lat' dir='ltr'><strong>ipsum</strong></span> <span class='ocrx_word' id='word_1_360' title='bbox 788 3129 902 3183; x_wconf 85' lang='lat' dir='ltr'><strong>omittit</strong></span> <span class='ocrx_word' id='word_1_361' title='bbox 919 3130 992 3206; x_wconf 60' lang='lat' dir='ltr'><strong>(iud.</strong></span> <span class='ocrx_word' id='word_1_362' title='bbox 1013 3133 1038 3186; x_wconf 78' lang='lat'><strong>2.</strong></span> <span class='ocrx_word' id='word_1_363' title='bbox 1078 3130 1137 3182; x_wconf 79' lang='lat' dir='ltr'><strong>Mr.</strong></span> 
     </span>
    </p>

    <p class='ocr_par' dir='ltr' id='par_1_7' title="bbox 216 3199 1374 3697">
     <span class='ocr_line' id='line_1_40' title="bbox 253 3199 1368 3272; baseline -0.001 -17"><span class='ocrx_word' id='word_1_364' title='bbox 253 3234 256 3239; x_wconf 94' lang='lat'>·</span> <span class='ocrx_word' id='word_1_365' title='bbox 288 3219 367 3272; x_wconf 85' lang='lat' dir='ltr'><strong>quum</strong></span> <span class='ocrx_word' id='word_1_366' title='bbox 390 3206 478 3270; x_wconf 73' lang='lat' dir='ltr'><strong>forem</strong></span> <span class='ocrx_word' id='word_1_367' title='bbox 502 3203 621 3256; x_wconf 64' lang='lat' dir='ltr'><strong>cubicus*</strong></span> <span class='ocrx_word' id='word_1_368' title='bbox 643 3199 795 3265; x_wconf 81' lang='lat' dir='ltr'><strong>clauserat]</strong></span> <span class='ocrx_word' id='word_1_369' title='bbox 831 3201 905 3264; x_wconf 81' lang='lat' dir='ltr'><strong>„Itu</strong></span> <span class='ocrx_word' id='word_1_370' title='bbox 927 3218 944 3252; x_wconf 82' lang='lat' dir='ltr'><strong>c</strong></span> <span class='ocrx_word' id='word_1_371' title='bbox 962 3201 1113 3254; x_wconf 77' lang='lat' dir='ltr'><strong>Lactantio</strong></span> <span class='ocrx_word' id='word_1_372' title='bbox 1136 3200 1223 3271; x_wconf 82' lang='lat' dir='ltr'><strong>citari</strong></span> <span class='ocrx_word' id='word_1_373' title='bbox 1247 3201 1324 3253; x_wconf 81' lang='lat' dir='ltr'><strong>libro</strong></span> <span class='ocrx_word' id='word_1_374' title='bbox 1343 3205 1368 3257; x_wconf 78' lang='lat' dir='ltr'><strong>l.</strong></span> 
     </span>
     <span class='ocr_line' id='line_1_41' title="bbox 216 3268 1368 3342; baseline -0.005 -14"><span class='ocrx_word' id='word_1_375' title='bbox 216 3282 335 3328; x_wconf 81' lang='lat' dir='ltr'><strong>annotat</strong></span> <span class='ocrx_word' id='word_1_376' title='bbox 353 3271 541 3339; x_wconf 82' lang='lat' dir='ltr'><strong>Gulielmius,</strong></span> <span class='ocrx_word' id='word_1_377' title='bbox 568 3273 743 3342; x_wconf 77' lang='lat' dir='ltr'><strong>laudantque</strong></span> <span class='ocrx_word' id='word_1_378' title='bbox 764 3268 989 3341; x_wconf 25' lang='lat' dir='ltr'><strong>etiumll&#39;alatin‘.</strong></span> <span class='ocrx_word' id='word_1_379' title='bbox 1010 3288 1066 3325; x_wconf 83' lang='lat' dir='ltr'><strong>sec.</strong></span> <span class='ocrx_word' id='word_1_380' title='bbox 1083 3279 1150 3324; x_wconf 85' lang='lat' dir='ltr'><strong>tert.</strong></span> <span class='ocrx_word' id='word_1_381' title='bbox 1171 3279 1267 3341; x_wconf 68' lang='lat' dir='ltr'><strong>quart.</strong></span> <span class='ocrx_word' id='word_1_382' title='bbox 1282 3271 1368 3324; x_wconf 76' lang='lat' dir='ltr'><strong>Fabr.</strong></span> 
     </span>
     <span class='ocr_line' id='line_1_42' title="bbox 216 3337 1370 3414; baseline -0.003 -17"><span class='ocrx_word' id='word_1_383' title='bbox 216 3346 309 3399; x_wconf 80' lang='lat' dir='ltr'><strong>Vatic.</strong></span> <span class='ocrx_word' id='word_1_384' title='bbox 330 3345 401 3400; x_wconf 81' lang='lat' dir='ltr'><strong>alias</strong></span> <span class='ocrx_word' id='word_1_385' title='bbox 419 3344 528 3410; x_wconf 74' lang='lat' dir='ltr'><strong>iores.“</strong></span> <span class='ocrx_word' id='word_1_386' title='bbox 547 3342 627 3397; x_wconf 77' lang='lat' dir='ltr'><strong>Gediu</strong></span> <span class='ocrx_word' id='word_1_387' title='bbox 665 3346 819 3414; x_wconf 82' lang='lat' dir='ltr'><strong>Perperam</strong></span> <span class='ocrx_word' id='word_1_388' title='bbox 838 3351 953 3396; x_wconf 87' lang='lat' dir='ltr'><strong>notarat</strong></span> <span class='ocrx_word' id='word_1_389' title='bbox 970 3345 1035 3396; x_wconf 89' lang='lat' dir='ltr'><strong>Jan.</strong></span> <span class='ocrx_word' id='word_1_390' title='bbox 1055 3338 1247 3412; x_wconf 70' lang='lat' dir='ltr'><strong>Gulielmius,</strong></span> <span class='ocrx_word' id='word_1_391' title='bbox 1267 3337 1309 3395; x_wconf 83' lang='lat' dir='ltr'><strong>it&#39;a</strong></span> <span class='ocrx_word' id='word_1_392' title='bbox 1326 3344 1370 3394; x_wconf 89' lang='lat' dir='ltr'><strong>ci·</strong></span> 
     </span>
     <span class='ocr_line' id='line_1_43' title="bbox 216 3412 1369 3483; baseline -0.004 -12"><span class='ocrx_word' id='word_1_393' title='bbox 216 3422 279 3483; x_wconf 78' lang='lat' dir='ltr'><strong>ture</strong></span> <span class='ocrx_word' id='word_1_394' title='bbox 298 3417 481 3470; x_wconf 81' lang='lat' dir='ltr'><strong>Lactantium</strong></span> <span class='ocrx_word' id='word_1_395' title='bbox 499 3417 564 3468; x_wconf 84' lang='lat' dir='ltr'><strong>Div.</strong></span> <span class='ocrx_word' id='word_1_396' title='bbox 585 3418 653 3468; x_wconf 86' lang='lat' dir='ltr'><strong>Inst.</strong></span> <span class='ocrx_word' id='word_1_397' title='bbox 674 3412 721 3466; x_wconf 78' lang='grc' dir='ltr'><strong>Ν.</strong></span> <span class='ocrx_word' id='word_1_398' title='bbox 760 3416 846 3468; x_wconf 86' lang='lat' dir='ltr'><strong>Hunc</strong></span> <span class='ocrx_word' id='word_1_399' title='bbox 863 3415 943 3468; x_wconf 87' lang='lat' dir='ltr'><strong>enim</strong></span> <span class='ocrx_word' id='word_1_400' title='bbox 961 3412 1058 3466; x_wconf 86' lang='lat' dir='ltr'><strong>locum</strong></span> <span class='ocrx_word' id='word_1_401' title='bbox 1079 3430 1138 3482; x_wconf 84' lang='lat' dir='ltr'><strong>non</strong></span> <span class='ocrx_word' id='word_1_402' title='bbox 1157 3412 1276 3466; x_wconf 86' lang='lat' dir='ltr'><strong>omnino</strong></span> <span class='ocrx_word' id='word_1_403' title='bbox 1295 3413 1369 3478; x_wconf 82' lang='lat' dir='ltr'><strong>[om-</strong></span> 
     </span>
     <span class='ocr_line' id='line_1_44' title="bbox 216 3484 1371 3559; baseline -0.003 -19"><span class='ocrx_word' id='word_1_404' title='bbox 216 3484 381 3556; x_wconf 78' lang='lat' dir='ltr'><strong>nino&#39;non]</strong></span> <span class='ocrx_word' id='word_1_405' title='bbox 397 3487 496 3553; x_wconf 87' lang='lat' dir='ltr'><strong>laudat</strong></span> <span class='ocrx_word' id='word_1_406' title='bbox 521 3488 570 3540; x_wconf 85' lang='lat' dir='ltr'><strong>vir</strong></span> <span class='ocrx_word' id='word_1_407' title='bbox 596 3486 814 3538; x_wconf 82' lang='lat' dir='ltr'><strong>disertissimus.</strong></span> <span class='ocrx_word' id='word_1_408' title='bbox 839 3485 944 3559; x_wconf 60' lang='lat' dir='ltr'><strong>Vulggr.</strong></span> <span class='ocrx_word' id='word_1_409' title='bbox 966 3488 1042 3551; x_wconf 77' lang='lat' dir='ltr'><strong>fores</strong></span> <span class='ocrx_word' id='word_1_410' title='bbox 1067 3484 1186 3537; x_wconf 79' lang='lat' dir='ltr'><strong>cubiculi</strong></span> <span class='ocrx_word' id='word_1_411' title='bbox 1213 3484 1371 3550; x_wconf 69' lang='lat' dir='ltr'><strong>obmiserat,</strong></span> 
     </span>
     <span class='ocr_line' id='line_1_45' title="bbox 216 3554 1374 3624; baseline -0.004 -12"><span class='ocrx_word' id='word_1_412' title='bbox 216 3560 304 3612; x_wconf 89' lang='lat' dir='ltr'><strong>aliter</strong></span> <span class='ocrx_word' id='word_1_413' title='bbox 321 3577 392 3613; x_wconf 84' lang='lat' dir='ltr'><strong>vero</strong></span> <span class='ocrx_word' id='word_1_414' title='bbox 411 3559 522 3614; x_wconf 85' lang='lat' dir='ltr'><strong>MSSti:</strong></span> <span class='ocrx_word' id='word_1_415' title='bbox 548 3560 579 3611; x_wconf 89' lang='lat' dir='ltr'><strong>et</strong></span> <span class='ocrx_word' id='word_1_416' title='bbox 600 3564 682 3609; x_wconf 86' lang='lat' dir='ltr'><strong>recte</strong></span> <span class='ocrx_word' id='word_1_417' title='bbox 706 3557 832 3624; x_wconf 88' lang='lat' dir='ltr'><strong>quidem.</strong></span> <span class='ocrx_word' id='word_1_418' title='bbox 870 3554 1002 3608; x_wconf 79' lang='lat' dir='ltr'><strong>Valerius</strong></span> <span class='ocrx_word' id='word_1_419' title='bbox 1021 3559 1094 3608; x_wconf 82' lang='lat' dir='ltr'><strong>Max.</strong></span> <span class='ocrx_word' id='word_1_420' title='bbox 1115 3556 1164 3620; x_wconf 81' lang='lat' dir='ltr'><strong>IX,</strong></span> <span class='ocrx_word' id='word_1_421' title='bbox 1184 3558 1227 3620; x_wconf 82' lang='lat'><strong>13,</strong></span> <span class='ocrx_word' id='word_1_422' title='bbox 1245 3558 1282 3615; x_wconf 75' lang='lat'><strong>4:</strong></span> <span class='ocrx_word' id='word_1_423' title='bbox 1312 3570 1374 3608; x_wconf 83' lang='lat' dir='ltr'><strong>cum</strong></span> 
     </span>
     <span class='ocr_line' id='line_1_46' title="bbox 216 3627 1372 3697; baseline -0.005 -13"><span class='ocrx_word' id='word_1_424' title='bbox 216 3635 308 3697; x_wconf 72' lang='lat' dir='ltr'><strong>forem</strong></span> <span class='ocrx_word' id='word_1_425' title='bbox 326 3631 458 3696; x_wconf 79' lang='lat' dir='ltr'><strong>cubiculi,</strong></span> <span class='ocrx_word' id='word_1_426' title='bbox 477 3631 650 3683; x_wconf 72' lang='lat' dir='ltr'><strong>extrinsecus</strong></span> <span class='ocrx_word' id='word_1_427' title='bbox 675 3643 692 3678; x_wconf 86' lang='lat' dir='ltr'><strong>a</strong></span> <span class='ocrx_word' id='word_1_428' title='bbox 711 3628 870 3681; x_wconf 80' lang='lat' dir='ltr'><strong>custodibus</strong></span> <span class='ocrx_word' id='word_1_429' title='bbox 893 3635 1025 3693; x_wconf 80' lang='lat' dir='ltr'><strong>opertum,</strong></span> <span class='ocrx_word' id='word_1_430' title='bbox 1056 3627 1220 3682; x_wconf 76' lang='lat' dir='ltr'><strong>intutiorem</strong></span> <span class='ocrx_word' id='word_1_431' title='bbox 1243 3628 1372 3679; x_wconf 81' lang='lat' dir='ltr'><strong>claustro</strong></span> 
     </span>
    </p>
   </div>
   <div class='ocr_carea' id='block_1_5' title="bbox 108 3697 1372 3771">
    <p class='ocr_par' dir='ltr' id='par_1_8' title="bbox 108 3697 1372 3771">
     <span class='ocr_line' id='line_1_47' title="bbox 108 3697 1372 3771; baseline -0.006 -16"><span class='ocrx_word' id='word_1_432' title='bbox 108 3757 111 3765; x_wconf 74' lang='grc'><em>,</em></span> <span class='ocrx_word' id='word_1_433' title='bbox 215 3704 277 3770; x_wconf 78' lang='lat' dir='ltr'><strong>ipse</strong></span> <span class='ocrx_word' id='word_1_434' title='bbox 294 3703 448 3771; x_wconf 82' lang='lat' dir='ltr'><strong>diligenter</strong></span> <span class='ocrx_word' id='word_1_435' title='bbox 473 3703 639 3755; x_wconf 77' lang='lat' dir='ltr'><strong>obserasset.</strong></span> <span class='ocrx_word' id='word_1_436' title='bbox 670 3697 789 3753; x_wconf 84' lang='lat' dir='ltr'><strong>Terent.</strong></span> <span class='ocrx_word' id='word_1_437' title='bbox 816 3698 937 3767; x_wconf 87' lang='lat' dir='ltr'><strong>Adelph.</strong></span> <span class='ocrx_word' id='word_1_438' title='bbox 959 3699 1012 3762; x_wconf 82' lang='lat' dir='ltr'><strong>tlt,</strong></span> <span class='ocrx_word' id='word_1_439' title='bbox 1032 3701 1058 3762; x_wconf 80' lang='lat'><strong>2,</strong></span> <span class='ocrx_word' id='word_1_440' title='bbox 1082 3703 1127 3754; x_wconf 80' lang='lat' dir='ltr'><strong>lit</strong></span> <span class='ocrx_word' id='word_1_441' title='bbox 1156 3697 1232 3762; x_wconf 77' lang='lat' dir='ltr'><strong>soris</strong></span> <span class='ocrx_word' id='word_1_442' title='bbox 1253 3699 1372 3766; x_wconf 72' lang='lat' dir='ltr'><strong>crepuit.</strong></span> 
     </span>
    </p>
   </div>
   <div class='ocr_carea' id='block_1_6' title="bbox 193 3768 1374 4483">
    <p class='ocr_par' dir='ltr' id='par_1_9' title="bbox 193 3768 1374 4483">
     <span class='ocr_line' id='line_1_48' title="bbox 215 3768 1373 3838; baseline -0.003 -14"><span class='ocrx_word' id='word_1_443' title='bbox 215 3773 359 3828; x_wconf 76' lang='lat' dir='ltr'><strong>Donatus:</strong></span> <span class='ocrx_word' id='word_1_444' title='bbox 383 3775 477 3838; x_wconf 78' lang='lat' dir='ltr'><strong>Foris,</strong></span> <span class='ocrx_word' id='word_1_445' title='bbox 502 3771 663 3836; x_wconf 82' lang='lat' dir='ltr'><strong>singularis</strong></span> <span class='ocrx_word' id='word_1_446' title='bbox 695 3772 812 3834; x_wconf 81' lang='lat' dir='ltr'><strong>numeri,</strong></span> <span class='ocrx_word' id='word_1_447' title='bbox 839 3769 1006 3825; x_wconf 76' lang='lat' dir='ltr'><strong>nominativi</strong></span> <span class='ocrx_word' id='word_1_448' title='bbox 1032 3785 1121 3823; x_wconf 79' lang='lat' dir='ltr'><strong>casus.</strong></span> <span class='ocrx_word' id='word_1_449' title='bbox 1155 3768 1213 3823; x_wconf 68' lang='lat' dir='ltr'><strong>efiic-</strong></span> <span class='ocrx_word' id='word_1_450' title='bbox 1235 3783 1373 3838; x_wconf 74' lang='lat' dir='ltr'><strong>persaepe</strong></span> 
     </span>
     <span class='ocr_line' id='line_1_49' title="bbox 215 3839 1371 3910; baseline -0.008 -12"><span class='ocrx_word' id='word_1_451' title='bbox 215 3845 332 3899; x_wconf 83' lang='lat' dir='ltr'><strong>Plautus</strong></span> <span class='ocrx_word' id='word_1_452' title='bbox 353 3855 395 3899; x_wconf 84' lang='lat' dir='ltr'><strong>est</strong></span> <span class='ocrx_word' id='word_1_453' title='bbox 413 3845 544 3897; x_wconf 78' lang='lat' dir='ltr'><strong>locutus:</strong></span> <span class='ocrx_word' id='word_1_454' title='bbox 565 3842 614 3894; x_wconf 82' lang='lat' dir='ltr'><strong>sed</strong></span> <span class='ocrx_word' id='word_1_455' title='bbox 632 3841 730 3903; x_wconf 81' lang='lat' dir='ltr'><strong>allata,</strong></span> <span class='ocrx_word' id='word_1_456' title='bbox 750 3843 826 3910; x_wconf 87' lang='lat' dir='ltr'><strong>quod</strong></span> <span class='ocrx_word' id='word_1_457' title='bbox 844 3841 989 3903; x_wconf 83' lang='lat' dir='ltr'><strong>volumus,</strong></span> <span class='ocrx_word' id='word_1_458' title='bbox 1015 3842 1083 3895; x_wconf 81' lang='lat' dir='ltr'><strong>sutis</strong></span> <span class='ocrx_word' id='word_1_459' title='bbox 1110 3839 1278 3893; x_wconf 78' lang='lat' dir='ltr'><strong>efficiunt.“</strong></span> <span class='ocrx_word' id='word_1_460' title='bbox 1300 3840 1371 3892; x_wconf 83' lang='lat' dir='ltr'><strong>Deo.</strong></span> 
     </span>
     <span class='ocr_line' id='line_1_50' title="bbox 193 3904 1370 3981; baseline -0.008 -12"><span class='ocrx_word' id='word_1_461' title='bbox 193 3928 195 3931; x_wconf 82' lang='lat'>&#39;</span> <span class='ocrx_word' id='word_1_462' title='bbox 215 3917 268 3969; x_wconf 85' lang='lat' dir='ltr'><strong>Ed.</strong></span> <span class='ocrx_word' id='word_1_463' title='bbox 289 3924 313 3973; x_wconf 90' lang='lat' dir='ltr'><strong>l.</strong></span> <span class='ocrx_word' id='word_1_464' title='bbox 336 3945 369 3954; x_wconf 73' lang='lat'><em>-</em></span> <span class='ocrx_word' id='word_1_465' title='bbox 386 3917 462 3969; x_wconf 85' lang='lat' dir='ltr'><strong>Edd.</strong></span> <span class='ocrx_word' id='word_1_466' title='bbox 482 3922 548 3968; x_wconf 83' lang='lat' dir='ltr'><strong>ante</strong></span> <span class='ocrx_word' id='word_1_467' title='bbox 569 3911 660 3964; x_wconf 84' lang='lat' dir='ltr'><strong>Gebh.</strong></span> <span class='ocrx_word' id='word_1_468' title='bbox 681 3915 767 3976; x_wconf 78' lang='lat' dir='ltr'><strong>fores,</strong></span> <span class='ocrx_word' id='word_1_469' title='bbox 788 3920 816 3965; x_wconf 89' lang='lat' dir='ltr'><strong>et</strong></span> <span class='ocrx_word' id='word_1_470' title='bbox 835 3912 877 3965; x_wconf 91' lang='lat' dir='ltr'><strong>sic</strong></span> <span class='ocrx_word' id='word_1_471' title='bbox 889 3918 1014 3981; x_wconf 85' lang='lat' dir='ltr'><strong>quatuor</strong></span> <span class='ocrx_word' id='word_1_472' title='bbox 1024 3913 1092 3964; x_wconf 78' lang='lat' dir='ltr'><strong>(ixx.</strong></span> <span class='ocrx_word' id='word_1_473' title='bbox 1114 3913 1225 3965; x_wconf 76' lang='lat' dir='ltr'><strong>Monl.</strong></span> <span class='ocrx_word' id='word_1_474' title='bbox 1245 3904 1370 3970; x_wconf 58' lang='lat' dir='ltr'><strong>Vincla</strong></span> 
     </span>
     <span class='ocr_line' id='line_1_51' title="bbox 214 3980 1374 4061; baseline -0.009 -19"><span class='ocrx_word' id='word_1_475' title='bbox 214 3988 290 4061; x_wconf 65' lang='lat' dir='ltr'><strong>Aug.</strong></span> <span class='ocrx_word' id='word_1_476' title='bbox 308 3988 401 4042; x_wconf 85' lang='lat' dir='ltr'><strong>llehd.</strong></span> <span class='ocrx_word' id='word_1_477' title='bbox 421 3985 495 4040; x_wconf 85' lang='lat' dir='ltr'><strong>Gud.</strong></span> <span class='ocrx_word' id='word_1_478' title='bbox 521 3985 630 4038; x_wconf 82' lang='lat' dir='ltr'><strong>Laudat</strong></span> <span class='ocrx_word' id='word_1_479' title='bbox 656 3986 744 4037; x_wconf 86' lang='lat' dir='ltr'><strong>etiam</strong></span> <span class='ocrx_word' id='word_1_480' title='bbox 763 3983 922 4037; x_wconf 81' lang='lat' dir='ltr'><strong>Forcellin.</strong></span> <span class='ocrx_word' id='word_1_481' title='bbox 952 4001 988 4038; x_wconf 81' lang='lat' dir='ltr'><strong>ex</strong></span> <span class='ocrx_word' id='word_1_482' title='bbox 1005 3991 1106 4037; x_wconf 83' lang='lat' dir='ltr'><strong>nostro</strong></span> <span class='ocrx_word' id='word_1_483' title='bbox 1130 3982 1196 4033; x_wconf 91' lang='lat' dir='ltr'><strong>loco</strong></span> <span class='ocrx_word' id='word_1_484' title='bbox 1214 3983 1301 4046; x_wconf 76' lang='lat' dir='ltr'><strong>fores.</strong></span> <span class='ocrx_word' id='word_1_485' title='bbox 1339 3980 1374 4032; x_wconf 88' lang='lat' dir='ltr'><strong>ln</strong></span> 
     </span>
     <span class='ocr_line' id='line_1_52' title="bbox 217 4050 1372 4128; baseline -0.009 -14"><span class='ocrx_word' id='word_1_486' title='bbox 217 4077 273 4114; x_wconf 90' lang='lat' dir='ltr'><strong>uno</strong></span> <span class='ocrx_word' id='word_1_487' title='bbox 293 4061 343 4114; x_wconf 83' lang='lat' dir='ltr'><strong>Ox.</strong></span> <span class='ocrx_word' id='word_1_488' title='bbox 370 4060 513 4128; x_wconf 85' lang='lat' dir='ltr'><strong>scriptum</strong></span> <span class='ocrx_word' id='word_1_489' title='bbox 536 4065 581 4109; x_wconf 87' lang='lat' dir='ltr'><strong>est</strong></span> <span class='ocrx_word' id='word_1_490' title='bbox 605 4056 798 4124; x_wconf 79' lang='lat' dir='ltr'><strong>extorquebat,</strong></span> <span class='ocrx_word' id='word_1_491' title='bbox 830 4053 918 4109; x_wconf 83' lang='lat' dir='ltr'><strong>alius.</strong></span> <span class='ocrx_word' id='word_1_492' title='bbox 933 4055 1118 4124; x_wconf 83' lang='lat' dir='ltr'><strong>retorquebat.</strong></span> <span class='ocrx_word' id='word_1_493' title='bbox 1154 4050 1314 4121; x_wconf 71' lang='lat' dir='ltr'><strong>beroaldus</strong></span> <span class='ocrx_word' id='word_1_494' title='bbox 1342 4050 1372 4103; x_wconf 70' lang='lat' dir='ltr'><strong>lc</strong></span> 
     </span>
     <span class='ocr_line' id='line_1_53' title="bbox 214 4123 1373 4201; baseline -0.009 -14"><span class='ocrx_word' id='word_1_495' title='bbox 214 4152 241 4187; x_wconf 84' lang='lat' dir='ltr'><strong>v.</strong></span> <span class='ocrx_word' id='word_1_496' title='bbox 263 4132 306 4184; x_wconf 86' lang='lat' dir='ltr'><strong>ita</strong></span> <span class='ocrx_word' id='word_1_497' title='bbox 324 4131 466 4201; x_wconf 81' lang='lat' dir='ltr'><strong>explicat:</strong></span> <span class='ocrx_word' id='word_1_498' title='bbox 486 4131 518 4182; x_wconf 85' lang='lat' dir='ltr'><strong>in</strong></span> <span class='ocrx_word' id='word_1_499' title='bbox 536 4129 659 4183; x_wconf 86' lang='lat' dir='ltr'><strong>alteram</strong></span> <span class='ocrx_word' id='word_1_500' title='bbox 677 4135 792 4196; x_wconf 79' lang='lat' dir='ltr'><strong>partem</strong></span> <span class='ocrx_word' id='word_1_501' title='bbox 811 4125 989 4191; x_wconf 84' lang='lat' dir='ltr'><strong>deflectebat,</strong></span> <span class='ocrx_word' id='word_1_502' title='bbox 1015 4133 1048 4179; x_wconf 90' lang='lat' dir='ltr'><strong>ut</strong></span> <span class='ocrx_word' id='word_1_503' title='bbox 1072 4124 1210 4177; x_wconf 86' lang='lat' dir='ltr'><strong>introitus</strong></span> <span class='ocrx_word' id='word_1_504' title='bbox 1230 4131 1308 4177; x_wconf 81' lang='lat' dir='ltr'><strong>essct</strong></span> <span class='ocrx_word' id='word_1_505' title='bbox 1326 4123 1373 4178; x_wconf 84' lang='lat' dir='ltr'><strong>iu·</strong></span> 
     </span>
     <span class='ocr_line' id='line_1_54' title="bbox 213 4193 1374 4268; baseline -0.012 -11"><span class='ocrx_word' id='word_1_506' title='bbox 213 4204 369 4257; x_wconf 88' lang='lat' dir='ltr'><strong>terclusus.</strong></span> <span class='ocrx_word' id='word_1_507' title='bbox 407 4202 456 4260; x_wconf 57' lang='lat' dir='ltr'><strong>Au,</strong></span> <span class='ocrx_word' id='word_1_508' title='bbox 476 4209 651 4254; x_wconf 84' lang='lat' dir='ltr'><strong>structuram</strong></span> <span class='ocrx_word' id='word_1_509' title='bbox 678 4215 761 4268; x_wconf 87' lang='lat' dir='ltr'><strong>quum</strong></span> <span class='ocrx_word' id='word_1_510' title='bbox 781 4230 812 4240; x_wconf 96' lang='lat'>-</span> <span class='ocrx_word' id='word_1_511' title='bbox 831 4213 886 4250; x_wconf 83' lang='lat' dir='ltr'><strong>uon</strong></span> <span class='ocrx_word' id='word_1_512' title='bbox 909 4199 1022 4250; x_wconf 87' lang='lat' dir='ltr'><strong>auderet</strong></span> <span class='ocrx_word' id='word_1_513' title='bbox 1047 4197 1164 4265; x_wconf 85' lang='lat' dir='ltr'><strong>eiusque</strong></span> <span class='ocrx_word' id='word_1_514' title='bbox 1192 4193 1374 4251; x_wconf 81' lang='lat' dir='ltr'><strong>senteutiam</strong></span> 
     </span>
     <span class='ocr_line' id='line_1_55' title="bbox 213 4265 1372 4338; baseline -0.009 -10"><span class='ocrx_word' id='word_1_515' title='bbox 213 4276 272 4328; x_wconf 85' lang='lat' dir='ltr'><strong>vid.</strong></span> <span class='ocrx_word' id='word_1_516' title='bbox 302 4273 490 4330; x_wconf 85' lang='lat' dir='ltr'><strong>Wiillner.</strong></span> <span class='ocrx_word' id='word_1_517' title='bbox 524 4273 607 4326; x_wconf 89' lang='lat' dir='ltr'><strong>Ueb.</strong></span> <span class='ocrx_word' id='word_1_518' title='bbox 640 4271 667 4322; x_wconf 88' lang='lat' dir='ltr'><strong>d.</strong></span> <span class='ocrx_word' id='word_1_519' title='bbox 698 4269 808 4323; x_wconf 69' lang='lat' dir='ltr'><strong>casus</strong></span> <span class='ocrx_word' id='word_1_520' title='bbox 833 4284 861 4322; x_wconf 81' lang='lat' dir='ltr'><strong>u.</strong></span> <span class='ocrx_word' id='word_1_521' title='bbox 885 4269 980 4322; x_wconf 84' lang='lat' dir='ltr'><strong>Modi</strong></span> <span class='ocrx_word' id='word_1_522' title='bbox 1007 4285 1036 4338; x_wconf 87' lang='lat' dir='ltr'><strong>p.</strong></span> <span class='ocrx_word' id='word_1_523' title='bbox 1063 4271 1115 4323; x_wconf 81' lang='lat'><strong>141</strong></span> <span class='ocrx_word' id='word_1_524' title='bbox 1142 4283 1183 4334; x_wconf 86' lang='lat' dir='ltr'><strong>sq.</strong></span> <span class='ocrx_word' id='word_1_525' title='bbox 1221 4265 1372 4330; x_wconf 73' lang='lat' dir='ltr'><strong>(bibust.</strong></span> 
     </span>
     <span class='ocr_line' id='line_1_56' title="bbox 215 4334 1372 4414; baseline -0.015 -12"><span class='ocrx_word' id='word_1_526' title='bbox 215 4347 293 4402; x_wconf 68' lang='lat'><strong>1027.</strong></span> <span class='ocrx_word' id='word_1_527' title='bbox 313 4344 353 4408; x_wconf 83' lang='lat'><strong>8.)</strong></span> <span class='ocrx_word' id='word_1_528' title='bbox 389 4347 423 4398; x_wconf 87' lang='lat' dir='ltr'><strong>ln</strong></span> <span class='ocrx_word' id='word_1_529' title='bbox 443 4363 523 4414; x_wconf 85' lang='lat' dir='ltr'><strong>seqq.</strong></span> <span class='ocrx_word' id='word_1_530' title='bbox 551 4345 619 4398; x_wconf 87' lang='lat' dir='ltr'><strong>Cod.</strong></span> <span class='ocrx_word' id='word_1_531' title='bbox 637 4341 737 4394; x_wconf 87' lang='lat' dir='ltr'><strong>Duisb.</strong></span> <span class='ocrx_word' id='word_1_532' title='bbox 758 4358 773 4393; x_wconf 89' lang='lat' dir='ltr'><strong>e</strong></span> <span class='ocrx_word' id='word_1_533' title='bbox 791 4339 977 4404; x_wconf 54' lang='lat' dir='ltr'><strong>uerrulllou.</strong></span> <span class='ocrx_word' id='word_1_534' title='bbox 998 4345 1023 4394; x_wconf 89' lang='grc'><strong>1.</strong></span> <span class='ocrx_word' id='word_1_535' title='bbox 1052 4355 1087 4391; x_wconf 78' lang='lat' dir='ltr'><strong>ec</strong></span> <span class='ocrx_word' id='word_1_536' title='bbox 1110 4338 1172 4390; x_wconf 83' lang='lat' dir='ltr'><strong>utta</strong></span> <span class='ocrx_word' id='word_1_537' title='bbox 1196 4338 1271 4390; x_wconf 86' lang='lat' dir='ltr'><strong>torri</strong></span> <span class='ocrx_word' id='word_1_538' title='bbox 1297 4334 1372 4399; x_wconf 86' lang='lat' dir='ltr'><strong>(sic).</strong></span> 
     </span>
     <span class='ocr_line' id='line_1_57' title="bbox 217 4404 1372 4483; baseline -0.012 -14"><span class='ocrx_word' id='word_1_539' title='bbox 217 4415 286 4470; x_wconf 83' lang='lat' dir='ltr'><strong>God.</strong></span> <span class='ocrx_word' id='word_1_540' title='bbox 305 4417 378 4470; x_wconf 85' lang='lat' dir='ltr'><strong>Gud.</strong></span> <span class='ocrx_word' id='word_1_541' title='bbox 399 4420 424 4474; x_wconf 79' lang='grc'><strong>2.</strong></span> <span class='ocrx_word' id='word_1_542' title='bbox 444 4424 479 4470; x_wconf 87' lang='lat' dir='ltr'><strong>ct</strong></span> <span class='ocrx_word' id='word_1_543' title='bbox 497 4417 524 4468; x_wconf 88' lang='lat' dir='ltr'><strong>is</strong></span> <span class='ocrx_word' id='word_1_544' title='bbox 542 4414 706 4483; x_wconf 81' lang='lat' dir='ltr'><strong>cumputo</strong></span> <span class='ocrx_word' id='word_1_545' title='bbox 724 4414 763 4477; x_wconf 79' lang='lat' dir='ltr'><strong>(v.</strong></span> <span class='ocrx_word' id='word_1_546' title='bbox 781 4412 873 4480; x_wconf 67' lang='lat' dir='ltr'><strong>patu),</strong></span> <span class='ocrx_word' id='word_1_547' title='bbox 898 4429 973 4483; x_wconf 73' lang='lat' dir='ltr'><strong>unus</strong></span> <span class='ocrx_word' id='word_1_548' title='bbox 997 4411 1048 4464; x_wconf 79' lang='lat' dir='ltr'><strong>Ox.</strong></span> <span class='ocrx_word' id='word_1_549' title='bbox 1074 4408 1188 4465; x_wconf 85' lang='lat' dir='ltr'><strong>omittit</strong></span> <span class='ocrx_word' id='word_1_550' title='bbox 1209 4407 1251 4465; x_wconf 81' lang='lat' dir='ltr'><strong>id.</strong></span> <span class='ocrx_word' id='word_1_551' title='bbox 1280 4404 1372 4463; x_wconf 82' lang='lat' dir='ltr'><strong>Rcbd.</strong></span> 
     </span>
    </p>
   </div>
   <div class='ocr_carea' id='block_1_7' title="bbox 0 0 1433 5084">
    <p class='ocr_par' dir='ltr' id='par_1_10' title="bbox 0 0 1433 5084">
     <span class='ocr_line' id='line_1_58' title="bbox 0 0 1433 5084; baseline 0 0"><span class='ocrx_word' id='word_1_552' title='bbox 0 0 1433 5084; x_wconf 95' lang='lat' dir='ltr'><strong> </strong></span> 
     </span>
    </p>
   </div>
  </div>
 </body>
</html>
