2856 5084
380 259 728 346 amnesamnes
749 278 809 344 no
830 278 1002 347 menum
1023 281 1049 347 1.
1228 282 1291 350 arr

135 466 162 504 c.
181 449 244 504 Vll.
262 453 292 504 ut
308 449 425 516 tormer,
453 446 500 517 qui
516 445 627 519 omniuo
649 463 705 503 aaa
722 451 821 516 emeat,
847 460 895 503 eor
911 463 946 502 ue
962 442 1085 502 miseros
1102 443 1214 517 quidem
1232 463 1290 503 esse

134 536 226 591 posse.
261 520 413 574 tancretius
431 519 485 586 111,
504 521 566 577 eet.
882 527 886 531 ’

300 590 358 645 Nec
374 591 510 644 miserum
532 587 606 655 fieri,
633 587 680 662 qui
696 607 752 645 aaa
769 596 819 658 ert,
845 605 951 661 posse„

204 657 311 716 *ibid
352 661 391 716 Ut
414 661 508 715 istuc
532 659 640 728 dicam3
668 669 698 716 et
715 677 798 715 mox:
824 659 925 730 istud
948 657 1063 730 iprum]

202 728 310 786 *lbid
349 731 403 790 Qui
419 737 498 787 tauta
514 730 623 803 gloria,
647 731 840 801 dignitate
864 738 967 786 tanta
990 730 1031 784 cit
1048 729 1186 796 mtrem]

203 797 330 942 'im'
350 805 424 857 Nam
447 801 551 857 istud
573 803 674 871 ipram,
699 818 755 858 aaa
778 818 846 869 erse,
880 819 961 872 quum
978 802 1078 870 tueris,
1101 800 1290 858 miserrimum

151 879 206 928 uto.
1030 908 1033 913 »

129 890 150 943 p
201 943 248 1000 Μ.
267 943 499 1016 Quid-miserius,
519 959 600 1014 quam
618 942 730 999 omuino
748 961 883 1016 naamam
900 943 1027 1013 suimet]
1064 944 1139 1012 Quid
1156 943 1219 1001 h.l.
1261 960 1291 998 ο-

132 1031 203 1070 nere
229 1016 358 1071 voluerit
379 1017 527 1075 Bentleius
552 1016 632 1070 rides
650 1033 686 1068 ex
703 1034 768 1069 ann.
789 1017 820 1068 in
837 1016 890 1070 Ed.
909 1017 977 1069 Dav.
996 1017 1023 1072 2.
1049 1015 1100 1068 ubi
1119 1023 1175 1070 est:
1211 963 1291 1082 „do-

133 1092 192 1139 tem
210 1088 290 1160 ῥῆσιν
307 1088 348 1141 ita
366 1087 493 1158 disponit
516 1087 741 1142 cl.1tentletus:
768 1090 967 1142 miserrumum
988 1093 1072 1155 putor
1100 1085 1183 1170 quia
1205 1087 1291 1141 mise·

132 1158 206 1224 rius,
225 1175 307 1260 quqm
325 1157 439 1214 omniuo
456 1174 595 1229 nunquam
612 1157 726 1233 fatere..
748 1160 785 1212 Μ.
805 1158 869 1216 lta.
880 1196 888 1212 .
899 1196 906 1211 .
917 1164 944 1212 et
961 1173 1021 1223 aar,
1038 1171 1105 1228 ¹qut
1126 1163 1190 1227 post
1216 1174 1291 1214 mar-

120 1232 186 1283 ‘tem
203 1237 260 1286 etc.

204 1296 280 1353 ibid.
320 1299 413 1356 Velim
430 1299 515 1367 scire,
534 1302 633 1372 ecquid
655 1302 690 1356 de
715 1306 741 1354 te
763 1298 983 1368 recordere]

204 1370 271 1441 Gap.
291 1371 317 1427 8.
347 1372 420 1427 Quia
437 1370 465 1425 si
483 1373 560 1426 mori
577 1375 657 1428 etiam
670 1371 789 1427 mortuis
805 1372 938 1427 miserum
950 1374 1031 1436 estet,
1049 1367 1188 1436 infinitum
1205 1371 1291 1439 quod·

133 1440 199 1494 dam
223 1448 250 1495 et
273 1441 468 1511 sempiternum
494 1446 595 1498 matum
622 1442 785 1498 lateremus
806 1444 837 1495 in
858 1443 929 1500 vita.
969 1441 1050 1495 Nunc
1072 1442 1153 1497 uideo
1171 1444 1288 1496 calcem:

131 1512 267 1636 adequam
279 1529 339 1567 cum
357 1515 396 1568 rit
407 1516 559 1582 decursum,
578 1512 650 1568 atta
660 1513 699 1568 sit
706 1521 854 1586 praeterea
864 1512 1101 1580 extimescendum]
1125 1513 1170 1566 Ita
1181 1528 1290 1578 omnes,

131 1599 165 1635 cr
201 1599 227 1650 o,
256 1584 404 1654 editiones,
437 1585 539 1640 saltem
564 1603 633 1656 quas
662 1586 723 1657 ipse
741 1585 875 1639 viderim.
913 1583 969 1638 Sed
987 1592 1037 1637 aut
1059 1599 1113 1659 ego
1131 1583 1291 1636 Dialectiea

130 1655 348 1725 perversissime
366 1656 473 1724 didici,
501 1665 551 1710 aut
568 1656 754 1710 falsissimum
773 1665 816 1710 est
835 1656 912 1726 quod
928 1655 979 1708 hic
997 1656 1125 1723 infertur
1142 1663 1176 1707 ut
1193 1671 1291 1708 eonse-

132 1741 231 1796 quons.
268 1726 341 1793 Quid
359 1727 454 1782 enim?
485 1728 672 1782 concedamus
687 1729 781 1791 ‘mori
799 1728 887 1782 etiam
910 1727 1034 1781 mortuis
1054 1726 1195 1779 miserum
1214 1742 1290 1792 esse,

131 1796 233 1849 ideone
251 1798 282 1851 iu
299 1797 357 1851 uita
382 1798 592 1868 sempiternum
616 1800 726 1853 malum
750 1799 939 1852 haberemus?
968 1797 1090 1850 minime
1107 1813 1194 1851 vero:
1222 1813 1291 1850 nam

131 1870 214 1919 certe
231 1883 288 1919 non
306 1876 374 1920 ante
392 1877 524 1922 mortem.
562 1869 618 1924 Sed
644 1870 708 1923 noli
734 1870 851 1934 credere
869 1870 1041 1923 Ciceronem
1065 1876 1125 1921 tam
1148 1885 1236 1938 prave
1261 1873 1291 1921 et

134 1937 239 1990 inscite
257 1938 471 2012 argumentari:
490 1940 531 1992 sic
549 1940 628 1992 enim
645 1940 711 2015 lege
730 1947 759 1992 et
777 1939 936 2013 distingue:
956 1940 1030 1995 Quia
1047 1937 1075 1990 si
1092 1953 1186 1990 more
1204 1936 1291 1990 etiam

132 2007 256 2062 mortuis
272 2008 406 2062 miserum
424 2016 504 2075 esset,
532 2010 669 2074 infinitum
687 2009 828 2078 quoddam
850 2017 878 2062 et
896 2010 1092 2079 sempiternum
1118 2007 1223 2060 malum
1240 2006 1291 2060 la-

133 2080 264 2134 beremur.
300 2081 318 2132 1
322 2097 340 2134 a
359 2080 395 2134 vi
400 2086 436 2132 ta
453 2097 524 2134 auac
541 2083 621 2137 uideo
639 2080 757 2145 calcem3
777 2087 828 2136 ete.
866 2081 961 2147 Vides,
979 2079 1093 2150 opinor,
1110 2093 1215 2132 novam
1233 2079 1291 2147 iam

132 2151 230 2204 lucem
248 2150 365 2204 exoriri.
402 2151 487 2206 Mors
504 2152 581 2226 lego,
601 2150 765 2206 non'moris
796 2150 853 2204 hoe
870 2151 949 2205 enim
976 2150 1008 2202 in
1024 2158 1133 2222 puncto
1151 2150 1290 2222 temporis

133 2221 178 2287 lit,
199 2221 252 2274 illa
269 2223 452 2292 sempiterna.
490 2221 538 2276 Sic
558 2222 626 2293 Cap.
644 2225 678 2276 V.
698 2223 805 2277 Malum
823 2219 893 2277 milri
909 2220 1021 2276 uidetur
1039 2237 1099 2274 esce
1117 2236 1203 2273 mors.
1228 2221 1291 2274 llst

132 2292 271 2345 miserum
294 2295 396 2362 igitur,
423 2293 554 2362 quoniam
570 2294 688 2348 malam.
726 2294 862 2347 Ceterum
889 2293 1021 2366 geminus
1044 2291 1115 2343 huic
1141 2291 1221 2343 locus
1247 2299 1291 2344 est

132 2361 184 2415 lib.
204 2364 227 2416 Ι.
247 2380 272 2415 e.
293 2364 365 2416 XLI.
402 2364 655 2434 lmelltgamaaque,
674 2363 702 2418 si
719 2380 795 2417 mors
811 2364 976 2418 malum—r
995 2378 1060 2416 nam
1078 2363 1153 2416 ritae
1171 2359 1291 2435 miserae

131 2447 210 2487 mars
226 2435 292 2498 fiais
309 2450 369 2489 erse
386 2433 511 2499 videtum
529 2433 688 2501 moraturi
704 2441 745 2488 est
763 2434 905 2501 miserum,
924 2436 990 2501 fiais
1005 2448 1065 2488 esse
1084 2432 1288 2502 uultuspatest.

204 2503 243 2558 Ga
265 2543 272 2556 .
292 2507 318 2561 9.
354 2503 483 2559 Animum
502 2512 593 2559 autem
611 2505 666 2560 alii
683 2505 826 2571 aaimam;
845 2510 876 2558 ut
894 2509 954 2572 fere
971 2503 1061 2572 nostri
1072 2504 1223 2573 ⁴declarant
1241 2521 1291 2559 no·

130 2591 201 2629 meu.
267 2591 313 2628 am
339 2582 368 2630 et
392 2592 478 2644 agere
496 2577 619 2630 animam
643 2584 669 2631 et
686 2577 785 2642 esitare
806 2576 937 2642 dicimus,
958 2583 984 2630 et
1003 2574 1155 2642 animosos,
1180 2575 1290 2629 eticae

100 2711 104 2716 ι
131 2645 283 2713 animator,
311 2654 339 2700 et
358 2663 393 2701 er
411 2647 501 2702 dirimi
519 2647 668 2702 sententia.
705 2648 771 2717 Ipse
789 2654 881 2702 autem
899 2646 1011 2717 animus
1028 2645 1178 2715 ablaalma
1196 2646 1290 2701 dictus

132 2717 195 2785 est]
218 2718 297 2788 'Non
315 2719 505 2784 incommode,
526 2720 639 2790 opinor,
661 2727 694 2771 ut
714 2727 743 2772 et
761 2727 794 2772 tu
812 2715 1022 2789 propemodum
1046 2718 1220 2784 conieceras,
1247 2719 1290 2771 le-

130 2805 202 2912 ξατο
220 2789 324 2856 possis:
356 2789 412 2843 alii
429 2791 561 2856 animam,
587 2796 619 2844 ut
636 2792 696 2856 fere
713 2788 817 2843 nostri:
847 2789 940 2857 ipsum
958 2789 1086 2842 declarat
1103 2805 1207 2843 nomen.
1245 2789 1290 2842 Ita

158 2858 248 2910 uscul.
268 2859 323 2925 111,
342 2861 369 2914 5.
408 2861 506 2914 Totam
532 2859 627 2928 igitar
652 2860 685 2915 id
709 2859 783 2930 quod
809 2859 970 2928 quaerimus
992 2860 1059 2928 quid
1081 2866 1109 2911 et
1134 2859 1215 2928 quale
1238 2860 1288 2926 ait,
1381 2865 1384 2870 ⁴

130 2929 210 2983 verli
226 2927 271 2981 ais
288 2928 352 2998 ipsa
369 2930 502 2998 declarat.
538 2930 666 2983 Divinat.
687 2932 710 2997 1,
729 2933 774 2986 tu.
796 2931 914 2986 Quorum
933 2937 1103 2984 ostentorum
1120 2930 1186 2995 aim,
1210 2935 1240 2982 ut
1259 2935 1290 2982 tu

131 3001 206 3054 soles
223 2999 326 3067 dicere,
351 3003 436 3054 aeria
460 3001 526 3070 ipsa
541 3003 695 3071 prudenter
713 3016 731 3052 a
749 2999 901 3068 maioribus
921 2996 1021 3070 posita
1038 3001 1194 3054 declarant.
1233 2998 1289 3053 Sed

131 3072 179 3125 dic
197 3071 285 3138 sodes,
313 3072 386 3140 quid
408 3073 464 3124 sibi
486 3072 581 3124 velint
609 3081 658 3124 aut
681 3087 737 3142 quo
755 3072 922 3141 pertineant
948 3072 1001 3124 illa
1019 3089 1091 3143 quae
1111 3072 1289 3141 sequuntur?

130 3142 275 3214 Equidem
292 3141 342 3195 hic
360 3143 439 3195 nihil
456 3143 550 3208 video,
581 3159 674 3212 neque
699 3159 813 3213 possum
832 3143 927 3195 aniano
954 3143 1116 3213 concipere,
1142 3158 1199 3212 quo
1226 3149 1290 3194 tan-

130 3214 196 3267 dem
213 3223 297 3284 pacto
316 3214 480 3268 declaretur
498 3214 625 3268 animum
643 3230 702 3267 esse
720 3213 842 3267 animam
860 3213 928 3275 (hoc
942 3223 984 3266 est
1002 3215 1109 3278 adrem)
1129 3213 1193 3266 ideo
1211 3211 1290 3281 quod

129 3285 231 3338 Latine
250 3286 346 3338 dicant
364 3288 518 3350 animosus,
539 3294 577 3350 et,
597 3300 632 3337 ex
649 3284 742 3339 animi
759 3284 908 3339 scatentia.
938 3284 1025 3337 Nihil
1043 3283 1175 3336 stolidius
1192 3283 1289 3335 absur-

130 3355 230 3409 diusre
249 3355 308 3408 dici
326 3365 428 3426 potest.
466 3355 626 3421 Aaintosus,
656 3356 763 3427 inquit,
792 3364 821 3408 et
840 3354 982 3408 animatus
1004 3354 1155 3407 derivatur
1172 3352 1205 3406 ab
1225 3351 1290 3405 ani-

131 3442 192 3480 mor
224 3443 292 3502 ergo
311 3428 361 3496 qui
379 3427 451 3481 haec
469 3426 598 3480 derivata
615 3427 704 3494 primi
723 3427 882 3496 finxerunt,
913 3425 1097 3479 declararunt
1123 3441 1152 3477 se
1171 3423 1289 3492 credere

130 3498 252 3551 animum
271 3514 329 3550 esse
348 3501 480 3552 animam.
518 3497 605 3568 Haud·
618 3497 680 3550 vidi
697 3497 797 3572 magis.
834 3497 982 3549 Fruuntur
1007 3513 1061 3566 per
1079 3512 1125 3548 me
1145 3509 1195 3547 suo
1214 3492 1290 3546 iudi-

130 3569 188 3634 cio,
216 3569 267 3652 qui
286 3587 302 3620 a
320 3568 458 3623 Cicerone
476 3567 641 3620 huiusmodi
660 3569 731 3639 quid
748 3566 895 3638 proficisci
921 3564 1003 3637 posse
1022 3566 1196 3619 existiment.
1233 3564 1289 3630 Tu,

130 3639 155 3692 si
176 3655 259 3708 sapis,
277 3646 371 3690 totum
388 3640 454 3705 hoc,
474 3638 551 3709 quod
569 3638 674 3692 amala
691 3656 778 3691 manu
796 3646 927 3691 notatum
943 3655 958 3690 e
976 3638 1107 3713 margine
1126 3637 1290 3688 intextum

131 3708 262 3778 irrepsit,
284 3709 393 3766 recide:
415 3719 443 3779 et
461 3710 502 3763 sic
520 3712 617 3764 locum
635 3710 791 3762 constitue:
818 3709 949 3762 Animum
969 3716 1058 3762 autem
1076 3706 1130 3762 alii
1148 3706 1289 3772 animam3

130 3787 161 3833 ut
172 3782 233 3847 tere
242 3780 348 3833 nostri:
368 3778 493 3852 declarat
507 3797 603 3835 nomm
616 3779 723 3852 ipsum:
743 3796 809 3834 nam
821 3779 971 3852 animarat
982 3780 1077 3835 anima
1093 3779 1185 3851 dictas
1200 3784 1250 3831 est.
1259 3773 1291 3840 *>

150 3920 180 3990 *)
206 3921 251 3976 Ad
267 3921 342 3975 hanc
355 3923 479 3976 Bentleii
498 3926 727 3981 emendationem
737 3927 916 4000 Verburgius
935 3925 990 3978 itae
1010 3923 1178 3990 „Bentleius
1197 3929 1290 3975 totum

204 3993 274 4046 hoe:
294 3999 320 4047 et
338 4008 424 4061 agere
442 3992 566 4048 animam
578 3996 685 4065 -ipse
703 4004 794 4069 autem
812 3995 899 4062 delet,
923 4003 1060 4064 tanquam
1078 4013 1094 4047 a
1112 3993 1187 4045 mala
1204 4009 1291 4063 manu

204 4066 236 4117 in
261 4073 377 4118 textum
398 4073 550 4135 receptum
567 4066 648 4119 nulla
670 4068 781 4120 ratione
804 4067 936 4120 codicum
954 4065 1100 4119 MStorum
1117 4064 1223 4131 habita,
1258 4063 1291 4114 in

152 4164 157 4175 =
204 4136 306 4206 quibus
323 4153 408 4189 voees
428 4136 496 4188 istae
514 4136 662 4209 leguntur,
685 4146 719 4189 ut
737 4137 819 4204 aliae,
846 4136 948 4206 quibus
966 4136 1047 4188 uuna
1069 4142 1204 4187 movetur
1221 4148 1290 4185 con·

205 4209 355 4260 troversia.
393 4207 466 4273 Quid
482 4207 538 4260 hoc
556 4207 601 4261 rei
620 4209 684 4261 est?
711 4225 748 4259 an
774 4207 815 4260 ita
833 4206 979 4260 tractanda
1001 4213 1068 4258 sunt
1084 4205 1189 4271 cannia,
1217 4221 1290 4272 quae

203 4293 262 4329 non
281 4279 484 4353 intelligimus,
516 4286 566 4331 aut
590 4294 661 4347 quae
684 4277 823 4331 videntur
847 4279 1002 4346 corrupta?
1026 4279 1075 4341 ,Ne
1093 4277 1154 4348 ipse
1173 4275 1292 4346 quidem

204 4348 361 4416 Bentleius,
386 4350 480 4414 eredo,
507 4349 539 4402 id
562 4349 594 4417 in
619 4347 685 4401 aliis
702 4344 877 4419 probarerit.
913 4347 1088 4419 Retinendae
1113 4355 1180 4417 sunt
1198 4345 1291 4422 igitur

206 4419 276 4472 istae
301 4436 386 4474 voces
411 4421 522 4489 abillo
549 4421 706 4474 damnatae.
750 4421 813 4475 Nec
843 4418 938 4484 video,
970 4418 1041 4490 quid
1054 4426 1217 4488 tantopere
1243 4417 1291 4469 vir

206 4489 413 4554 celeberrimus
436 4493 472 4546 de
495 4508 594 4554 earum
615 4491 789 4549 absurditate
811 4499 957 4563 queratur.
1002 4488 1163 4562 Disputatio
1189 4495 1231 4542 est
1255 4487 1290 4542 de
1328 4505 1334 4515 ·
