2856 5084
280 278 337 340 DE
358 275 555 341 EDITION.
582 273 832 340 TUSCULAN.
855 271 1144 341 KLOTZIANIS.
1229 277 1298 342 395?

132 443 303 500 censuimus.
339 441 488 497 Sententia
507 450 564 494 est:
589 447 616 493 et
632 456 666 495 oe
689 440 774 494 eredo
793 438 912 509 quidem,
935 439 987 494 aad
1011 439 1116 506 taleam
1133 454 1194 494 ease
1207 439 1292 494 orti·
1364 480 1368 489 s

132 521 209 569 tror:
228 513 343 579 accedit,
363 515 436 583 quod
452 515 484 576 fit
500 515 662 581 plerumque
679 513 741 566 sine
759 527 850 565 senae.

203 586 232 653 1,
244 587 288 648 35,
306 589 354 641 85:
374 584 420 639 Sit
440 583 533 652 igitur
551 583 667 653 uliquis,
687 582 738 652 qui
757 608 790 620 -
809 582 912 635 nattum
930 596 948 633 a
966 582 1083 646 fortuna
1098 583 1198 636 vulnus
1215 596 1292 637 occe-

128 655 218 723 peritz
237 656 370 710 Metellus
387 656 439 708 ille
455 653 653 707 bonoratur
672 660 802 723 quattuor
819 653 905 718 filiis:
930 658 961 709 at
979 653 1188 724 'quinquaginta
1205 654 1295 709 Prie«

130 723 201 791 aare,
233 742 248 779 e
273 727 373 796 quitus
393 754 426 764 -
446 728 551 781 natis.
588 726 719 778 Praefert
746 725 791 779 Kl.
817 722 985 790 bonoratur,
1013 726 1091 794 quod
1114 725 1198 778 habet
1224 727 1293 780 God.

130 799 201 870 Reg.
222 805 250 850 et
268 799 403 867 plerique
422 797 483 860 alii,
503 796 654 865 scriptioni
674 793 827 860 honoretis,
847 794 961 847 anobis
980 811 1175 866 quoquotum
1193 813 1294 851 recen-

131 868 253 921 tioribus
272 869 338 920 inde
357 869 390 920 ab
409 869 535 921 Ernesto
553 884 620 920 rece
641 875 697 921 tae.
734 866 872 932 Primum,
897 866 948 931 ait,
974 867 999 918 si
1017 868 1065 919 vel
1094 867 1219 920 maxime
1237 867 1293 921 hoc

130 939 165 992 de
185 939 298 992 Metelli
315 939 385 991 filiis
397 938 464 990 dici
481 937 581 1009 possit,
605 885 682 989 idem
706 945 808 990 tamen⁴
827 939 862 991 de
880 936 988 990 Priami
1013 937 1084 990 filiis
1109 937 1169 992 dici
1187 942 1297 1008 nequa·'

132 1028 219 1078 quam
237 1026 333 1081 posse:
359 1009 462 1063 deinde
487 1027 519 1062 re
540 1026 609 1061 vera
626 1008 823 1061 honorificum
846 1008 935 1061 fuisse
956 1009 1044 1078 patri,
1069 1009 1168 1079 plures
1186 1009 1295 1063 habere

130 1081 217 1134 filios.
247 1081 318 1153 -Ego
337 1098 390 1134 cur
407 1078 549 1134 honoratis
567 1107 601 1118 -
619 1080 682 1133 nati
699 1079 901 1148 praetulerim,
926 1079 987 1131 dixi
1006 1079 1038 1131 in
1056 1080 1238 1134 annotatione
1255 1081 1293 1135 ad

99 1157 104 1168 ¹
130 1150 160 1203 h.
180 1153 201 1204 1.
239 1151 298 1205 Gur
316 1152 402 1204 etiam
426 1168 505 1204 nuno
529 1152 701 1221 praeferam,
724 1149 818 1203 fusius
837 1151 954 1220 exposui
978 1151 1009 1202 in
1031 1167 1151 1204 censura
1169 1152 1213 1208 ed.
1233 1152 1292 1218 Ka,

131 1240 219 1290 quam
237 1222 419 1276 inserendam
437 1223 537 1275 curavi
556 1221 712 1274 Annalibus
735 1220 890 1274 literarum
914 1221 1217 1297 Heidelbergeneibns:
1248 1224 1294 1274 ni·

130 1292 176 1344 hil
195 1292 236 1345 ibi
254 1294 371 1355 reticui,
400 1309 456 1362 quo
480 1293 675 1345 commendari
698 1291 832 1344 videatur
856 1290 931 1343 ratio
950 1292 1117 1348 Klotzianat
1149 1311 1204 1347 nec
1221 1311 1291 1347 vero

132 1371 166 1414 ut
184 1380 280 1416 meam
297 1366 423 1418 facerem
446 1372 605 1417 commotus
629 1381 702 1425 sum,
718 1363 900 1432 <praesertim
920 1379 988 1416 curn
1011 1365 1128 1417 accedat
1146 1364 1229 1419 (tuat
1241 1381 1293 1419 no·

132 1433 187 1486 stri
205 1434 229 1490 1.
248 1435 415 1497 auctoritas,
438 1434 486 1488 cui
505 1450 560 1510 ego
576 1432 652 1486 libro
670 1433 775 1486 merito
794 1433 956 1504 plurimum
973 1434 1160 1488 tribuendum
1178 1452 1290 1490 censeo.

205 1505 250 1570 ib,
263 1508 344 1577 poesi
363 1521 429 1559 vero
453 1505 552 1570 e'sto,
571 1504 796 1574 serentapicum
822 1511 881 1557 tum
902 1507 1026 1570 potuerit
1052 1505 1200 1575 cimoliae
1218 1506 1295 1563 acci·

133 1583 208 1635 dere.
251 1577 389 1632 Defendit
411 1577 458 1633 Kl.
484 1576 560 1628 hanc
586 1575 782 1646 plurimorum
808 1575 952 1629 librorum
984 1575 1143 1632 lectionem
1174 1579 1233 1631 iam
1260 1580 1293 1632 in

133 1649 347 1719 Quaestionibus
365 1647 508 1700 Tullianis
527 1645 551 1699 l.
570 1663 599 1716 p.
619 1648 654 1701 92
666 1674 700 1685 -
712 1644 761 1702 98:
785 1646 879 1700 denuo
897 1646 1027 1700 defendit
1045 1657 1147 1702 contra
1165 1657 1293 1703 nostram

132 1739 293 1784 censuram,
316 1735 388 1790 quae
413 1727 455 1772 est
483 1719 516 1772 iu
539 1716 745 1787 Ephemeridd.
769 1717 1079 1780 scholastioie,·183tt·
1104 1721 1142 1774 II.
1170 1723 1232 1787 15³,
1260 1721 1293 1775 in

132 1794 318 1847 annotatione
337 1790 372 1842 ad
397 1789 475 1856 hunc
493 1789 605 1842 locum:
629 1805 683 1840 nec
701 1804 771 1841 vero
797 1789 952 1858 quicquam
970 1789 1039 1841 novi
1063 1791 1205 1856 attulisse,
1238 1806 1293 1845 nec

133 1884 227 1918 meam
244 1861 418 1916 sententiam
436 1868 570 1913 accurate
586 1860 725 1912 refutasse
742 1859 868 1912 videtur.
905 1857 1086 1916 Sententiam
1100 1878 1194 1916 meam
1212 1862 1293 1916 rides

133 1937 164 1988 in
183 1932 382 1988 annotatione:
419 1931 505 1985 latius
532 1930 692 1999 expositam
715 1929 831 1983 habebis
858 1945 901 1995 eo,
933 1946 991 2000 quo
1015 1931 1087 1993 dixi,
1113 1932 1191 1986 loco..
1207 1980 1209 1985 .
1227 1934 1298 1986 Non

133 2007 209 2059 mihi
226 2006 275 2058 vir
293 2003 338 2059 cl.
358 2003 393 2054 de
411 2019 476 2054 suae
494 2002 653 2055 sententiae
670 2002 793 2054 veritate
810 2001 895 2072 plane
912 2001 1066 2087 persuasit,
1084 2019 1139 2056 neo
1157 2003 1230 2056 alius
1245 2005 1296 2058 vir

134 2078 210 2130 mihi
229 2075 428 2137 amicissimus,
448 2090 534 2142 quem
553 2073 651 2124 eodem
669 2072 732 2125 loco
751 2073 798 2124 illi
817 2079 955 2127 assentire
972 2072 1044 2125 dixi.
1091 2119 1094 2126 ,
1164 2083 1168 2090 ·

149 2138 166 2170 '
204 2149 226 2201 l.
246 2151 291 2208 41,
309 2149 358 2202 98:
378 2145 412 2197 a'd
429 2144 517 2198 multo
534 2142 593 2196 tam
611 2143 719 2197 tauteus
737 2148 785 2197 eet.
827 2143 929 2207 Tene,
949 2169 983 2182 -·
1001 2144 1040 2197 od
1058 2157 1107 2196 eos
1124 2142 1227 2210 venire,
1246 2144 1298 2214 pud

131 2235 196 2276 vere
213 2217 322 2272 iudices
339 2215 514 2286 appellentur
537 2214 585 2267 -t
623 2214 725 2269 Servat
742 2216 788 2268 Kl.
808 2212 865 2268 hoc
889 2228 1003 2284 qnoque
1027 2215 1092 2267 loco
1116 2215 1295 2284 optimorum

131 2293 279 2344 librorum·
302 2288 521 2357 scriptionema
542 2302 597 2339 nec
622 2293 720 2339 tamen
741 2286 828 2340 aliam
853 2286 1029 2338 sententiam
1049 2286 1077 2338 ei
1102 2286 1195 2339 inesse
1218 2287 1294 2351 vult,

133 2380 220 2430 quam
242 2375 314 2430 quae
339 2359 373 2410 ab
398 2357 460 2427 ipsa
481 2356 540 2409 looi
565 2357 678 2410 ratione
695 2357 867 2424 requiritur.
905 2357 982 2422 Quae
1005 2373 1059 2410 cur
1075 2368 1114 2410 ex
1141 2356 1194 2410 illa
1210 2357 1298 2412 notis

134 2434 261 2486 lectione
279 2429 397 2501 prodire
415 2445 473 2480 non
491 2427 633 2490 videatur,
652 2428 714 2480 dixi
733 2428 765 2480 in
782 2428 976 2480 annotatione.
1001 2427 1003 2431 ’

203 2521 227 2574 1.
247 2521 290 2576 45.
310 2522 375 2574 loo:
399 2519 487 2570 multa
505 2513 577 2569 milei
601 2514 661 2584 a‘pat'
679 2515 718 2569 ad
734 2516 1031 2584 mortemtempastioe
1048 2519 1180 2584 fecerunta
1209 2532 1296 2588 qaae

131 2593 240 2647 utinam
255 2591 410 2659 potuissem
429 2589 522 2642 obiret
547 2587 583 2640 In
601 2594 729 2639 nostram
747 2586 873 2658 disputat
890 2587 936 2641 Kl.
956 2589 1138 2654 sententiam,
1158 2589 1297 2642 reiiciens'

133 2663 243 2715 Davisii
262 2661 473 2714 correctionem
493 2674 586 2728 quom,
613 2665 761 2729 receptam
780 2676 796 2710 a
813 2658 1022 2712 recentissimis
1042 2676 1156 2729 qnoque
1176 2659 1296 2714 editori·-

133 2735 194 2789 bus.
232 2732 342 2784 Laudat
365 2740 514 2800 praeterea
539 2730 599 2784 Cic.
627 2745 681 2798 pro
700 2729 761 2781 etit.
782 2733 825 2792 10,
843 2733 891 2786 27:
917 2729 977 2782 nist
994 2731 1073 2784 obire
1097 2730 1238 2797 facinoris
1256 2735 1297 2801 top.

133 2820 196 2857 cum
214 2810 372 2873 tempusque
390 2801 521 2854 coluisset
556 2800 703 2870 Improbat
721 2813 832 2865 censor,
859 2812 946 2871 quem
964 2801 1026 2852 dixi
1045 2802 1177 2854 Halen'sis
1201 2803 1298 2868 (teau

136 2878 195 2930 137.
214 2893 242 2944 p.
262 2875 337 2938 475.)
356 2873 505 2925 defensum
524 2885 594 2940 puae
612 2885 666 2940 pro
684 2885 780 2940 quam:
800 2872 881 2924 cuius
899 2872 1024 2940 rationes
1044 2889 1146 2943 operae
1164 2872 1299 2944 pretium·

134 2955 176 2999 est
195 2943 407 3015 contemplari.'
433 2941 506 2995 Mihi
525 2941 643 3012 quidem
659 2943 828 3011 probantur.
1067 2964 1070 2973 ²

204 3034 242 3087 11.
266 3034 377 3089 11.th
405 3032 455 3084 aed
476 3029 504 3084 e's
523 3029 607 3100 quast
627 3030 744 3096 dictate,
763 3058 797 3068 —
822 3031 901 3085 natta
926 3031 1085 3100 elegantia.-
1122 3030 1230 3088 Pttto
1259 3038 1295 3086 et

132 3103 326 3173 proprium
344 3109 447 3156 noste
458 3119 475 3154 r
493 3108 518 3154 at
536 3102 607 3156 tecta
624 3109 754 3170 poemata
778 3105 804 3155 et
822 3104 882 3156 loco
900 3103 1078 3173 adiungebat,
1116 3106 1196 3157 Hanc
1216 3100 1294 3173 cedia

136 3177 177 3228 cis
196 3178 236 3229 Re
259 3215 266 3228 .
285 3175 441 3229 lectionem
464 3171 619 3226 restituens
644 3174 684 3225 ita
703 3172 830 3243 explicat
852 3174 913 3230 tit:
946 3174 1062 3229 Unser
1080 3174 1188 3229 Philo
1208 3173 1297 3228 abed

134 3246 199 3322 gab
226 3194 576 3323 liigenthiimlicbee
613 3241 682 3297 und
708 3245 813 3319 fttgte
849 3244 1087 3300 auserlesene
1114 3246 1296 3319 Dichter·

135 3317 272 3371 stellen
290 3317 425 3370 undam
470 3314 651 3391 eh'o'rigen
670 3315 755 3368 Orte
775 3332 824 3372 an.
861 3317 960 3369 Priora
977 3317 1135 3371 convertit:
1167 3314 1295 3369 Allein

135 3389 199 3441 der
236 3388 300 3465 gab
362 3332 542 3441 leicdsam
577 3385 651 3439 alte
676 3386 785 3439 Hefte
813 3385 906 3440 ohne
930 3387 1101 3442 Auswahl
1128 3386 1199 3441 und
1226 3389 1296 3442 Ge-

132 3457 312 3514 schmack.
374 3468 435 3512 ecte
453 3468 524 3512 vero
548 3465 647 3510 monet
667 3456 749 3510 Gens.
768 3457 832 3510 Hal.
852 3457 872 3509 1.
893 3474 918 3510 c.
944 3458 979 3512 ad
998 3459 1179 3525 sententiam,
1208 3458 1295 3528 quam

116 3525 120 3535 ’
135 3530 200 3584 vult
217 3529 277 3596 KL,
296 3531 409 3598 requiri
427 3530 476 3583 vel
492 3526 641 3597 proprium
658 3527 770 3598 aliquid
788 3528 837 3581 vel
855 3531 987 3599 proprio·
1255 3541 1257 3545 ’

206 3617 608 3688 11.17.39:capitishuius
631 3616 717 3670 initio
741 3617 881 3670 lectiones
904 3619 1050 3684 afferat,
1073 3626 1242 3686 paratam,
1267 3621 1296 3674 a·
1370 3608 1373 3614 “

134 3688 244 3760 quidem
267 3687 347 3743 bomo
372 3695 470 3742 esset
495 3698 596 3743 contra
618 3689 779 3741 multorum
802 3689 997 3753 correctiones
1016 3687 1117 3753 eodem
1135 3691 1209 3756 fere,
1238 3706 1295 3760 quo

134 3778 196 3826 nos,
220 3761 303 3814 modo
328 3759 457 3818 defendit
478 3761 543 3827 Kl.;
573 3759 622 3813 sed
644 3757 760 3828 postet
784 3760 894 3829 quidem
915 3756 994 3814 bomo
1013 3764 1087 3815 earet
1110 3762 1210 3845 pergit
1229 3777 1295 3812 curn

134 3835 174 3887 Re
198 3873 205 3888 .
225 3840 254 3885 et
271 3830 484 3899 aliquot-aliie:
518 3831 569 3884 sed
592 3829 667 3884 sitit
683 3826 851 3896 vidimus,
880 3848 933 3914 pro
956 3837 1014 3901 quo
1043 3847 1093 3884 nos
1113 3830 1295 3884 exhibuimus

135 3921 165 3958 se
204 3902 511 3956 nibiloidiminas.
549 3903 699 3972 Explicat:
727 3901 1009 3973 Wirmernten',
1039 3900 1117 3961 dats
1147 3901 1296 3956 erdiet’s

135 3975 224 4027 thun
246 3974 380 4038 werde,
403 3991 508 4027 wenn
534 3990 573 4026 er
597 3970 763 4025 ntmlioh
785 3968 1018 4026 einMenscb
1040 3975 1154 4036 wiira3
1178 3973 1296 4027 allein

136 4047 203 4100 wir
225 4046 342 4105 baben
364 4044 488 4113 nichts
514 4041 833 4119 gesebemallein
850 4043 906 4095 die
930 4040 1146 4116 Erdabrung
1172 4039 1296 4098 best‘a'·

138 4117 231 4192 tigte
251 4135 285 4172 es
305 4114 415 4170 nicht.
453 4115 520 4168 Non
538 4113 656 4184 quidem
673 4110 819 4181 mordicus
837 4114 950 4168 retineo
962 4111 1296 4198 emendationemlquae

136 4206 190 4241 nec
215 4189 346 4243 codicum
369 4187 539 4243 auctoritate
563 4185 744 4238 destituitur:
772 4183 879 4239 habant
902 4185 981 4239 enim
1008 4192 1146 4255 quatuor:
1175 4190 1205 4239 et
1228 4185 1295 4238 inde

137 4279 153 4312 a
171 4259 299 4332 Victorio
319 4268 348 4317 et
366 4258 503 4312 Lambino
522 4256 657 4329 plurimis
675 4255 802 4340 placuitp
829 4255 878 4309 sed
916 4256 948 4309 ui
965 4265 1079 4309 veteres
1096 4253 1192 4310 ¹libros
1218 4271 1296 4309 com·

137 4331 238 4402 plures
264 4350 351 4385 manu
374 4330 469 4395 trivit,
499 4328 635 4387 concedat
658 4322 736 4380 nihil
761 4324 877 4380 facilius
896 4275 965 4381 deri
989 4326 1126 4398 potuisse,
1147 4335 1296 4410 ,quarn—nt

139 4419 200 4475 vida·
222 4418 314 4474 ocinus
338 4428 368 4475 et
390 4418 510 4476 citimus
531 4423 783 4489 permutarentur,
813 4415 848 4471 si·
866 4416 1010 4488 scriptum
1040 4424 1112 4473 osset
1136 4415 1294 4472 vtmtth
1363 4403 1370 4412 ¹
