2856 5084
514 274 642 341 maun
663 276 707 356 v,
729 278 794 346 ao..
945 317 948 321 «
1049 323 1052 333 ,
1164 272 1223 337 121

74 443 210 509 barbam
239 451 274 506 et
299 443 455 524 capillum
488 447 605 527 patris.
646 444 689 505 Et
715 451 825 504 tamen
854 439 895 501 ab
922 439 973 501 his
1001 439 1092 521 ipsis,
1121 456 1223 520 quum

73 531 140 590 ism
161 534 271 590 essent
290 525 436 604 adultae,
458 529 586 588 ferrum
607 527 754 588 removit
774 523 996 604 instituitque,
1017 530 1059 587 ut
1079 519 1222 582 canden-

72 611 162 672 tibus
183 607 389 695 iuglandium
411 609 636 690 putaminibus
658 608 794 670 barbam
817 607 881 667 sibi
908 614 943 666 et
963 605 1121 685 capillum
1142 602 1224 664 adu-

72 701 198 755 rereut.
242 693 415 774 Quumque
436 691 517 754 duas
534 711 655 753 uxores
677 691 828 765 haberet,
848 686 1100 749 Aristomachen
1114 686 1222 747 civem
1239 691 1283 749 59.

38 769 41 777 ’
70 794 175 852 suam,
197 773 360 836 Doridem
381 783 491 836 antem
512 775 733 849 Locrensem
760 772 809 833 sic
830 780 933 833 noctu
959 768 1000 830 ad
1028 788 1085 832 eas
1113 769 1224 831 venti-

71 857 175 936 tabat,
208 864 248 917 ut
279 858 390 919 omnia
418 857 647 941 specularetur
675 863 710 918 et
740 859 1014 936 perscrutaretur
1042 859 1128 912 anta.
1182 851 1225 911 Et

75 984 107 994 ,-
1089 977 1228 988 ..m

71 1045 199 1100 lectione
215 1061 305 1116 prava
323 1044 358 1096 ab
376 1041 389 1095 i
395 1042 408 1097 i
414 1059 428 1096 e
445 1041 527 1111 ipsis,
546 1059 619 1114 quae
636 1042 743 1096 multas
760 1038 834 1098 Edd.
853 1045 986 1110 occupat,
1010 1037 1112 1163 paullo
1136 1055 1223 1109 supa·

70 1117 134 1172 rius
152 1117 224 1169 dixi.
260 1114 323 1168 Duo
343 1115 413 1170 Oxx.
438 1115 470 1167 in
493 1114 637 1184 proximis
661 1131 727 1167 cum
745 1117 819 1167 Mon·
832 1115 864 1166 l.
892 1110 1011 1164 cadenti
1030 1125 1076 1175 us,
1094 1117 1223 1184 pergunt

71 1188 162 1243 iidem
189 1203 255 1240 cum
280 1189 368 1240 tertio
392 1186 515 1255 quodam
538 1184 574 1237 iu
597 1185 743 1258 gladium,
771 1186 827 1237 duo
849 1181 903 1235 alii
919 1181 953 1234 iu
969 1180 1123 1247 glandium,
1147 1199 1223 1233 unua

69 1258 238 1324 iuglandum,
250 1257 344 1309 ‘Marb
365 1255 401 1308 ui
416 1255 566 1321 glandium,
585 1255 658 1309 (iud.
678 1255 829 1320 glandium.
852 1249 925 1307 Gud.
944 1255 973 1308 2.
1000 1251 1110 1305 barbam
1127 1258 1153 1304 et
1171 1266 1222 1304 ea-

68 1329 165 1398 pillum
182 1327 246 1384 sibi.
281 1327 326 1379 Ad
350 1328 437 1382 verba
462 1328 538 1382 conf.
557 1325 699 1396 interprr.
719 1325 755 1379 ad
772 1325 868 1379 Valet.
888 1325 960 1377 Max.
981 1322 1030 1376 lx.
1051 1325 1095 1378 13.
1116 1330 1174 1379 ext.
1193 1325 1222 1380 4.

70 1417 100 1470 p·
120 1401 182 1456 863.
203 1398 245 1453 ed.
265 1396 403 1451 Terrena
429 1393 465 1449 ad
483 1414 546 1450 rem
564 1397 658 1451 Beier.
684 1396 718 1450 ad
737 1396 796 1450 cir.
820 1394 856 1449 de
878 1393 932 1449 off.
953 1393 994 1448 ΙΙ.
1013 1395 1039 1451 7.
1058 1395 1103 1450 26.
1126 1411 1156 1464 p·
1176 1396 1221 1451 66.

70 1470 107 1524 ad
125 1467 306 1538 eundemque
323 1466 420 1520 locum
440 1465 605 1520 Geruhard.
624 1484 653 1537 p.
673 1468 735 1522 too.
773 1468 831 1520 Mr.

137 1537 331 1607 -Ancillars'que
354 1535 470 1604 officio]
506 1538 554 1608 Sic
574 1537 686 1592 Elisus.
711 1545 743 1592 et
766 1536 882 1591 Cantab.
908 1535 1049 1608 probante
1067 1533 1112 1589 Ol.
1129 1535 1222 1589 Bent-

69 1608 141 1666 leio.
178 1608 273 1685 Vulgo
291 1607 418 1675 artificio.
457 1608 493 1662 D.
845 1615 850 1620 '
1144 1645 1149 1658 .

141 1679 250 1745 Regiae
267 1679 402 1745 uirgines,
421 1686 449 1731 ut
469 1678 656 1740 tonstriculae,
680 1678 825 1732 tondebant
848 1678 959 1731 barbam
982 1684 1009 1731 et
1026 1675 1152 1745 capillum
1168 1692 1221 1744 pa·
1258 1738 1263 1747 Ι

70 1749 135 1820 tris]
171 1752 248 1805 Haec
266 1749 353 1817 affert
370 1749 535 1804 Priscianus
553 1750 604 1803 lib.
623 1751 701 1804 vul.
724 1750 781 1804 col.
798 1752 863 1807 tes.
899 1750 936 1807 D.

142 1821 181 1877 Ut
199 1821 374 1874 candentibus
391 1821 564 1885 iuglandium
578 1820 774 1888 putaminibus]
802 1820 910 1873 Laudat
929 1820 1040 1876 Nonius
1058 1819 1091 1873 in
1108 1817 1222 1885 iuglan-

70 1892 125 1946 des.
161 1892 244 1945 Inter
262 1909 292 1946 se
310 1906 382 1945 vero
400 1893 565 1963 discrepant
583 1900 724 1949 auctores.
760 1893 868 1947 Noster
885 1890 967 1946 effic.
986 1891 1037 1944 lib.
1058 1890 1095 1943 11.
1115 1904 1177 1960 cap.
1194 1893 1219 1945 7.

32 2008 35 2019 .
68 1962 221 2032 Dionysius
239 1964 342 2015 cultros
359 1968 474 2016 metuens
492 1962 636 2029 tonsorios,
661 1964 787 2016 candenti
809 1963 924 2015 cerdone
947 1961 1003 2015 sihi
1020 1961 1154 2019 adurebat
1171 1976 1220 2012 cu-

67 2033 170 2102 pilluot.
209 2031 382 2087 Plutarchus
407 2030 556 2088 in'Dione
583 2051 650 2110 pag.
677 2035 738 2090 661.
776 2033 853 2087 Οὕτω
876 2035 929 2105 γὰρ
953 2023 988 2100 ἦν
1011 2033 1140 2095 ἄπιστος,
1176 2034 1222 2084 καὶ

69 2106 139 2174 πρὸς
156 2104 278 2164 ἅπαντας
296 2105 462 2176 ἀνθρώπους
479 2105 604 2167 ὕποπτος
620 2106 668 2158 nal
693 2102 912 2173 προβεβλημένος
929 2103 977 2157 διὰ
997 2108 1086 2173 φόβον
1105 2106 1122 2158 d
1139 2119 1220 2172 πρες·

48 2180 180 2246 ,βύιερος
197 2178 351 2241 Διονύσιος,
371 2175 438 2237 ai‘err
461 2173 533 2244 perdi
559 2183 605 2244 τῆς
623 2168 739 2246 rammi}
763 2179 810 2237 τὰς
827 2178 923 2244 τρίχας
946 2173 1058 2245 ἀφελεῖν
1080 2178 1220 2244 κουρικαῖς

68 2251 227 2318 μαχαίραις,
252 2245 318 2298 o’rild
343 2249 400 2299 sair
423 2248 554 2299 πλαστῶν
577 2267 616 2308 τις
637 2247 788 2316 ἐπιφοιτῶν
812 2246 933 2314 ἄνθρακι
950 2249 998 2310 τὴν
1023 2249 1112 2312 κόμην
1130 2244 1221 2309 περιέ-

68 2337 151 2373 καιεν.
171 2317 300 2392 insignis
318 2316 439 2400 huiusce
451 2316 638 2401 'diffidentiae
646 2317 804 2371 meminere
813 2316 957 2372 Diodorus
967 2313 1082 2369 Siculus
1098 2314 1218 2371 linxit

67 2392 218 2514 tltltl:
248 2386 617 2525 ltl‘t'lltttitl
637 2386 779 2514 thot
792 2385 1219 2527 ¹iutltitulttf¹lttt

68 2537 150 2600 patet
168 2544 205 2582 ex
223 2526 378 2581 Plutarcho
397 2529 432 2582 de
452 2527 569 2583 Garrah.
587 2546 616 2598 p.
635 2531 697 2586 6⁰8.
735 2530 771 2583 D.

140 2619 279 2686 Quasique
298 2617 370 2670 duas
387 2627 490 2671 uxores
507 2616 629 2682 haherel]
666 2618 739 2672 Trea
757 2617 897 2688 Dionysio
915 2617 1020 2671 maiori
1038 2633 1143 2674 uxores
1162 2616 1219 2670 tri-

67 2689 133 2745 buit
150 2688 238 2742 corn.
259 2688 332 2757 Nep.
354 2688 389 2741 ds
406 2691 496 2764 hag-g.
515 2693 541 2754 2,
561 2694 588 2744 3.
626 2688 682 2742 Sed
706 2707 770 2743 rain
797 2691 907 2760 optime
930 2688 1046 2747 dirimit
1063 2688 1164 2743 Bosius
1188 2696 1219 2742 et

67 2768 133 2831 post
153 2777 217 2813 eum
236 2776 293 2812 van
310 2756 458 2825 staveren,
478 2777 603 2830 quorum
620 2770 730 2813 annott.
752 2761 818 2814 ride
837 2762 868 2813 in
886 2759 940 2813 Ed.
960 2757 1083 2815 Bardilii
1107 2759 1218 2812 maiore

90 2835 169 2886 ,loo
187 2848 228 2899 sq.
267 2829 339 2895 Quas
362 2830 501 2885 videlicet
527 2839 669 2885 memorat
702 2831 816 2896 Cicero,
849 2831 950 2885 eodem
977 2830 1061 2882 duxit
1085 2836 1218 2898 tempore

66 2849 236 2970 ilionysius,
254 2899 560 2970 Doridem,·Dionysii
577 2904 750 2972 posterioris
778 2909 911 2966 matrem,
938 2909 967 2952 et
985 2899 1217 2965 Aristomachen,

67 2972 168 3026 Dionis
187 2985 325 3025 sororem.
352 2971 482 3025 Primum
500 2988 582 3039 vero,
600 2987 667 3025 cum
685 2974 816 3042 primum
834 2971 1020 3042 tyrannidem
1039 2977 1218 3041 occupasset,

68 3042 265 3098 Hermocratis
284 3039 458 3108 Syracusani
484 3043 577 3096 filiam
597 3041 727 3107 duxerat,
755 3060 827 3112 quae
847 3042 881 3095 ob
905 3042 1043 3095 immanes
1062 3041 1219 3111 Syracusa·

67 3130 174 3167 uorum
193 3111 381 3165 contumelias
401 3113 464 3182 ipsa
482 3113 538 3166 sibi
556 3118 680 3168 mortem
700 3113 850 3167 conscivit.
880 3111 935 3166 Sed
952 3111 1038 3182 plura
1056 3112 1124 3166 vide
1141 3111 1218 3183 apud

66 3184 182 3238 Barium
202 3191 231 3236 et
248 3179 458 3236 suver-emuna
485 3184 558 3239 Add.
579 3183 694 3238 Cornel.
715 3185 788 3255 Nep.
808 3183 894 3236 Dion.
923 3182 988 3235 init.
1008 3180 1042 3237 T.
1062 3184 1084 3237 1.
1104 3200 1134 3253 p.
1153 3185 1216 3239 324.

68 3255 111 3310 ed.
140 3255 226 3307 Bard.
252 3252 299 3305 Ex
322 3261 381 3306 vet.
409 3254 471 3310 cod.
498 3255 530 3307 in
548 3272 639 3331 marg.
661 3255 749 3311 Goth.
769 3262 883 3309 enotata
902 3262 945 3309 est
963 3253 1084 3322 scriptio
1104 3251 1218 3307 Aristo·

66 3323 201 3378 mechom.
237 3324 336 3377 Duisb.
362 3333 390 3378 et
415 3327 490 3378 Mon.
511 3327 538 3380 2.
562 3324 671 3380 habent
693 3324 922 3386 Aristomachen
948 3339 1015 3377 curn
1043 3323 1118 3378 Gad·
1146 3327 1170 3378 1.
1188 3326 1215 3380 2.

66 3397 142 3481 Aug.
167 3395 254 3448 'Tum
287 3395 371 3448 Viud.
393 3399 417 3450 1.
446 3395 607 3465 Dorydam3
641 3416 714 3451 unus
739 3398 790 3451 ox.
819 3395 1001 3450 Locresem.
1042 3396 1217 3449 Locrensem

66 3468 150 3532 dicat,
168 3466 307 3520 videlicet
325 3466 426 3518 Locris
443 3466 654 3538 Epizephyriis
673 3467 836 3521 oriundam.
855 3465 956 3520 Duisb.
974 3464 1061 3518 habet
1084 3464 1218 3533 maritus,

67 3537 119 3592 sed
137 3555 224 3607 supra
241 3537 294 3592 lin.
315 3545 489 3594 correctum.
509 3540 584 3590 ltlon.
603 3543 630 3594 1.
651 3540 689 3592 ad
707 3555 754 3592 eas
773 3555 837 3592 uon
854 3537 1020 3592 ventitabat.
1057 3537 1120 3590 Mr.

140 3623 351 3679 Aristomachen
376 3628 464 3680 ciuem
481 3641 571 3692 suam,
601 3626 736 3681 Doridem
760 3633 854 3679 autem
872 3624 1048 3691 Locrensem]
1085 3624 1218 3681 Valerius

65 3694 208 3749 Maximus
232 3695 283 3748 lib.
303 3695 351 3747 nt.
376 3713 436 3766 cap.
463 3697 565 3761 xv111,
588 3700 614 3754 4.
640 3705 697 3754 ext.
736 3697 862 3752 Duarum
884 3699 959 3751 enim
984 3697 1078 3749 eodem
1097 3703 1218 3765 tempore

65 3762 280 3820 Aristomaches
297 3764 490 3832 Syracusanae
509 3774 536 3820 et
555 3768 701 3824 Locrensis
720 3769 845 3824 Gloridis
863 3768 1055 3823 matrimoniis
1075 3768 1215 3835 illigatus.

66 3834 384 3962 LegengumDDoridis.
405 3835 479 3891 Vide
494 3836 648 3892 Aelianum
665 3842 698 3893 V.
718 3841 762 3897 tl.
774 3832 824 3894 lib.
838 3840 887 3893 IX.
902 3857 966 3912 cap.
978 3842 1003 3894 8.
1024 3855 1058 3890 ac
1076 3836 1216 3893 lib.X111.

65 3925 99 3961 ca
123 3946 128 3958 .
149 3912 190 3961 1.
258 3944 264 3957 .
1166 3950 1168 3956 .

100 3926 167 4030 put
184 3978 277 4031 enanis
294 3978 495 4046 specularetur]
513 3982 597 4047 „Pal
618 3988 713 4052 quart.
729 3984 985 4051 perspecularelur.¹
1001 3978 1074 4030 Plin.
1095 3978 1127 4034 1..
1136 3977 1218 4031 vlu.

67 4064 93 4102 c.
112 4050 161 4124 lli:¹
180 4054 305 4101 recentes
323 4051 494 4104 arundinum
511 4068 644 4106 caesuras
660 4053 946 4122 perspeculatus.
984 4048 1057 4114 Quid
1075 4049 1102 4103 si
1120 4058 1218 4103 tamen

60 4120 378 4189 ·praespecularetur.²“
403 4120 484 4175 Geth.
509 4149 543 4161 ·-
580 4124 648 4178 Ood.
675 4126 750 4176 Mon.
777 4129 801 4179 1.
824 4126 1100 4193 perscrutarentur.
1128 4119 1217 4174 lllarb.

68 4191 182 4242 omittit
200 4197 272 4245 ante.
310 4193 371 4248 Mr.
596 4227 599 4231 -
978 4219 999 4241 ν.

140 4260 210 4314 cum
232 4263 340 4316 fossam
365 4264 454 4316 latam
484 4261 646 4317 cubiculari
679 4265 756 4319 lecto
786 4264 1032 4332 circumdedisset]
1077 4264 1220 4318 Nonnulli

69 4331 155 4385 Godd.
176 4336 253 4399 fassa
272 4334 333 4396 latu
350 4334 520 4390 calicularis
538 4334 609 4388 lecto
628 4335 876 4390 circumdedisset:
902 4338 984 4406 quasi
1010 4335 1123 4393 vellent
1142 4339 1230 4402 fossa

69 4406 129 4456 lata
153 4402 326 4459 cubiculares
350 4407 443 4474 lectos,
470 4405 708 4477 quemadmodum
732 4409 814 4464 dedit
831 4409 979 4466 Erasmus.
1008 4409 1082 4480 lpse
1101 4406 1219 4478 quidem
1322 4428 1325 4434 ⁴
