2856 5084
362 197 714 314 incantatorias
734 248 796 314 au
816 203 989 317 munau
1007 252 1068 320 111.
1235 254 1298 321 aar

143 415 248 482 ductos,
264 415 390 484 patriam
407 413 476 470 olim
492 422 519 470 et
536 418 639 472 liberas
656 422 681 470 st
699 419 832 483 fortunas
846 413 1014 487 reliquisse:
1032 418 1083 472 sed
1100 417 1237 487 quoddam
1248 418 1307 474 nc?

142 486 189 541 bis
211 485 377 553 officium
394 488 526 542 iustum
543 495 575 540 et
590 487 685 555 pium
703 495 734 541 et
753 487 916 543 debitum*
932 489 1102 556 reipublicae
1120 496 1297 558 nostraeqas;

143 557 280 625 dignitati
296 556 459 612 videbamur
476 557 563 627 sequi.
583 558 684 611 Omnia
701 557 751 611 hic
770 558 900 630 epitheta
917 559 1007 612 simul
1025 561 1157 626 veniunt,
1173 563 1252 630 pium
1270 566 1297 616 et

141 630 245 682 iustum
267 634 346 697 atque
371 627 505 682 debitum:
532 628 641 682 locutio
668 645 738 683 rere
765 630 822 683 iam
842 638 948 699 quanto
967 630 1090 695 nitidior
1108 635 1168 684 est?
1194 633 1298 685 utrix

141 699 212 769 ipsc,
231 699 328 763 credo,
348 699 524 762 Gebhardus,
542 700 567 752 si
586 698 617 752 in
634 700 710 752 vivis
728 709 813 766 esset,
839 708 999 770 utcumque
1018 703 1133 786 scriptis
1152 703 1297 757 codicibus

140 769 276 822 addictus
296 777 326 822 et
353 771 527 824 coniecturis
553 770 684 824 amnibus
703 771 831 842 iniquus,
857 771 892 825 de
917 771 1004 825 huius
1022 783 1146 827 verstate
1165 773 1296 828 dubitare

160 841 288 893 aluisset.
327 839 412 894 Certe
431 842 462 893 in
480 842 534 895 illa
547 843 665 916 vulgata
676 842 802 895 lectione
820 840 854 895 si
868 848 973 910 patet
992 851 1055 895 tum
1068 845 1159 898 dictio
1178 853 1220 898 est
1229 861 1297 914 pro-

138 858 242 963 fetaria
267 919 297 964 et
315 912 435 977 sordida,
462 921 526 965 tum
552 921 582 965 et
595 914 749 966 sententia
772 913 898 969 labascit.
945 913 1057 984 Quippe
1077 915 1241 997 Chrysippo
1267 923 1298 968 et

138 980 244 1035 Stoicis
262 990 376 1035 certum
394 992 456 1035 erat
474 992 503 1036 et
522 983 726 1049 indubitatum,
752 999 847 1039 omnes
862 984 1088 1052 perturbationes
1105 986 1211 1041 iudicia
1229 985 1297 1052 fieri

139 1058 167 1106 et
184 1051 323 1121 opinione,
354 1054 471 1112 Tuscul.
491 1054 540 1114 IV,
569 1057 594 1107 7.
622 1063 652 1105 et
675 1054 725 1107 vel
749 1055 809 1125 ipsa
828 1071 928 1107 eorum
954 1055 1086 1109 definitis
1104 1057 1296 1131 aegritudinis

139 1122 195 1175 hcc
213 1123 350 1192 ponebat,
369 1122 482 1192 Opinio,
501 1124 593 1190 aiunt,
611 1141 707 1178 recens
726 1124 795 1179 mali
810 1127 979 1194 praesentis,
997 1128 1027 1180 in
1042 1145 1092 1197 quo
1106 1126 1217 1182 demitti
1233 1143 1297 1182 cors·

115 1226 118 1231 >
138 1193 268 1263 trahique
284 1194 379 1247 animo
398 1202 504 1248 rectum
521 1211 581 1248 esse
599 1196 736 1250 videatur.
770 1197 824 1261 Qut
843 1212 913 1270 ergo
932 1197 1112 1268 Chrysippus
1130 1199 1227 1252 dicere
1245 1215 1297 1270 pc-

137 1265 207 1329 tuit‚
233 1264 266 1317 si
284 1280 453 1318 moerensse
467 1271 548 1334 putet
566 1266 659 1334 officio
677 1268 759 1334 fungi
776 1268 850 1321 iusto
868 1274 895 1320 et
916 1268 1026 1324 debito?
1063 1269 1146 1335 Quasi
1170 1287 1240 1324 vcro
1264 1271 1296 1324 id

139 1333 253 1388 Stoicus
273 1336 304 1388 in
322 1336 385 1389 ullo
404 1346 551 1390 moerente
569 1339 656 1390 aliter
672 1339 738 1390 fieri
757 1338 922 1392 crediderit.

209 1423 276 1493 Gap.
296 1426 340 1479 34.
377 1423 539 1492 Aegritudo
566 1427 622 1479 erit
645 1427 758 1480 sublata
782 1425 836 1480 illa
853 1443 994 1480 moerens.-
1019 1443 1129 1481 morsus
1153 1432 1296 1482 tamensi

138 1495 404 1548 contractiunculae
423 1497 558 1578 quaedam
576 1496 666 1551 animi
683 1498 904 1567 relinquentur:
931 1496 1114 1552 benedicant
1131 1513 1202 1553 sane
1215 1504 1296 1553 nata

138 1565 238 1631 ratem,
263 1566 330 1619 dum
347 1566 539 1633 aegretudinis
557 1582 649 1620 namen
668 1567 763 1634 absit]
801 1568 899 1622 Oratio
924 1568 996 1623 haec
1019 1570 1193 1635 soloecisset,
1218 1570 1295 1639 quad

137 1636 312 1706 interpretes
330 1652 387 1690 non
405 1638 639 1692 animadvertisse
652 1638 790 1692 demiror.
810 1638 869 1705 Quo
885 1640 964 1692 enim
976 1642 1087 1694 referes
1104 1641 1179 1694 illud
1191 1640 1296 1695 aaut

137 1707 390 1782 Legesinedubio‚
409 1708 528 1762 Morsus
545 1715 678 1762 tantum
697 1718 726 1764 et
744 1712 1063 1766 contractiuncula
1081 1713 1220 1834 quaedam
1231 1712 1296 1768 aui·

137 1776 180 1830 mi
205 1777 459 1847 relinqueture
485 1777 558 1833 banc
584 1780 677 1834 ddunt
695 1795 765 1833 sane
792 1783 955 1835 naturalem.
1002 1782 1059 1836 Ubi
1100 1798 1153 1837 unc
1169 1783 1294 1855 accipies

137 1848 414 1902 contractiuncutam.
453 1848 550 1904 codex
566 1858 632 1903 tuus
650 1867 702 1922 pm
721 1857 815 1906 tamen
833 1852 919 1906 habet
936 1851 1020 1908 enim.
1057 1855 1135 1930 Lege
1151 1853 1185 1908 ri
1203 1855 1293 1924 ipsius

138 1920 298 1973 sententiae
317 1924 438 1973 tantum:
466 1938 532 1972 nam
549 1920 622 1975 haec
639 1921 777 1974 vocabula
794 1924 899 1993 passim
916 1923 1135 1976 confunduntur
1158 1943 1176 1977 a
1194 1925 1294 1979 Libra-

137 1990 200 2042 riis.
237 1990 318 2044 Idem
340 1991 393 2043 ille
412 1990 502 2044 codex
525 1989 599 2044 banc
616 1990 733 2045 exhibet
750 1992 782 2044 in
805 2001 900 2046 textus
926 2002 957 2046 et
981 2010 1036 2065 pro
1061 1994 1143 2047 varia
1165 1995 1293 2048 lectione

136 2057 217 2113 bunc.
254 2062 406 2114 Utrumvis
428 2069 507 2115 recte
534 2061 635 2127 habet3
665 2079 732 2115 nam
758 2064 810 2134 qui
834 2062 908 2118 bunc
929 2064 1059 2139 legebat,
1090 2065 1235 2118 referebat
1258 2065 1295 2118 sd
1361 2084 1374 2108 κ

136 2147 270 2188 morsum.
306 2130 452 2198 Ceterum,
479 2149 546 2185 cum
565 2133 597 2185 in
615 2133 797 2199 Tusculanis,
820 2142 884 2187 tum
909 2135 980 2188 alibi
1003 2151 1086 2204 saepe
1110 2143 1230 2206 usurpat
1248 2134 1296 2189 ci-

135 2219 203 2256 cero
230 2204 386 2257 contractio
413 2203 511 2270 animi,
539 2211 569 2256 et
591 2203 701 2257 doloris
728 2220 865 2258 marsum.-
896 2224 1056 2278 numquam
1080 2222 1151 2261 vero
1177 2204 1295 2260 adhibet

136 2289 290 2331 numerum
308 2274 454 2346 pluralem
472 2273 676 2329 contractiones
694 2282 745 2329 aut
761 2291 881 2332 marsus.
1295 2306 1298 2312 ·

390 2546 465 2608 nn
493 2545 727 2608 LIBRUM
755 2545 1041 2620 QUAMUM·

209 2656 277 2728 Cap·
296 2658 323 2713 4.
359 2653 420 2711 Nos
437 2653 595 2710 institutam
613 2655 775 2722 tenebimus,
804 2655 953 2727 nullisque
970 2656 1054 2713 unius
1073 2654 1238 2728 disciplinae
1255 2662 1296 2717 le·

137 2726 221 2799 gibus
244 2725 406 2798 adscripti]
444 2727 564 2780 Nollem
589 2735 618 2781 te
643 2737 704 2781 tum
728 2727 819 2783 calide
843 2727 875 2778 in
905 2735 1019 2782 textum
1050 2730 1194 2784 admisisse
1220 2731 1296 2788 illud

139 2796 303 2868 Adscripti,
326 2799 412 2863 unius
438 2798 483 2851 tui
507 2797 612 2851 codicis
634 2798 766 2864 lectione
789 2800 913 2872 fretum:
945 2795 1007 2869 qui,
1032 2808 1100 2853 utut
1120 2801 1297 2874 plerumque

69 2897 79 2907 ν
139 2871 275 2945 egregius
300 2869 338 2921 sit
360 2877 478 2938 praeter
504 2877 626 2935 ceteras,
649 2870 687 2921 in·
707 2869 808 2922 multis
832 2878 929 2922 tamen
952 2887 969 2922 a
985 2886 1057 2924 vera
1076 2871 1197 2925 aberrat.
1234 2873 1297 2927 Ad-

78 2944 81 2950 “
139 2939 244 3012 scripti
262 2940 371 3008 legibus
387 2956 424 2992 ne
442 2956 500 2992 uno
520 2939 638 3010 quidem
658 2941 789 3010 exemplo
806 2940 944 2993 firmastis
972 2949 1001 2992 at
1020 2940 1095 2993 illud
1113 2942 1238 2996 alterum
1255 2945 1296 2997 le-

137 3013 222 3080 gibus
240 3009 419 3064 adstricti
438 3011 550 3080 quoties
568 3027 635 3062 cum
652 3009 727 3080 apud
740 3011 911 3063 Ciceronem
928 3018 991 3063 tum
1010 3020 1040 3064 et
1058 3012 1128 3064 alios
1146 3013 1296 3067 occurrit?

138 3084 214 3150 Quot
232 3082 290 3135 alia
308 3099 343 3135 ex
362 3081 461 3133 eadem
472 3081 637 3146 tralatione,
655 3081 936 3150 legibusrestrictus,
947 3081 1111 3151 obligatus,
1130 3082 1294 3147 obstrictus,

137 3152 309 3223 implicatas,
335 3150 476 3217 irretitus,
499 3152 628 3205 solutus?
656 3152 722 3207 inde
747 3153 809 3219 illa,
835 3155 928 3222 legum
953 3152 1074 3223 uincula,
1100 3155 1179 3220 nodi,
1198 3170 1296 3222 nesus,

139 3234 169 3280 et
186 3224 302 3277 similia.
341 3222 460 3277 Minime
488 3240 521 3276 er
582 3223 859 3294 sollicitandaerat.
874 3223 992 3297 vulgata
1019 3223 1117 3277 lectio.
1160 3226 1296 3279 Meudum

138 3305 237 3350 tamen
254 3295 359 3359 subest,
377 3311 433 3347 non
454 3292 496 3346 ita
512 3236 598 3348 lgaiile
617 3312 634 3347 a
653 3295 755 3366 quovis
779 3292 979 3377 detegendum.
1017 3294 1092 3361 Qrtld
1116 3296 1195 3349 enim
1219 3297 1296 3352 illud
1344 3295 1347 3300 ’

139 3366 227 3422 nullis
243 3364 374 3434 tegibus?
402 3365 480 3418 itane
498 3369 587 3419 vero?
624 3364 710 3420 Certe
737 3365 769 3416 in
787 3379 866 3418 omns
884 3364 1038 3436 disciplina
1054 3367 1196 3421 nonnulla
1218 3375 1296 3433 sunt,
1389 3427 1392 3431 ⁴

138 3456 211 3508 quae
229 3438 261 3489 ab
280 3439 345 3489 aliis
363 3435 495 3490 omuibus
516 3437 689 3508 probantur,
723 3444 752 3489 et
776 3435 940 3489 inconcussa
969 3435 1180 3492 existimantur.
1216 3438 1295 3512 Lege

138 3507 224 3560 unius
250 3508 386 3561 literulae
411 3507 589 3574 insertione,
619 3506 678 3561 Nos
700 3505 863 3561 institutum
886 3507 1052 3572 tenebimus,
1084 3509 1296 3578 nulliusque

137 3577 225 3633 anius
248 3578 420 3647 disciplinae
447 3576 557 3646 legibus
581 3579 768 3633 adstricti.
805 3575 855 3629 Sic
878 3577 919 3630 De
943 3577 1017 3631 Glar.
1043 3578 1120 3632 Orat.
1144 3579 1234 3634 Nulla
1264 3595 1296 3635 rc

137 3667 196 3703 una
212 3651 309 3717 magis
326 3649 530 3715 commendatur
549 3647 673 3719 Orator,
686 3664 768 3718 quam
785 3648 934 3717 splendore
950 3648 1106 3718 uerborum
1139 3697 1141 3700 Α

209 3719 280 3772 lbid.
317 3719 386 3773 Nisi
411 3720 485 3784 forte
509 3720 644 3790 temporis
672 3735 774 3774 caussa
792 3720 1005 3788 assentiebare]
1042 3723 1109 3775 Post
1124 3721 1297 3775 vocabulum

138 3804 242 3845 caussa
260 3790 314 3843 alii
331 3789 441 3843 codices
459 3792 590 3847 inserent
609 3808 697 3860 nea,
710 3792 762 3844 alii
781 3790 900 3857 nobis,
927 3792 1065 3863 plerique
1082 3793 1178 3858 naui,
1205 3792 1296 3845 codex

138 3869 206 3914 tuus
224 3861 325 3925 uani,
353 3860 510 3917 Vaticanus
534 3879 601 3930 non
618 3865 668 3930 oi,
696 3862 774 3933 quod
797 3862 962 3916 acutissimo
981 3863 1141 3917 Gulielmic
1159 3861 1297 3932 probaba-

86 3988 87 3991 ,
138 3941 199 3986 tur.
226 3934 265 3985 At
282 3932 365 3984 nullo
384 3933 502 4004 negotio
521 3936 635 3987 eruitur
651 3951 721 3987 vera
738 3933 840 3999 lectio,
857 3932 926 4003 Nisi
943 3935 1017 3999 forte
1035 3931 1168 4002 temporis
1184 3947 1295 3998 caussa,

138 4020 205 4058 nan
222 4021 259 4057 re
278 4001 476 4057 assentiebare.
517 4004 662 4074 Temporis
680 4019 790 4065 caussa,
817 4021 874 4073 qua
891 4004 1041 4058 locutione
1065 4021 1147 4074 saepe
1166 4022 1232 4056 usus
1251 4010 1296 4057 est

139 4075 251 4148 quero,
271 4075 432 4146 opponitur
449 4074 487 4140 aqi
505 4092 548 4142 re,
566 4093 598 4130 rs
616 4092 702 4130 aeras
721 4074 796 4127 illud
812 4075 875 4152 ficte
893 4083 984 4143 notat,
1001 4075 1058 4128 hoc
1076 4091 1111 4128 ea
1129 4072 1232 4130 auimo.

211 4164 279 4236 Gap.
299 4167 326 4220 6.
364 4162 551 4234 Quoniamque
567 4170 598 4217 at
616 4166 687 4218 bonu
705 4168 810 4216 natura
831 4165 999 4232 appetimus,
1029 4162 1073 4216 sic
1099 4178 1117 4214 a
1141 4163 1229 4217 malis
1245 4174 1297 4217 rsa-⁴

139 4242 205 4288 tura
223 4234 408 4290 declinamuss
427 4233 667 4306 praedestinatio
686 4234 711 4286 si
730 4249 791 4286 cam
809 4234 918 4288 ratione
935 4236 991 4301 fiet,
1013 4233 1112 4291 enutio
1131 4232 1295 4302 appelletur,

98 4353 102 4364 ,
140 4321 224 4372 eaque
242 4307 424 4374 intelligatur
449 4305 480 4359 iu
506 4309 568 4360 solo
592 4323 651 4360 esse
673 4305 814 4372 sapiente3
845 4322 917 4372 quae
944 4311 1035 4360 autem
1061 4301 1121 4359 sine
1138 4303 1252 4358 ratione
1270 4310 1297 4358 et

130 4393 202 4432 cam
219 4380 429 4435 esunimatione
444 4377 546 4433 bamili
563 4385 647 4450 atque
664 4377 770 4443 fracta,
789 4375 948 4432 nominetur
965 4377 1078 4444 metus]
1115 4377 1237 4432 Fefellit
1245 4375 1296 4430 hic
