2856 5084
200 260 264 329 284
350 283 353 287 ·
389 333 391 336 ,
553 253 767 320 moenum
793 255 1002 321 BENTLEII
1042 247 1077 315 “.

271 419 380 477 *ibid
416 425 492 481 Quas
511 420 593 493 quusi
610 424 750 489 fenestrae
767 429 849 480 suut
866 421 1075 490 auruncus
1094 423 1196 488 nostri,
1215 419 1280 479 sint.

165 537 168 540 .
272 490 381 553 *lbid
418 495 585 551 Quo'minus
599 493 803 563 percipiat,
822 495 901 562 quale
920 495 1037 566 quidque
1059 493 1108 562 sit]
1146 493 1216 547 (lod.
1235 493 1352 551 cantab.

203 564 363 636 perspiciet.
400 566 505 620 Recte:
530 573 564 618 ut
582 580 659 629 mox,
680 572 783 633 puunta
800 567 956 634 spectacula
974 565 1175 620 unimuseseet
1197 563 1354 622 doliturus.

273 637 338 707 Gap.
356 638 401 699 21.
437 635 588 691 Liberatus
606 635 680 689 enim
697 653 728 690 se
742 652 796 707 per
814 653 877 690 eum
895 636 992 691 dicunt
1009 635 1195 707 gravissimis
1214 634 1353 698 dominis,

203 715 315 761 terrore
340 706 517 776 sempiterno,
546 713 571 761 et
600 706 702 779 diurno
725 713 918 762 ue'noctarnc
939 715 1023 762 metu.
1061 709 1120 764 Quo
1145 709 1278 761 terrore?
1303 710 1356 775 quc

202 777 315 845 metui]
350 778 461 833 Vereor
485 777 628 850 equidem,
655 795 692 831 ne
716 777 886 846 gravisum*
908 778 958 831 illi
984 776 1092 832 domiui
1117 793 1177 830 non
1198 778 1261 830 nisi.
1282 795 1357 828 unus

202 848 336 918 solusque
359 848 410 902 sit:
443 865 500 919 quo
523 849 602 903 enim
623 847 764 901 differunt
792 855 888 903 terror
914 858 944 902 ct
965 850 1072 904 nutus?
1109 850 1211 902 Iuncta
1240 848 1359 919 quidem

203 920 350 972 interdum
366 919 437 973 haec
453 920 591 974 vocabula
608 920 751 990 reperisse
770 920 819 972 sed
836 920 892 972 hcc
911 937 947 974 ex
964 937 1044 975 more
1062 919 1224 984 rhetorum,
1252 919 1304 989 qui
1323 919 1358 972 ad

202 991 434 1060 amplificandam
455 991 617 1044 orationem
648 999 781 1067 cognatas
809 999 838 1043 et
868 991 978 1044 similes
1006 991 1146 1044 dictiones
1177 997 1356 1042 coacervant.

203 1060 295 1116 Stoici
313 1061 440 1131 quidem,
469 1062 521 1131 qui
539 1061 637 1116 omnia
654 1062 686 1114 in
703 1060 900 1131 pulvisculum
925 1061 1111 1136 diffringunt,
1136 1061 1178 1114 sic
1201 1059 1273 1114 haec
1290 1077 1356 1130 par-

202 1132 319 1185 tiuntur
342 1140 372 1186 et
394 1133 551 1198 deliniunt,
572 1141 606 1185 ut
632 1140 730 1187 terror
748 1132 798 1187 sub
816 1141 908 1198 metu,
927 1134 1008 1202 quasi
1030 1133 1139 1202 species
1161 1131 1211 1185 sub
1259 1147 1356 1196 onere,

203 1202 478 1272 comprehendatur:
506 1204 625 1268 Terror,
654 1203 801 1272 inquiunt,
824 1210 869 1256 est
893 1213 987 1257 metus
1009 1203 1185 1257 concutiens.
1249 1210 1306 1256 sto:
1326 1210 1356 1254 at

153 1344 155 1349 ι
203 1272 395 1328 nihilominus
412 1274 627 1345 putidissimum
664 1275 730 1327 lane
748 1273 841 1326 fuerit
859 1274 940 1327 binos
949 1273 1021 1327 hinc
1031 1274 1160 1328 dominos
1178 1273 1355 1358 confingere.

202 1343 249 1398 Tu
266 1345 341 1420 lege,
359 1345 480 1399 literula
497 1345 620 1398 abiecta:
640 1292 778 1399 decore
794 1347 969 1414 sempiterno,
993 1353 1019 1399 et
1042 1351 1175 1400 nocturno
1199 1361 1233 1400 ec
1250 1345 1354 1398 dsurnc

202 1421 287 1470 mesu.
325 1415 384 1471 Quo
401 1417 549 1469 errore?
602 1415 729 1469 ometut
764 1415 841 1468 Hinc
865 1416 919 1469 illa
943 1417 1101 1481 Ciceronis,
1126 1433 1198 1486 quae
1226 1433 1294 1469 mox
1312 1433 1356 1468 se-

203 1491 346 1554 quuntur:
365 1485 428 1539 Non
443 1487 529 1554 pudet
545 1502 564 1554 p
582 1485 734 1555 ilosoplsum
751 1485 783 1540 in
800 1503 833 1540 eo
850 1485 984 1554 gloriari,
1003 1486 1076 1554 quod
1092 1484 1160 1539 lucc
1172 1503 1227 1539 uon
1244 1488 1358 1549 timeat,

204 1561 231 1608 et
249 1555 324 1624 quod
340 1553 411 1609 falia
429 1573 488 1610 esse
505 1558 685 1624 cognouerit?
720 1557 778 1612 Ubi
795 1558 895 1613 timeat
911 1558 947 1611 ad
963 1565 1073 1610 metum
1090 1558 1206 1624 retulit,
1225 1559 1302 1622 falsa
1322 1556 1357 1610 ad

204 1642 342 1681 errorem.
379 1628 451 1681 Noti
468 1636 535 1680 sunt
552 1627 683 1682 Lucretii
700 1645 809 1693 versus,
828 1643 898 1698 quos
916 1637 963 1682 ter
981 1635 1139 1698 quaterque
1164 1629 1303 1694 inculcat,

367 1699 448 1752 Hunc
464 1698 558 1766 igitur
575 1707 719 1754 terrorem
737 1697 826 1752 animi
843 1700 1029 1767 tenebrasque
1048 1713 1155 1753 necesse
1174 1703 1225 1764 est,

370 1770 433 1824 Non
450 1771 530 1824 radii
547 1767 635 1835 Solis,
654 1785 739 1838 neque
755 1768 854 1823 lucido
872 1770 927 1822 telu
949 1767 1011 1822 diei
1089 1838 1091 1842 Ι

369 1839 542 1907 Discutiunt,
562 1841 612 1893 sed
629 1843 750 1893 neturus
775 1839 880 1909 species
897 1839 1034 1908 ratioque.

202 1912 348 1968 Terrorem
365 1919 392 1965 et
410 1913 539 1965 tenebras
555 1910 606 1964 hic
622 1910 748 1975 vocavit,
767 1927 840 1981 quae
859 1909 961 1965 Cicero
979 1914 1080 1964 metam
1098 1916 1123 1964 et
1141 1925 1278 1965 errarem.

271 1979 378 2053 'fluit
415 1980 638 2047 Acheruntia
663 1982 766 2049 templa
790 2009 823 2020 -
848 1982 965 2037 cisitu
990 1980 1108 2034 tenebris
1134 1980 1212 2048 ioca]
1254 1981 1354 2036 Etiam

201 2054 294 2108 nostri
316 2054 556 2178 duohveterrimi,
584 2050 771 2119 Acherunsia,
797 2051 854 2106 hoc
875 2060 919 2106 est
940 2050 1111 2107 Acherusius
1144 2069 1238 2123 neque
1264 2070 1354 2129 agno·

141 2173 147 2186 .
202 2134 286 2182 scunt
304 2125 333 2179 so*
355 2123 482 2179 asitu.⁴

272 2192 292 2232 *
309 2196 380 2250 lbid.
419 2196 469 2250 lic
526 2192 695 2264 cintelligi
716 2199 811 2264 potest
829 2193 898 2262 etc]
934 2195 1019 2248 Hunc
1042 2195 1140 2248 locum
1163 2195 1204 2247 ita
1228 2195 1302 2248 refin
1341 2214 1354 2248 s

138 2272 144 2277 '
201 2285 237 2323 ex
254 2266 332 2322 MSS.
353 2267 470 2321 nostris:
489 2212 524 2320 du
533 2283 585 2336 qua
603 2263 732 2332 intelligi
748 2271 856 2332 potest,
868 2281 949 2334 wem
967 2264 1043 2319 ecuts'
1060 2272 1164 2319 nature
1178 2263 1247 2332 sint,
1267 2212 1354 2333 otid-

200 2337 298 2394 NIAM
315 2335 459 2393 haeceine
477 2338 607 2391 doctrina
625 2335 764 2391 credituri
780 2337 940 2401 fuerunt:
957 2336 1138 2406 praeclarum
1151 2343 1245 2411 putem
1262 2339 1354 2390 nescio

201 2408 270 2480 quid
295 2408 391 2478 adepti
415 2415 488 2474 sunt,
514 2408 605 2476 quod
630 2407 798 2473 didicerunt,
824 2423 855 2460 se
878 2413 949 2461 totos
967 2423 1024 2462 esse
1047 2409 1200 2476 perituros.
1238 2408 1352 2461 Priores

145 2503 149 2511 ⁴
203 2479 357 2534 editiones:
383 2494 427 2542 ex,
446 2478 502 2549 qui,
521 2476 637 2544 fuerint,
656 2479 716 2547 qui.
1260 2498 1261 2502 ¹
1357 2483 1359 2488 ’

270 2546 375 2620 *Cap
394 2552 439 2605 22.
479 2549 525 2610 Ut,
543 2551 570 2603 si
588 2547 646 2601 ium
662 2554 777 2617 possent
795 2548 827 2603 in
844 2547 956 2605 domine
973 2564 1041 2602 uno
1059 2546 1139 2603 cerni
1157 2548 1260 2616 amnia,
1285 2566 1356 2618 quus

204 2635 277 2675 nunc
294 2626 368 2674 tecto
385 2625 459 2684 sunt,
479 2633 632 2673 casurusne
650 2619 681 2672 s'n
699 2625 870 2687 conspectum
887 2620 1018 2676 videntur
1036 2622 1167 2689 animun]
1204 2622 1306 2687 Omnes
1325 2630 1356 2674 et

199 2690 279 2746 MSS.
299 2699 328 2744 et
347 2690 428 2756 editi,
446 2687 607 2745 indumine
625 2698 698 2755 uno.
735 2691 775 2743 At
793 2707 930 2761 quorsum
948 2695 1051 2762 quaeso
1069 2691 1146 2744 uno?
1171 2691 1223 2758 Qut
1245 2691 1354 2757 minus,

199 2762 225 2815 si
244 2763 276 2815 in
291 2761 442 2831 plurilus?
460 2763 576 2830 Repone
595 2761 754 2814 certissima
772 2762 947 2829 coniectura,
965 2761 1114 2818 indumine
1131 2761 1219 2814 uiuo:
1241 2762 1353 2832 quippe

199 2835 232 2886 in
248 2833 367 2888 homine
384 2839 499 2887 mortuo
517 2831 575 2885 iam
594 2831 714 2885 excessit
737 2833 849 2886 animus
868 2851 903 2888 ex
930 2850 1061 2905 corpore,
1087 2850 1183 2903 neque
1206 2832 1247 2884 ibi
1267 2851 1354 2903 quae-

199 2904 304 2960 rendus
323 2914 374 2959 est.
471 2915 473 2918 '
675 2957 678 2960 Α
1223 2932 1225 2937 <

268 2973 375 3030 *ibid
413 2977 507 3031 Multo
534 2973 691 3043 difficilior
717 2974 844 3030 occurrit
870 2973 1019 3042 cogitatio,
1055 2969 1233 3045 multoque
1257 2975 1352 3029 obscu-

198 3047 272 3116 rior]
308 3048 370 3101 Duo
388 3048 483 3100 nostri
495 3055 613 3100 ‘veteres
631 3044 795 3114 dcusdicuc,
814 3051 902 3101 multo
920 3045 1076 3100 cosmetor.
1211 3052 1230 3067 '⁸

269 3114 377 3170 *ibid
417 3115 595 3184 Cogitatioue
618 3118 764 3186 complecti
787 3134 852 3172 non
872 3116 1041 3187 possumus]
1078 3116 1161 3169 Tolle
1188 3116 1355 3191 negativam

199 3189 287 3243 etiam
305 3195 471 3241 nostrorum
488 3195 621 3239 veterum
638 3189 819 3246 auctoritate.
1171 3203 1173 3206 “

268 3255 288 3294 ’⁵
306 3258 377 3313 ibid.
413 3259 496 3312 Hunc
520 3257 611 3324 igitur
635 3273 718 3311 nosse
742 3259 802 3314 nisi
824 3259 981 3314 diuinum
1005 3265 1089 3324 esset,
1114 3272 1173 3310 non
1199 3264 1272 3311 esset
1297 3258 1354 3311 hoo

198 3330 319 3385 acrioris
338 3329 485 3384 cuiusdam
502 3328 592 3382 animi
606 3335 794 3397 praeceptum,
812 3329 855 3384 sic
877 3337 908 3390 ut
926 3332 1056 3384 tributum
1076 3330 1128 3382 deo
1153 3327 1202 3394 sit,
1230 3326 1282 3382 loc
1301 3334 1354 3395 est,

198 3417 228 3456 se
246 3401 337 3470 ipsum
357 3417 437 3468 posse
458 3398 635 3471 cognoscere]
672 3402 784 3453 Vetusti
810 3401 865 3455 duo
891 3402 993 3466 nostri,
1011 3400 1193 3468 Praeceptum
1220 3401 1355 3454 tributum

199 3490 218 3528 a
236 3473 288 3528 dee
305 3471 344 3526 ss't
361 3469 420 3538 isac,
439 3487 469 3524 ee
486 3474 577 3538 ipsum
592 3489 620 3540 p.
641 3487 816 3540 cognoscere.
852 3473 938 3528 Unde
954 3473 995 3524 sic
1013 3481 1090 3525 totus
1108 3472 1188 3524 locus
1207 3473 1354 3547 retingen-

200 3544 252 3597 dus
270 3552 328 3597 est:
347 3544 427 3596 Hune
444 3541 542 3610 igitur
560 3557 651 3606 nosse,
678 3542 737 3597 nisi
754 3540 900 3596 diuinus
918 3549 997 3608 esset,
1022 3560 1076 3597 non
1098 3548 1171 3596 esset
1190 3542 1242 3597 loc
1258 3545 1352 3597 acrio

200 3613 244 3666 ris
262 3613 407 3683 cuiusdam
425 3613 514 3667 enimi
533 3619 718 3682 praeceptum,
746 3613 882 3679 tributum
901 3620 935 3667 ut
960 3615 1012 3667 deo
1030 3615 1077 3667 sit.
1114 3617 1202 3688 Lege,
1221 3615 1351 3683 inquam,

201 3682 330 3739 diuinus:
348 3685 439 3748 Hunc,
459 3685 587 3737 animum
604 3684 728 3750 scilicet,
747 3701 837 3747 nasse,
855 3684 915 3739 nisi
932 3685 956 3737 is
974 3683 1088 3739 divinus
1106 3691 1189 3750 esset,
1208 3695 1351 3739 ncnesset

199 3756 320 3831 dignum
337 3753 473 3826 Apolline
491 3763 687 3825 praeceptum.
724 3756 854 3810 Tandem
880 3772 950 3809 vero
976 3756 1038 3822 illa,
1065 3755 1116 3809 lsoc
1134 3763 1186 3821 cst,
1209 3756 1351 3824 seipsum

197 3843 280 3896 posse
297 3843 475 3896 cognoscere,
502 3842 620 3896 prorsus
643 3826 783 3880 abscinde.
821 3827 969 3892 Quomodo
994 3828 1072 3880 enim
1092 3835 1271 3897 praeceptum
1289 3829 1351 3880 cui-

199 3916 285 3968 quam
302 3908 348 3984 ·et,
370 3915 498 3970 possess
517 3897 708 3972 cognoscere?
740 3899 806 3951 Non
824 3900 926 3968 utiquo
941 3905 1120 3968 praeceptum
1137 3900 1208 3964 hoc,
1227 3899 1277 3952 sed
1295 3900 1350 3965 vis,

198 3971 558 4112 poleptrggpiaqqltasbm
583 4048 674 4096 autem
692 4048 804 4097 nectum
832 4041 926 4108 adfert
955 4042 1084 4106 alicui,
1115 4044 1236 4112 quodque
1258 4040 1351 4107 ipsum

154 4126 162 4138 ‘
196 4109 324 4181 agitetur
349 4110 512 4179 aliunde]
557 4113 635 4168 MSS.
663 4113 756 4167 nostri
779 4130 885 4177 omnes,
904 4112 1099 4182 alicunde,
1135 4118 1200 4168 non·
1224 4113 1348 4168 aliunde.

194 4185 296 4248 Recte3
315 4193 348 4236 ut
366 4181 591 4265 respondente&
610 4184 705 4239 elicui.
743 4188 817 4267 Nom
835 4182 967 4241 alicunde
983 4184 1103 4255 perinde
1123 4193 1175 4252 est,
1205 4201 1237 4238 ac
1263 4183 1288 4235 si
1306 4182 1351 4236 di-

195 4271 251 4322 cas,
264 4254 481 4379 'ssblbaildqudiudrt
496 4257 848 4396 ddcwpirddscipsrdoadsrdddiur
866 4328 971 4397 omniu]
1010 4327 1095 4382 Godd.
1122 4328 1215 4382 nostri
1240 4343 1349 4394 omnes,

193 4394 387 4465 uprtucipto,
406 4403 436 4448 et
453 4395 495 4451 sic
513 4398 696 4456 Macrobius(
756 4421 759 4425 ·
798 4416 806 4440 t
1255 4410 1259 4417 ”
