2856 5084
559 253 689 315 mssa
710 253 755 333 v,
777 254 804 314 s.
829 256 858 315 5.
995 217 998 224 '
1241 250 1283 313 as

129 417 340 481 suetudinem
361 418 618 500 disputaremus.
666 419 707 480 Et
728 414 899 500 quatridui
932 413 1064 496 quidem
1095 435 1284 478 sermonem

130 503 362 584 superioribus
413 502 455 564 ad
493 512 527 564 te
566 504 811 584 perscriptum·
833 501 929 559 libris
958 498 1127 558 misimus:
1152 501 1280 580 quinto

129 592 242 646 autem
261 583 326 660 die,
348 604 424 645 cum
442 583 557 645 eodem
579 586 614 644 in
636 586 712 647 loco
728 581 1003 658 consedissemus,
1026 582 1075 640 sic
1089 588 1138 640 est
1158 600 1280 663 propo·
1298 579 1324 630 b.

130 669 245 744 situm,
268 667 395 748 dequo
418 666 676 748 disputaremus.

170 783 173 787 ·
210 749 250 810 A.
295 748 372 811 Non
393 749 477 810 mihi
508 747 644 810 videtur
673 748 715 809 ad
742 749 838 809 beate
870 744 1049 808 vivendum
1077 747 1158 806 satis
1185 733 1322 827 posse5

131 832 305 894 virtutem.
351 830 398 894 M.
422 835 467 893 At
487 832 635 893 Hercule
664 831 769 892 Bruto
799 848 872 891 meo
900 828 1059 891 videtur:
1098 829 1193 891 cuius
1218 848 1281 915 ego
1302 817 1349 869 ¹²·
1401 903 1404 906 ,

132 1034 316 1091 Scha.Nobb.
330 1034 401 1087 '1¹bn.
427 1033 500 1087 Mihi
519 1034 636 1104 quidem
656 1035 687 1086 in
706 1034 753 1085 his
771 1034 843 1086 Edd.
862 1033 934 1087 haee
952 1033 1074 1103 scriptio
1094 1049 1152 1085 non
1169 1031 1287 1084 videtur

132 1116 249 1177 recepta
269 1123 305 1157 ex
324 1104 428 1170 Codd.;
449 1106 496 1158 sed
515 1122 579 1157 cum
600 1122 667 1158 casu
687 1105 841 1157 excidisset
859 1105 890 1157 ln
908 1106 940 1157 in
958 1105 1012 1160 Ed.
1033 1102 1118 1157 Grut.
1135 1110 1286 1173 sequentes

132 1195 197 1231 eam
216 1177 310 1230 secuti
328 1184 404 1241 sunt,
424 1193 518 1245 neque
538 1174 623 1228 Codd.
644 1174 721 1228 MSS.
742 1192 834 1245 neque
853 1175 924 1227 Edd.
945 1183 1018 1228 vett.
1038 1175 1186 1244 inspectis.
1223 1173 1287 1226 Duo

133 1247 204 1301 Oxx.
222 1243 331 1299 halient
348 1247 531 1312 consedimus,
550 1265 624 1299 unus
643 1246 868 1299 consedissemus.
893 1246 985 1300 Verba
1004 1246 1038 1298 de
1049 1263 1100 1314 quo
1114 1245 1298 1299 exciderunt.

132 1320 166 1371 in
185 1318 253 1370 Cod.
277 1316 351 1368 Gud.
371 1322 396 1374 2.
434 1319 493 1370 Mr.

207 1388 240 1440 C.
259 1389 285 1443 5-
324 1388 385 1440 Nou
403 1386 474 1440 miti
490 1389 600 1441 videtur
612 1417 645 1426 -
663 1389 733 1442 salis
747 1406 828 1456 posse
844 1388 996 1453 virtulem]
1015 1388 1196 1457 „Propositio
1214 1386 1285 1440 haec

133 1459 291 1512 secundum
314 1456 499 1518 Academicos
527 1468 557 1512 et
579 1460 785 1529 Peripateticos
805 1476 872 1513 vera
899 1469 953 1523 est,
980 1461 1031 1528 qui
1050 1460 1132 1512 aiunt
1150 1459 1188 1511 ad
1203 1458 1285 1511 beate

134 1530 292 1583 vivendum
309 1546 381 1599 opus
391 1547 453 1582 esse
463 1533 734 1599 prsetervvirtutem
747 1531 829 1583 bonis
842 1530 972 1600 eorporis
991 1537 1077 1599 atque
1094 1532 1239 1582 fortunae.
1251 1559 1283 1570 -

131 1599 299 1671 Respondet
316 1601 353 1652 ad
371 1599 442 1653 haec
461 1599 565 1654 Cicero
586 1619 620 1654 ex
639 1602 773 1675 dogmate
791 1599 987 1654 Stoicorum.“
1010 1600 1144 1654 Beroald.

203 1671 265 1724 Non
283 1669 352 1723 mila·
369 1672 482 1724 videtur
497 1701 529 1709 —
549 1674 621 1726 salis
638 1688 719 1740 posse
737 1671 895 1736 virtutem]
915 1668 1054 1723 [lambino
1069 1670 1168 1740 placet
1185 1669 1285 1736 sistas,

130 1759 186 1795 nec
205 1742 331 1793 inficiari
350 1759 478 1811 possum,
502 1744 582 1812 *quin
610 1745 649 1795 ita
669 1745 731 1795 fere
749 1743 909 1811 loquantur
926 1742 1057 1795 Romani.
1096 1741 1169 1793 Ciam
1188 1748 1286 1794 tamen

132 1814 254 1866 alteram
271 1813 428 1876 lectionem
447 1822 594 1882 praestent
612 1831 721 1878 omnes,
740 1815 905 1884 quicunque
924 1819 999 1875 sunt,
1023 1811 1151 1875 codices,
1170 1830 1203 1865 ea
1221 1813 1286 1881 qui·

131 1884 199 1936 dem
216 1898 275 1934 non
292 1893 402 1938 temere
420 1883 537 1937 videtur
555 1885 723 1938 reiicienda.
752 1884 885 1959 Agellius
908 1883 996 1936 N.²A.
1016 1883 1066 1938 lib.
1088 1883 1137 1935 lv.
1157 1900 1218 1950 cap.
1236 1885 1286 1944 Xl.

131 1954 256 2008 Videtur
279 1961 371 2006 autem
398 1957 433 2007 de
459 1951 555 2022 κυάμῳ
582 1972 635 2008 uon
653 1956 751 2007 esitato
772 1971 885 2007 causam
910 1953 1021 2007 erroris
1039 1955 1135 2018 faisse.
1173 1954 1286 2015 Iterum

133 2025 183 2090 VI,
206 2028 232 2080 5.
273 2025 328 2078 Uli
346 2028 522 2079 existimasse
545 2025 683 2080 Alfenum
717 2026 840 2078 videtur.
884 2026 949 2077 Pari
974 2033 1054 2078 certe
1077 2021 1160 2077 modo
1179 2027 1307 2093 passim.

130 2096 319 2170 Augustinus.
356 2097 405 2148 Sic
432 2106 534 2149 contra
551 2096 637 2149 Acad.
656 2097 708 2149 lib.
728 2098 833 2165 l.'csp.
853 2099 878 2150 2
914 2095 1009 2148 Alteri
1030 2101 1153 2148 vestrum
1170 2096 1288 2148 videtur

132 2167 244 2220 beatam
265 2168 355 2218 vitam
374 2167 438 2219 solo
453 2167 670 2233 investigatione
688 2168 818 2220 ueritatis
832 2182 958 2233 posse-
969 2169 1139 2232 contingere.
1177 2167 1216 2217 Et
1237 2166 1287 2219 tib.

132 2237 186 2289 111.
208 2254 268 2307 cap.
288 2241 313 2291 3.
353 2237 407 2290 cm
426 2255 494 2306 ergo
516 2239 635 2291 videtur
654 2240 814 2308 sapientem
832 2240 905 2290 scire
923 2237 1101 2304 sapientiam,
1126 2252 1179 2288 noa
1196 2238 1289 2304 alique

131 2309 250 2360 videtur
268 2305 341 2359 nihil
359 2311 432 2361 scire
451 2309 619 2378 sapientem.
657 2309 705 2362 Sic
725 2317 754 2362 et
772 2308 898 2361 eiusdem
917 2306 986 2358 libri
1006 2324 1066 2374 cap.
1087 2308 1112 2362 5.
1152 2304 1288 2370 Ulms'lts',

131 2379 174 2430 ito
199 2377 284 2429 eliam
309 2377 357 2499 s'llDl
382 2380 500 2445 oidelae,
535 2380 689 2448 sapientem
717 2380 804 2432 scire*
824 2377 998 2447 sapientiam.
1034 2376 1106 2430 Vide
1133 2392 1185 2429 nos
1210 2377 1290 2430 infra

131 2465 164 2500 oa
187 2449 289 2500 .v111.
357 2486 364 2499 .
1172 2470 1175 2477 ’

165 2464 184 2517 p
205 2518 267 2571 Non
285 2517 355 2571 mitt
365 2521 482 2575 -oe'detar
500 2549 534 2583 .-
553 2522 626 2576 sala's
640 2539 722 2592 posse
739 2520 883 2587 uirtutem]
922 2521 1012 2586 „Non
1031 2519 1142 2572 sufficit
1160 2517 1289 2573 laudasse

134 2590 215 2642 locos
235 2591 341 2642 similis
360 2599 554 2654 structuraez,
573 2594 740 2659 tenendum,
765 2592 876 2645 videtur
895 2593 979 2666 iungi
1004 2608 1068 2643 cum
1088 2589 1155 2642 Ace.
1176 2607 1200 2641 c.
1221 2591 1289 2655 int,

134 2678 223 2729 quum
244 2670 287 2713 est
305 2663 324 2712 i.
337 2680 364 2730 q.
385 2663 481 2732 placet
499 2661 573 2716 mihi
593 2663 658 2739 [ego
677 2666 720 2717 ita
737 2665 839 2728 sentio,
858 2681 921 2716 mea
932 2671 976 2717 est
993 2661 1066 2715 haec
1079 2662 1113 2713 de
1127 2678 1209 2725 aare
1228 2678 1291 2714 sen·
1351 2692 1354 2704 ·

134 2731 245 2797 tential.
284 2731 396 2786 Similis
417 2743 461 2786 est
479 2742 627 2788 structura
645 2736 728 2788 verbi
746 2734 851 2786 Graeci
871 2734 971 2786 δοκεῖν.
1001 2733 1045 2786 Ita
1066 2733 1154 2786 etiam
1172 2731 1288 2796 dicitur,

132 2809 307 2856 memoratur·
325 2821 530 2874 nonnunquam
551 2824 617 2858 cum
635 2805 702 2859 Ace.
723 2823 746 2856 c.
767 2805 824 2858 lnf.
845 2807 977 2857 iunctum
996 2803 1124 2873 reperies
1143 2806 1181 2858 ef.
1202 2802 1289 2855 Corn.

133 2873 207 2941 Nep.
236 2874 353 2927 Pausan.
380 2879 406 2940 5,
435 2876 482 2930 3.“
510 2877 598 2940 Wolf.
618 2877 650 2928 in
676 2874 794 2929 scholis.
821 2874 974 2928 simillima
996 2881 1040 2926 est
1058 2873 1236 2926 constructio
1255 2872 1289 2926 de
1340 2919 1344 2934 ,

133 2943 201 2996 Div.¹
220 2947 242 2997 1.
263 2949 306 3000 tt.
327 2948 375 3001 44:
404 2948 513 2999 visum
532 2955 584 3000 est
601 2947 634 3000 ia
651 2947 756 2999 sontnis
773 2953 955 3012 pastorem
974 2945 1012 2997 ad
1028 2961 1070 2996 me
1090 2944 1288 3012 appellere,

131 3015 183 3067 ubi
202 3015 260 3067 vid.
280 3024 374 3070 nostr:
392 3035 458 3069 ann·
477 3036 506 3088 p.
528 3021 587 3073 112.
625 3018 668 3070 Eo
688 3019 750 3087 ipso
769 3016 835 3069 loco
855 3025 922 3068 sunt
941 3017 992 3087 qui
1011 3014 1110 3089 legant
1133 3015 1229 3074 visus
1247 3020 1290 3066 est

132 3113 167 3124 ·-
185 3093 310 3152 postor
328 3089 365 3139 ad
384 3104 428 3139 me
445 3089 593 3156 appellere.
623 3090 760 3162 iungitur
772 3096 893 3156 utraque
914 3087 1094 3140 constructio
1114 3086 1191 3139 infra
1203 3087 1287 3145 &222
1310 3146 1313 3150 ,
1342 3086 1345 3090 ⁴

132 3156 211 3211 Mtte·
229 3160 303 3211 enim
322 3175 374 3211 non
393 3159 585 3212 uidebatur
609 3163 770 3228 qaisquam
789 3175 864 3212 esse
880 3159 1003 3210 leatus
1019 3172 1137 3228 posse,
1157 3173 1241 3225 quam
1259 3156 1290 3208 in

133 3228 221 3280 malis
239 3235 323 3280 esset:
346 3231 384 3282 ἐκ
402 3229 593 3284 malisaatem
620 3231 820 3299 sapientem
849 3243 920 3281 esse
935 3243 1058 3296 posse,
1077 3231 1104 3280 sl
1123 3233 1212 3289 essent
1232 3234 1289 3281 cet.

132 3300 194 3352 lam
212 3317 282 3352 vero
301 3301 368 3354 vide
387 3301 422 3353 de
439 3319 470 3354 ea
492 3318 524 3354 re
543 3302 774 3371 praecipientem
794 3308 937 3364 accurate,
961 3307 996 3351 ut
1014 3299 1098 3356 solet.
1124 3297 1290 3371 Kriigerum

132 3372 279 3424 Unters.
301 3389 323 3423 a.
344 3372 369 3426 d.
391 3371 543 3424 Gebiete
562 3372 588 3426 d.
608 3373 682 3424 Lat.
702 3372 775 3441 Spr.
792 3370 826 3421 T.
838 3370 891 3422 111.
915 3369 995 3434 (Die
1013 3368 1231 3421 Attraction
1251 3367 1289 3418 in

133 3439 161 3503 d,
179 3441 253 3492 Lat.
278 3440 373 3511 Spu)
400 3462 427 3511 p.
447 3445 610 3497 ‹stt—433.
656 3443 699 3495 De
716 3442 873 3494 verborum
901 3447 998 3494 autem
1017 3439 1209 3492 collocatione
1227 3437 1287 3489 vid.

131 3509 247 3567 Bsneke
265 3511 300 3564 ad
319 3512 379 3568 Cic.
398 3515 458 3567 cat.
478 3515 502 3565 Ι.
522 3517 595 3582 (ip.
616 3515 659 3567 64.
697 3513 758 3565 Me.

197 3602 244 3654 'At
262 3602 383 3655 Hercule
401 3604 490 3656 Bruto
509 3618 567 3654 mea
587 3600 729 3665 videtum]
748 3597 800 3664 Ed'.
815 3600 843 3656 Ρ.
862 3601 952 3653 Bruto
969 3615 1029 3652 meo
1047 3597 1102 3650 lui
1119 3597 1289 3650 auunculo

132 3670 263 3724 uidetur(
291 3666 391 3724 Huius'
411 3672 653 3746 egosoriptionis
678 3671 710 3722 in
739 3669 822 3723 nullo
857 3666 926 3723 Cod.
953 3678 983 3722 et
1009 3671 1041 3723 in
1059 3669 1141 3721 nulla
1159 3669 1290 3720 omnium

133 3750 278 3812 quotquot
305 3743 340 3793 ad
364 3761 480 3795 manum
505 3750 570 3794 sunt
596 3742 722 3794 editione
752 3742 871 3811 reperio
894 3741 1066 3816 vestigium,
1084 3739 1240 3807 nisi-quod
1258 3739 1290 3788 in

132 3812 270 3866 lemmate
289 3813 484 3864 annotationis
493 3812 626 3865 Beroaldi
636 3813 775 3866 estBralo
788 3814 932 3871 avunculo,
950 3813 981 3864 in
993 3810 1177 3863 annotatione
1195 3812 1290 3858 autem
1362 3863 1370 3874 .

133 3885 195 3952 ipsa
214 3885 254 3936 ita
274 3883 415 3952 loquitur,
450 3884 531 3950 quasi
556 3885 596 3934 ita
624 3884 711 3935 sitin
730 3878 875 3936 veteribus
895 3881 987 3934 libris.
1022 3876 1221 3944 ‚,Discipulus,
1241 3875 1291 3936 ait,

133 3954 317 4007 introductus
337 3953 523 4006 existimatur
540 3951 782 4006 esseAtticus:-
804 3953 853 4019 sed
871 3967 930 4003 non
949 3949 1043 4011 video,
1063 3942 1205 4014 quomodo
1219 3944 1292 3994 Bru·

132 4033 180 4077 tus
200 4023 298 4077 'Attici
322 4022 481 4077 avunculus
508 4023 567 4073 fuit
593 4023 696 4087 dictus,
725 4039 779 4076 nec
797 4022 828 4072 id
847 4021 936 4071 tradit
961 4014 1237 4081 Corneliustepos.
1258 4043 1291 4055 -

131 4096 188 4149 Est
205 4096 327 4163 quidem
342 4113 409 4146 usus
429 4090 561 4145 M.Brnto
579 4092 815 4155 familiarissime,
834 4091 918 4158 eique
929 4087 1015 4139 ltalia
1027 4083 1293 4137 cedentisestertis

135 4175 256 4219 centum
280 4160 377 4218 millia
400 4163 515 4216 annueri
538 4163 632 4214 misit:
662 4161 711 4214 sod
735 4177 800 4212 euin
818 4159 953 4210 habuisse
972 4158 1096 4208 Brutum
1115 4154 1292 4207 avunculum
1385 4203 1387 4213 ,

134 4236 163 4290 le
188 4254 237 4290 ere
254 4255 301 4290 me
320 4253 378 4288 non
398 4234 529 4289 meinini.
560 4232 700 4298 Quocirca
711 4230 760 4303 ita
777 4228 935 4302 legendum
954 4244 1014 4280 esse
1034 4241 1153 4279 censeo:
1173 4226 1292 4278 Allien-

135 4255 195 4360 csde
213 4308 324 4361 Bruti
342 4309 407 4360 atei
425 4304 593 4358 auunculo
612 4303 740 4356 videtur:
760 4308 794 4352 ut
807 4301 845 4351 sit
858 4315 970 4352 sensus:
994 4297 1139 4350 Virtutem
1158 4297 1193 4348 ad
1211 4297 1292 4349 beate

135 4376 295 4431 vivendum
314 4378 381 4432 satis
401 4395 461 4432 esse
485 4375 582 4430 videri
600 4376 636 4427 Μ.
658 4371 761 4426 Catoni
779 4369 921 4424 avunculo
940 4372 975 4423 llll.
996 4367 1095 4433 Bruti„
1126 4367 1197 4422 Fuit
1214 4367 1293 4421 euim
