2856 5084
216 253 277 321 170
414 253 640 319 CICERONIS
662 197 909 314 TUSCULAN.
931 250 1161 315 DISPUTAT.

216 420 316 482 etiam
353 419 381 478 si
417 415 645 496 imprudentes
680 414 848 498 quidpiam
881 416 1035 492 fecerint,
1066 433 1206 497 poenam
1237 415 1363 477 nullam

151 506 193 561 ts.
216 506 381 563 recusent.
399 544 402 552 2
426 497 477 559 De
498 499 688 560 hominibus
708 499 838 578 loquor.
881 497 968 562 Quid
990 495 1134 558 bestiaei
1156 516 1223 557 non
1243 499 1363 581 frigus,

167 620 175 635 .
215 600 284 642 606
305 584 437 668 famem,
459 600 527 641 non
548 582 758 666 montivagos
780 588 877 659 atque
898 580 1069 641 silvestres
1098 596 1215 640 cursus
1244 579 1364 640 lustra-

1255 687 1369 697 -—-—

215 749 263 803 Sic
287 750 365 801 enim
391 746 556 824 corrigendi
583 756 650 799 sunt
674 748 708 800 hi
734 765 842 812 versus,
871 764 940 816 quos
968 746 1006 799 Is.
1032 746 1209 800 casaubonus
1235 763 1365 801 successu

214 837 316 890 parum
333 819 421 871 felice
439 819 572 872 tentavit.
609 818 653 869 D.'
893 854 895 859 .

286 887 478 952 Corcodilum]
514 888 558 940 lta
575 888 666 939 Mssti:
685 887 720 940 de
739 904 795 956 qua
812 887 954 942 scribendi
974 888 1085 941 ratione
1109 886 1177 940 vide
1195 889 1286 956 Marq.
1305 888 1365 941 Gu-

213 959 294 1012 dium
311 961 345 1012 06
362 959 483 1012 Phaedri
500 957 524 1023 1,
536 960 587 1013 06.
623 957 719 1032 Vulgo
736 957 918 1011 crocodilum.
953 959 991 1012 D.

284 1037 332 1083 aut
349 1027 559 1094 crocodilum]
586 1027 710 1082 Restitui
728 1045 794 1081 cum
805 1029 877 1081 Edd.
896 1036 961 1098 post
977 1028 1046 1080 Dav.
1065 1027 1214 1102 vulgatam
1230 1027 1364 1096 scriptio-

213 1099 281 1153 nem
298 1099 499 1154 crocodilum.-
527 1099 604 1169 quod
626 1099 707 1153 enim
726 1099 768 1152 ait
785 1100 853 1152 Dav.
866 1097 986 1153 MSStos
1003 1097 1108 1152 habere
1126 1097 1304 1162 corcodilum,
1333 1098 1363 1150 id

214 1170 295 1224 nobis
314 1189 350 1223 ex
367 1171 449 1224 nullo
466 1172 552 1240 plane
571 1178 717 1222 enotatum
734 1177 784 1223 est.
804 1169 889 1222 Marb.
908 1169 990 1222 vind.
1003 1172 1028 1222 1.
1049 1178 1078 1221 et
1096 1185 1169 1220 unus
1188 1169 1237 1220 Ox.
1256 1168 1363 1220 habent

213 1242 497 1306 cocodrillum,1tion.
517 1244 541 1294 1.
562 1240 752 1306 crocodillum,
769 1257 842 1292 unus
852 1240 902 1294 Ox.
922 1237 1108 1293 eroalodilon.
1135 1239 1271 1292 Ceterum
1286 1240 1361 1291 coni.

213 1311 249 1364 ad
275 1329 338 1364 rem
367 1312 399 1378 E.
426 1310 454 1368 S.
484 1310 615 1363 Zickleri
643 1311 735 1363 Diatr.
767 1309 802 1362 de
829 1310 982 1382 Aegyptiis
1014 1311 1175 1362 Bestiarum
1199 1309 1364 1362 cultoribus

213 1378 255 1445 (8.
275 1382 339 1434 106.
361 1383 451 1442 1756.)
469 1380 490 1445 i.
511 1383 587 1449 tsq.
606 1399 634 1450 p.
645 1383 769 1435 10-19.
788 1379 924 1434 Meiners:
956 1381 1038 1432 Ueb.
1062 1379 1089 1431 d.
1114 1379 1364 1432 Thierdienst

213 1450 306 1502 6.Αο
336 1488 342 1502 .
371 1451 403 1502 in
427 1449 463 1513 ei.
490 1450 626 1503 Philas.
654 1449 773 1503 Schrr.
802 1450 826 1502 1.
846 1468 875 1520 p.
894 1451 1044 1506 192-250.
1070 1449 1203 1502 Meiners.
1235 1450 1308 1501 Hist.
1329 1449 1363 1502 de

213 1533 282 1573 vero
327 1522 401 1574 eol.
423 1523 465 1575 23.
485 1538 546 1590 sqq.
568 1520 706 1573 Oreuzeri
724 1520 924 1573 commentatt.
945 1520 1094 1572 Herodott.
1114 1520 1138 1571 1.
1164 1537 1192 1589 p.
1212 1521 1362 1575 110-164.

214 1590 357 1643 06066060
376 1589 531 1660 Symbol.
549 1608 578 1643 6,
598 1590 747 1659 Mythol.
771 1590 806 1643 Τ.
826 1591 849 1643 1.
867 1608 896 1659 p·
915 1592 1081 1646 ‹svs-493.
1102 1590 1144 1641 ed.
1165 1590 1214 1641 alt.
1234 1590 1361 1657 Epitom.

213 1668 302 1712 nostr.
322 1660 357 1724 ej.
377 1661 470 1731 operis
488 1678 516 1729 p.
535 1660 830 1716 156-163.,Βο01ι6.
859 1661 894 1712 ad
916 1660 1051 1712 Herodot.
1072 1660 1108 1712 11.
1129 1660 1171 1715 65.
1197 1677 1225 1728 p.
1247 1664 1310 1715 631.
1331 1687 1362 1697 -

213 1733 350 1782 Mutatam
377 1748 394 1782 a
419 1731 534 1783 Davisio
565 1731 688 1783 nominis
715 1729 854 1784 crocodili
884 1730 1073 1799 scriptionem
1101 1731 1244 1798 improbat
1278 1729 1364 1782 etiam

212 1800 313 1863 Bouh.‚
333 1817 506 1869 quamquam
523 1792 657 1852 concedit
674 1815 881 1870 nonnunquam
897 1817 914 1851 a
931 1800 1050 1864 Latinis,
1073 1801 1167 1870 poiitis
1184 1801 1364 1868 praesertim,

213 1870 383 1923 corcodilum
400 1871 487 1922 fuisse
505 1870 653 1939 scriptum.
679 1871 760 1923 Unus
769 1871 820 1924 Ox.
839 1869 925 1922 habet
942 1871 1071 1935 iugulent
1090 1886 1143 1939 pro
1160 1870 1276 1922 violent.
1300 1871 1362 1923 Mr.

284 1956 402 2010 quorum
419 1939 504 1993 etiam
521 1939 550 1993 si
567 1940 755 2008 imprudentes
773 1941 916 2009 quidpiam
931 1939 1062 2006 fecerint]
1093 1942 1214 1996 Quorum
1233 1972 1266 1982 —
1285 1939 1365 2006 quid·

210 2009 289 2078 piam
308 2010 436 2066 Wolfius
454 2011 485 2061 in
509 2011 616 2064 scholis
640 2011 675 2062 ad
692 2011 832 2066 animalia
852 2013 958 2064 refert:
989 2027 1077 2079 quare
1101 2010 1132 2061 in
1149 2011 1206 2063 hoe
1225 2019 1364 2063 commate

211 2075 400 2139 ἀνακόλουθον
416 2081 516 2134 sidere
534 2081 589 2136 sibi
606 2081 683 2133 visus
702 2092 744 2134 est
761 2099 816 2151 pro
842 2096 956 2150 quorum
982 2081 1009 2134 si
1027 2082 1088 2150 quis
1107 2080 1222 2148 aliquod
1245 2081 1283 2134 vi
1289 2081 1323 2133 ol
1329 2095 1378 2142 a·,

212 2150 321 2216 verit,
346 2167 412 2203 cum
436 2151 536 2214 fecerit
560 2152 595 2203 ad
619 2165 734 2219 quorum
761 2168 821 2204 non
842 2152 934 2220 possit
956 2151 1173 2204 accommodari.
1212 2150 1267 2205 Sed
1285 2161 1366 2204 recte

213 2221 259 2274 06.
281 2237 404 2290 quorum,
428 2220 478 2285 ait,
508 2229 550 2274 est
568 2236 621 2290 pro
640 2221 861 2289 tumamoris,
891 2238 929 2274 00.
949 2221 1077 2274 violandi
1101 2229 1151 2273 aut
1169 2222 1365 2275 interficiendi

212 2291 352 2344 eiusmodi
369 2291 513 2343 animalia.
533 2291 600 2344 006.
620 2291 712 2345 Rehd.
729 2292 830 2346 habet:
859 2292 1000 2362 quispiam
1023 2293 1051 2346 si
1067 2290 1265 2360 imprudentes.
1279 2293 1364 2370 -Duo

212 2379 282 2430 Oxx.
302 2379 330 2431 si
346 2379 512 2446 prudentes.-
538 2380 588 2447 qui
607 2396 691 2433 error
709 2387 789 2432 ortus
806 2379 925 2432 videtur
942 2397 978 2432 ex
996 2381 1154 2450 scriptione
1174 2381 1362 2433 siravusrus.

213 2448 279 2500 006.
298 2449 384 2502 Vind.
407 2453 430 2502 l.
459 2448 584 2518 quipiam
602 2447 804 2519 (06066161),
823 2450 898 2502 idem
916 2457 1046 2522 recusant
1062 2467 1116 2521 pro
1133 2458 1265 2508 recusant.
1290 2451 1363 2508 Gud.

213 2519 320 2571 nullam
336 2533 461 2585 poenam.
498 2519 558 2573 Mr.

222 2631 225 2638 .
281 2587 325 2641 De
343 2587 495 2652 dominibus
516 2590 639 2658 loquan]
670 2590 736 2643 006.
758 2590 831 2644 066.
852 2592 887 2644 60
904 2590 1067 2644 omnibus
1090 2592 1199 2660 loquor.-
1230 2599 1367 2660 quaeest

213 2658 344 2711 confusio
361 2659 603 2727 frequentissima.
642 2661 686 2712 Ad
712 2677 791 2729 seqq.
817 2661 850 2712 in
875 2678 967 2736 marg.
987 2659 1100 2715 Lambb.
1121 2661 1208 2714 Goth.
1228 2670 1262 2711 ut
1280 2662 1367 2712 Lam-

211 2727 273 2779 bini
292 2728 379 2780 lectio
398 2737 546 2781 enotatum
563 2738 619 2782 est:
641 2729 738 2785 Quid?
756 2730 862 2783 bestiae
879 2747 966 2784 nonne
984 2734 1079 2799 frigus
1098 2758 1141 2782 —.
1177 2730 1239 2787 Mv.

283 2814 336 2851 non
360 2799 468 2867 frigus,
495 2815 549 2851 non
572 2800 682 2864 famam,
708 2817 763 2854 non
784 2799 961 2868 montivagos
984 2809 1061 2871 atquc
1084 2800 1224 2868 0110000000
1247 2802 1366 2868 cursus]

212 2868 277 2934 „lta
295 2868 373 2922 MSS.
393 2869 525 2939 plerique
553 2878 582 2922 et
600 2871 652 2922 Ed.
672 2871 811 2936 Victorii3
838 2873 890 2942 qui
914 2881 1011 2924 tamen
1034 2872 1084 2923 lib.
1103 2873 1173 2927 1..0.
1194 2875 1235 2928 16.
1265 2872 1366 2924 Varia-

199 2956 278 3011 ⁸rum
295 2941 390 2992 Lectt.
419 2948 497 2993 notat
522 2940 554 2990 iu
577 2956 625 2991 suo
651 2940 726 2994 libro
751 2941 825 3013 legi:
854 2957 910 2994 non
933 2943 1107 3008 montivagos
1124 2948 1206 3010 atque
1224 2942 1366 2995 silvestri-

212 3023 316 3061 cursus.
353 3009 462 3083 Vulgo:
489 3025 578 3063 nonne
595 3009 703 3078 frigus.
724 3010 858 3063 'Palatinss
878 3028 933 3064 sec.
958 3013 1052 3082 quint.
1079 3008 1146 3065 'num
1169 3014 1272 3080 frigus,
1299 3029 1365 3065 num

213 3078 315 3140 famem
332 3087 386 3131 ete.
424 3079 523 3132 Paullo
542 3089 605 3149 post
623 3081 877 3155 quoquelegitur:
910 3097 966 3136 non
985 3098 1040 3150 pro
1062 3097 1112 3134 suo
1130 3090 1230 3153 partu.
1257 3082 1308 3134 vul
1331 3100 1363 3134 o:

213 3162 301 3200 nonne
317 3163 371 3214 pro
389 3164 438 3201 suo
453 3155 553 3216 partus
570 3149 620 3202 ubi
637 3158 733 3203 tamen
751 3152 800 3204 illi
816 3151 879 3204 bini
897 3151 1019 3206 iterum:
1039 3169 1102 3206 num
1114 3169 1166 3222 pro
1178 3151 1260 3206 suo.“
1280 3101 1363 3206 001010.

213 3218 379 3281 „Victorius
402 3220 435 3276 V.
458 3221 490 3271 1..
511 3218 535 3270 l.
554 3223 581 3274 6.
605 3228 728 3272 testatur
753 3221 784 3272 in
808 3223 927 3293 antiquo
953 3223 1090 3292 fidelique
1117 3222 1275 3292 exemplari
1301 3224 1363 3296 legi

213 3286 447 3355 silvestricursus,
466 3289 572 3341 iunctis
591 3290 704 3342 duobus.
715 3291 891 3344 nominibus:
926 3301 960 3344 ut
976 3294 1110 3346 videatur
1133 3302 1211 3346 totus
1226 3294 1308 3345 locus
1329 3310 1365 3345 ex

213 3357 310 3428 aliquo
326 3368 425 3412 vetere
443 3363 528 3431 polita
545 3367 672 3429 sumptus
690 3360 782 3417 esse.“
799 3362 863 3413 Fra.
882 3361 966 3415 naor.
1003 3361 1090 3416 Addit
1107 3364 1266 3415 Victorius:
1297 3364 1364 3415 Non

214 3429 291 3481 euim
311 3428 385 3480 mihi
424 3431 556 3482 ermedeo
574 3431 743 3484 Ciceronem
761 3433 939 3498 montivagae
963 3430 1168 3504 usurpaturum
1185 3434 1290 3484 inisse:
1319 3445 1366 3486 rs·

214 3500 293 3552 dolet
312 3499 389 3552 enim
429 3515 462 3553 oc
479 3500 601 3552 verbum
627 3502 786 3554 orationem
809 3503 967 3571 poeticam:
997 3505 1134 3574 facitque,
1167 3512 1200 3555 ut
1223 3519 1280 3555 non
1303 3503 1365 3555 sine

214 3584 296 3621 causa
313 3570 440 3640 suspicer
456 3579 677 3640 consequentem
689 3587 803 3641 qnoque
820 3589 922 3625 vocem
940 3573 1038 3626 eodem
1056 3583 1140 3642 pacto
1157 3575 1365 3626 conformatam

112 3697 115 3705 „
214 3639 309 3690 fuisse.
346 3641 387 3691 Ut
412 3640 542 3693 Catullus
567 3658 681 3711 quoque
710 3641 742 3692 16
764 3641 866 3695 libello
891 3644 925 3704 do
947 3641 1011 3694 Atti
1039 3642 1133 3714 [Aty]
1166 3643 1365 3696 huiuscemodi

214 3709 353 3760 nonnulla
370 3711 457 3762 verba
475 3713 646 3781 composuit:
666 3729 718 3764 006
737 3728 803 3763 cum
820 3714 935 3781 inquit:
958 3714 1008 3767 uti
1020 3729 1105 3767 ’00000
1122 3713 1300 3778 iilaicttliria,
1318 3713 1366 3767 uli

215 3793 283 3846 aper
309 3780 510 3848 nemorivagus.
548 3783 592 3834 lta
618 3790 714 3834 autem
740 3783 822 3851 loqui
846 3799 997 3837 consuesse
1044 3787 1134 3849 riseos
1157 3784 1224 3836 iilos
1246 3785 1364 3837 Latinos

213 3850 346 3902 homines
364 3859 485 3904 testatur
504 3853 604 3906 Cicero
624 3853 655 3903 16
673 3853 800 3905 Oratore
815 3853 861 3904 his
884 3855 995 3908 verbis:
1023 3803 1084 3919 lli,
1107 3853 1182 3918 sss]
1219 3851 1277 3908 Sed
1295 3855 1365 3923 quid

215 3937 268 3988 ago
285 3922 416 3975 vocales?
440 3916 502 3977 sin'e
520 3922 661 3976 vocalibus
679 3936 760 3994 saepe
778 3921 923 3976 brevitatii
944 3940 1032 3977 causa
1047 3921 1249 3989 constralebant,
1273 3931 1304 3977 ut
1321 3924 1365 3977 ita

215 3991 341 4045 dicarent
364 3995 605 4058 multimodis,
632 3995 899 4060 assurgentem,
921 3996 1232 4061 palmatcrinibus‚
1252 3996 1363 4048 tecti-

163 4063 164 4067 ’
212 4064 358 4128 fractis.
386 4064 494 4116 Editur
511 4080 601 4116 nunc:
621 4062 708 4116 multi'
727 4063 828 4128 modis,
847 4065 1066 4134 varargsnteis,
1081 4066 1167 4135 palm'
1186 4071 1212 4118 et
1231 4065 1363 4130 crinibus,

212 4133 286 4184 tacti'
305 4135 416 4198 fractis.
453 4134 516 4207 Ego
540 4151 607 4186 cum
626 4136 673 4188 06.
700 4135 747 4187 isti
771 4134 911 4188 vocabulo
935 4137 1073 4200 inaudito,
1102 4137 1363 4201 (silvestricursuq)

213 4203 289 4270 quod
306 4205 366 4256 sine
389 4204 474 4256 dubio
500 4205 594 4256 errori
618 4204 727 4258 scribae
754 4206 799 4258 061
820 4206 897 4258 inem
916 4207 1008 4272 debet,
1035 4225 1094 4261 non
1112 4209 1238 4259 multum
1256 4207 1365 4259 tribue-

213 4273 278 4328 rim.
316 4273 865 4329 0000666616.10016000610611161.
895 4279 975 4330 Unus
989 4281 1039 4330 Ox.
1059 4278 1144 4330 habet
1163 4277 1229 4348 quid
1247 4278 1363 4341 bestiae,

213 4359 289 4396 num
306 4345 424 4410 famem3
442 4345 525 4398 Vind.
546 4349 571 4402 1.
591 4349 617 4401 2.
637 4363 712 4400 num
730 4349 838 4414 frigus,
857 4364 934 4401 num
952 4352 1063 4414 famem,
1087 4365 1161 4402 num
1178 4350 1363 4415 montivagos,
