2856 5084
547 258 741 336 nuonv,
768 260 798 338 e.
1104 331 1107 343 ,
1195 261 1235 326 n

82 424 159 502 rite,
181 421 350 500 laudetur,
371 431 421 502 ut,
443 423 645 507 aplerisqne
665 426 827 509 neglecta,
849 423 1001 488 smaltis
1019 424 1122 500 etiam
1143 423 1234 486 vitn-

80 516 228 588 peretur.
271 508 477 586 vituperare
498 509 672 587 quisquam
694 511 785 569 vitae
808 515 992 588 parentem,
1018 518 1052 569 et
1072 509 1136 568 hoc
1157 525 1235 588 par-

80 588 202 650 ricidio
224 596 265 649 se*
280 591 456 670 inquinare
477 589 595 649 andeli
630 598 663 649 et
685 598 753 650 tam
774 591 878 669 impie
905 591 1057 672 ingratus
1077 609 1166 665 esse,
1195 597 1236 650 ut

79 689 154 732 eam
174 680 318 746 accuset,
348 690 444 751 quam
472 674 586 731 vereri
612 669 762 748 deberet,
795 674 897 732 etiam
928 673 959 732 si
990 672 1098 732 minus
1123 675 1235 751 perci-

79 771 161 833 pere
180 751 363 836 potuisset?
386 749 462 828 Sed,
484 754 666 832 ut'opinor,
688 753 743 815 bic
755 750 854 816 error
875 763 910 814 ct
929 753 1012 814 haec
1023 751 1236 815 indoctorum
1298 781 1302 786 ·

78 947 112 985 uc
137 926 167 986 et
187 932 305 1002 perinde
329 950 362 988 ec
378 935 433 986 hac
456 934 599 992 sententia
616 933 705 986 fuisse
723 934 843 999 dictum,
871 941 905 985 ut
930 934 1077 1008 significet
1101 933 1236 1008 gleich

77 1003 162 1068 wie,
181 1005 317 1069 sosehr
336 1006 401 1065 als:
422 1004 510 1072 idque
530 1021 667 1074 apparere
687 1021 722 1056 ex
740 1005 779 1056 Le
802 1021 817 1058 e
836 1004 996 1056 Judiciaria
1015 1004 1127 1058 Galliae
1146 1004 1238 1057 Cisal·

77 1073 164 1141 pinae
183 1077 244 1127 aeri
263 1076 353 1126 incisa
372 1074 433 1126 Col.
456 1080 479 1130 1.
499 1075 552 1130 lin.
574 1077 620 1128 17:
650 1075 787 1127 PROIND
832 1073 972 1139 ATQVE:
998 1076 1066 1128 coll.
1086 1083 1182 1127 annot.
1201 1076 1237 1129 ad

78 1144 227 1197 Milonian.
248 1145 399 1198 Garatonii
417 1162 445 1213 p.
465 1146 510 1200 58.
530 1144 608 1212 Lips.
627 1144 690 1196 Vid.
711 1144 745 1196 de
765 1161 915 1213 carenos
934 1144 1047 1198 adCic.
1068 1146 1102 1198 de
1112 1146 1177 1197 Div.
1197 1147 1236 1200 ΙΙ.

77 1215 253 1271 421452.
274 1214 340 1266 coll.
360 1232 388 1284 p.
410 1216 470 1269 764.
497 1214 568 1266 Add.
595 1213 688 1266 Kritz.
713 1215 744 1265 in
770 1232 889 1267 censura
908 1213 1039 1267 Sallustii
1057 1217 1152 1269 Herzo
1175 1216 1236 1268 iani

77 1283 110 1334 in
155 1285 236 1337 ahnii
258 1283 375 1336 Annall.
403 1282 562 1347 (Jahrbb.
590 1285 610 1335 f.
637 1284 769 1338 Philol.
796 1303 825 1336 u.
853 1284 1013 1359 Paedag.)
1040 1289 1117 1341 1829.
1143 1233 1179 1339 ll.
1209 1290 1234 1341 l.

78 1371 107 1422 p.
129 1357 164 1408 78
181 1372 222 1424 sq.
243 1387 275 1398 -
294 1353 376 1408 Unus
395 1355 444 1406 Ox.
464 1354 549 1406 babet
565 1354 665 1421 probet
683 1371 736 1424 pro
752 1356 880 1422 proinde.
902 1357 976 1406 ltlon.
998 1360 1022 1411 l.
1043 1355 1128 1408 habet
1146 1355 1237 1410 berni-

79 1438 145 1476 num
164 1443 179 1478 e
196 1428 269 1491 cita3
287 1425 385 1477 Duisb.
406 1425 516 1477 omittit
534 1431 590 1488 est‚·
609 1443 681 1475 unus
700 1425 751 1477 Ox.
770 1424 855 1477 habet
874 1425 1029 1478 landatur.
1068 1427 1131 1480 Mr.

149 1519 180 1564 nt
199 1532 218 1567 a
234 1515 375 1581 plerisque
393 1513 519 1580 neglecta
538 1529 555 1566 a
572 1513 670 1566 multis
697 1515 783 1566 etiam
800 1513 1099 1581 eitteperetur.]*·„lta
1123 1515 1234 1568 Victor.

77 1583 197 1651 Palatio.
216 1585 303 1653 prim.
322 1600 377 1635 sec.
398 1591 492 1652 quart.
512 1585 605 1653 quint.
624 1583 753 1635 Vatican.
789 1583 864 1635 Nam
882 1584 913 1634 in
921 1584 1011 1635 Febr.
1033 1593 1076 1637 est
1094 1601 1112 1637 α
1129 1586 1236 1652 pteris-

78 1669 130 1722 que
148 1655 284 1722 neglecte,
309 1668 327 1705 α
349 1654 535 1722 plerisque
561 1654 653 1706 etiam.
690 1654 785 1726 Vulgo
810 1661 828 1704 a
850 1652 995 1722 plerisque
1019 1656 1147 1720 neglecta
1171 1674 1237 1709 eva-

10 1736 23 1761 ·
77 1725 145 1777 nida
169 1734 245 1790 sunt,
278 1741 345 1775 cum
370 1725 529 1776 sententiae
559 1733 588 1776 et
617 1724 778 1797 elegantiae
808 1723 994 1776 <lenimenta
1002 1725 1021 1753 “
1045 1724 1127 1779 Gelli.
1166 1726 1234 1784 cod.

77 1795 163 1847 Vind.
183 1794 209 1851 Ἰ.
229 1795 341 1850 omittit
358 1799 405 1858 ως
429 1803 556 1866 pergunt
573 1801 632 1846 tres
651 1796 721 1848 Oxx.
742 1810 759 1845 a
775 1793 949 1860 plurimis
970 1798 1106 1864 neglecta.
1142 1797 1237 1850 Verba

77 1880 97 1916 e
112 1859 259 1935 plerisque
268 1868 400 1934 neglecta
413 1864 515 1916 desunt
534 1865 565 1914 in
583 1865 654 1916 Edd.
675 1868 712 1916 Μ.
732 1864 796 1915 Ald.
816 1865 896 1916 Boul.
911 1866 1024 1918 Lambb.
1046 1865 1133 1919 Getis
1152 1866 1234 1936 Sylb.

78 1937 134 1987 Per
155 1938 179 1988 it
198 1935 264 1989 cod.
284 1934 380 1986 Duisb.
401 1949 419 1984 e
433 1936 621 2004 plerisque
640 1934 740 1997 etiarn
768 1935 910 1986 omittunt
933 1938 1021 1988 etiem
1046 1937 1132 1989 Codd.
1158 1937 1233 2013 Aug.

78 2004 148 2074 (qm
165 2006 251 2059 habet
269 2020 287 2057 a
305 2002 416 2068 multa)
444 2005 529 2058 Vind.
548 2007 574 2059 2.
606 2013 635 2056 et
654 2023 727 2056 unus
746 2003 813 2071 Ox.;
838 2005 912 2057 alius
937 2005 1023 2059 habet
1045 2007 1235 2078 vituperare-

79 2081 135 2131 tur.
172 2078 232 2133 Mr.
722 2119 724 2127 .

152 2146 323 2215 Vitupernre
339 2148 482 2216 qnisquam
499 2144 575 2210 citae
591 2145 758 2214 parentem]
786 2146 935 2213 „Victorii
954 2147 1056 2200 editio:
1076 2147 1235 2216 vitaperare

77 2215 140 2286 quis
175 2234 219 2271 em
242 2220 382 2287 inquam
406 2219 484 2272 vitae
506 2226 660 2285 parentem:
696 2218 772 2286 quod
799 2218 907 2269 nullibi
932 2227 1081 2289 praeterea
1106 2218 1235 2289 reperi.“

79 2288 135 2341 (ἰώ
156 2326 163 2341 .
200 2289 311 2341 Habent
328 2289 404 2341 illud
421 2289 543 2356 inpiam,
570 2297 687 2359 praeter
704 2288 877 2351 Victoriam,
903 2290 990 2339 etiam
1008 2288 1080 2339 Edd.
1100 2291 1129 2340 P.
1149 2290 1183 2341 Α.
1201 2291 1234 2342 Β.

78 2356 107 2414 S.
126 2359 162 2416 E.
182 2360 213 2413 C.
233 2361 303 2411 Ven.
324 2368 413 2412 nostr.
435 2359 517 2423 [haec
534 2359 620 2410 habet
639 2357 669 2409 in
688 2357 781 2425 quem]
801 2359 884 2410 Junt.
897 2357 960 2410 Asc.
971 2360 995 2414 1.
1003 2360 1029 2412 2.
1048 2357 1117 2411 Rob.
1133 2357 1234 2429 steph.

78 2428 176 2483 Herw.
213 2429 294 2482 Unus
313 2430 367 2485 Ox.
383 2429 470 2481 habet
492 2431 566 2482 vitae
582 2425 725 2506 palpem.
761 2429 823 2480 Mr.
846 2443 849 2449 ·

151 2499 320 2567 Vituperare
340 2530 371 2541 -
390 2500 521 2564 ingratus
543 2498 619 2564 esse]
663 2499 778 2551 Profert
800 2498 966 2551 Lactantius
992 2498 1058 2554 niv.
1084 2498 1154 2552 lust.
1179 2498 1235 2566 111,
1288 2532 1292 2536 -

77 2569 121 2625 14.
141 2577 170 2622 et
189 2587 246 2622 non
266 2569 383 2637 quidem
399 2569 478 2626 nihil
496 2587 512 2621 a
528 2570 622 2621 Tullii
640 2568 790 2648 (lodicibus
807 2567 945 2622 abscedit.
980 2568 1018 2622 D.

151 2657 319 2725 Vituperare
337 2657 489 2726 qnisquam]
525 2658 616 2709 Locus
634 2655 684 2708 hic
711 2658 786 2726 apud
802 2658 985 2717 Lactantium
1004 2656 1069 2709 Div.
1089 2659 1233 2713 lust-111.

79 2729 122 2782 14.
147 2728 188 2780 ita
205 2729 328 2803 legitur:
362 2731 602 2797 Quisquamne
629 2728 845 2794 vituperare
869 2731 943 2782 citae
965 2736 1108 2796 parentem
1131 2737 1157 2783 et
1184 2728 1242 2787 Ιιοσ,

74 2797 242 2864 parricidio
261 2815 291 2852 se
309 2798 455 2866 inquinare
473 2799 588 2860 andeot;
613 2804 640 2849 et
658 2803 714 2848 tem
732 2797 818 2866 impie
846 2797 985 2867 ingratus
1009 2800 1089 2852 esse?
1124 2800 1178 2853 Ed.
1198 2801 1234 2853 E.

76 2868 163 2921 habet
187 2875 214 2922 et
238 2870 278 2922 de
294 2867 358 2923 boc.
395 2872 450 2922 Pro
473 2868 634 2937 parricidio
658 2875 700 2918 est
721 2867 877 2935 patricidio
907 2870 940 2920 in
964 2868 1031 2922 Ood.
1057 2870 1130 2923 Gud.
1150 2873 1176 2924 2
1205 2879 1236 2924 et

76 2938 149 2992 Edd.
169 2940 202 2990 L.
224 2948 252 2992 et
270 2941 335 2992 Fre.
355 2941 455 3004 Fabr.;
482 2957 555 2991 unus
584 2941 633 2994 Ox.
661 2937 748 2990 habet
765 2954 825 2991 sese
844 2955 896 3008 pro
923 2954 962 3004 ee,
985 2939 1058 2991 alius
1076 2942 1237 3008 uituperare

98 3026 131 3062 ro
150 3008 314 3079 inqteinare3
339 3011 415 3078 quod
434 3018 476 3062 est
495 3008 685 3062 dormitantis.
711 3007 780 3064 cod.
801 3010 875 3080 Gud.
895 3011 920 3064 2.
947 3010 1036 3062 audeo
1061 3026 1114 3079 pro
1140 3012 1234 3065 audet.

76 3027 114 3132 {tn
131 3096 190 3132 uno
209 3080 259 3135 Ox.
280 3082 358 3134 deest
377 3087 452 3144 taem
472 3081 503 3131 in
521 3080 578 3133 alio
596 3096 663 3131 mox
682 3095 748 3131 cum
765 3079 864 3131 Duisb.
883 3081 1006 3133 debeat
1025 3097 1079 3149 pro
1098 3082 1235 3140 deberet.

12 3153 15 3157 '
76 3151 155 3203 Tum
173 3151 261 3205 Marb..
276 3151 424 3219 percipere
440 3157 569 3218 posset.
606 3150 729 3202 Videtur
745 3148 803 3202 hoc
822 3160 978 3219 utrumque
997 3152 1107 3216 (debent
1125 3161 1153 3206 et
1169 3169 1236 3220 poe·
1276 3189 1284 3198 ·

76 3223 131 3287 set)
151 3220 249 3274 deberi
267 3222 489 3287 correctoribus,
519 3222 571 3291 qui
595 3220 629 3274 de
653 3221 727 3272 iusta
744 3219 776 3270 in
799 3219 846 3273 his
862 3221 960 3274 verbis
984 3230 1149 3291 temporum
1168 3240 1236 3276 con·

76 3292 224 3345 secutione
243 3291 416 3358 dubitarent,
434 3302 468 3344 ut
485 3294 619 3345 Jentzen.
645 3291 689 3357 (in
707 3290 833 3344 Censura
858 3290 967 3366 lnsign.
993 3292 1093 3345 Locor.
1123 3294 1153 3344 in
1172 3294 1234 3347 Cic.

76 3361 112 3415 de
130 3363 166 3414 N.
186 3363 220 3418 D.
242 3363 329 3417 Libro
353 3365 449 3433 primo
472 3381 500 3433 p.
520 3363 595 3426 tn),
625 3362 676 3431 qui
703 3369 838 3423 nostrum·
857 3360 956 3416 locum'
979 3378 1038 3415 non
1063 3372 1236 3433 corruptum

76 3431 195 3501 quidem
214 3451 271 3486 esse
290 3435 473 3487 iudicandum
492 3433 542 3496 ait,
564 3432 613 3485 sed
631 3450 647 3484 a
665 3432 767 3515 regula
790 3448 906 3502 prorsus
933 3431 1098 3487 abhorrere.
1134 3434 1235 3509 Pergit

77 3519 152 3555 unus
171 3504 220 3557 Ox.
246 3504 302 3559 Seu
319 3505 429 3574 opinor,
451 3505 617 3556 emissent:
645 3511 675 3555 et
698 3510 739 3554 ita
756 3502 888 3572 loquitur
906 3503 1010 3557 Cicero
1028 3521 1234 3577 nonnunquam
1289 3534 1292 3540 λ

76 3591 105 3631 v.
125 3591 150 3626 c.
170 3575 205 3628 ad
222 3574 331 3628 Famm.
350 3576 414 3628 Vll.
434 3577 486 3642 245
512 3575 624 3649 saepius
642 3581 740 3626 tamen
759 3589 792 3626 eo
810 3575 906 3641 modo,
926 3590 982 3645 quo
1002 3572 1062 3628 hic.
1098 3577 1161 3631 Mr.

74 3670 76 3680 ’
146 3661 193 3717 lic
215 3681 304 3729 error,
329 3671 355 3717 et
382 3651 449 3717 lnce
468 3691 501 3703 -
520 3664 625 3716 animis
659 3665 750 3728 offusa
776 3664 872 3731 caligo
896 3662 955 3729 est]
992 3665 1150 3739 „Zeugma
1180 3671 1232 3721 esti

76 3734 216 3786 Notemus
235 3751 349 3803 quoque
369 3735 522 3786 stultitiam
541 3751 623 3802 saepe
638 3751 709 3787 ’cum
727 3734 831 3797 nebula
849 3742 879 3786 et
904 3733 1030 3807 caligine
1056 3735 1232 3803 cornparari·;
1320 3775 1324 3779 .

77 3806 115 3857 cf.
135 3804 158 3856 1.
178 3807 222 3860 26.
243 3805 307 3858 64⁴⁴
325 3802 438 3856 Seleuci.
475 3805 546 3860 Add.
565 3805 602 3857 de
620 3804 759 3856 Fiam-V.
779 3805 970 3869 43:·1nfirma
992 3811 1082 3856 aetate
1105 3805 1233 3857 imbecil-
1275 3805 1277 3819 ²
1315 3847 1319 3855 ,

77 3875 158 3944 laque
183 3879 271 3926 mente
299 3873 344 3925 vis
371 3882 497 3942 naturae
514 3892 567 3943 per
598 3875 751 3942 caliginem
781 3875 933 3927 cernitur.
954 3872 1021 3926 God.
1048 3875 1134 3924 Marb.
1166 3889 1233 3934 cum

78 3946 153 3998 Gud.
172 3950 199 4002 2:
217 3944 303 3997 habet
322 3941 379 3996 tic
397 3946 581 4009 indoctorum,
599 3964 673 3997 unus
691 3947 743 3998 Ox.
770 3943 837 3997 baec
859 3943 1092 3995 indoctorum
1119 3941 1232 4008 aetneis,

75 4016 160 4068 Vind.
178 4022 202 4072 1.
221 4015 288 4068 baec
305 4014 484 4074 indoctorum
502 4013 674 4070 bominum
693 4015 806 4076 animis,
825 4029 898 4063 unus
918 4012 968 4062 Ox.
988 4010 1098 4060 omittit
1116 4009 1232 4076 animis,

74 4103 126 4153 'sex
144 4105 211 4140 cum
229 4087 302 4140 Gud.
323 4089 348 4139 2.
372 4085 444 4137 Gud.
464 4084 553 4137 Rehd.
573 4089 650 4139 Mon.
672 4091 698 4140 l.
717 4083 801 4134 Vind.
824 4086 847 4134 l.
876 4079 983 4131 habent
1005 4080 1092 4143 effusa
1116 4097 1169 4149 pro
1188 4083 1232 4146 ef·
1286 4111 1289 4114 >

69 4148 160 4224 ⁴fusm-
184 4159 255 4212 Gud.
276 4162 302 4213 Ἰ.
328 4158 543 4216 induciomaro,-
566 4155 637 4226 Aug.
667 4154 777 4222 omittit
796 4150 876 4213 baee3
907 4166 981 4201 unus
1000 4152 1049 4201 Ox.
1070 4150 1156 4204 habet
1179 4154 1232 4206 e'n·

68 4226 154 4294 'fuam
173 4248 245 4281 unus
263 4228 388 4295 caligine
405 4244 459 4296 pro
479 4225 574 4288 caligo
592 4231 642 4277 est.
679 4225 757 4276 Tum
775 4238 866 4294 marg.
885 4219 961 4273 Crat.
981 4222 1026 4274 ed
1044 4239 1144 4291 quem
1163 4231 1230 4277 tent.
1325 4274 1328 4283 ,

79 4302 155 4352 lllon.
176 4306 199 4355 l.
226 4307 303 4353 retro
328 4302 483 4368 spicere,
510 4295 582 4349 Edd.
602 4295 636 4352 Α.
655 4294 685 4348 Β.
706 4294 734 4349 S.
754 4294 789 4352 Ε.
809 4291 840 4346 C.
860 4294 931 4348 Ven.
959 4302 1047 4352 nostr.
1075 4297 1139 4349 Asc.
1162 4301 1183 4351 l.
1205 4300 1229 4366 2.

79 4372 161 4427 dunt.
183 4375 452 4441 retroaspicere.
490 4368 549 4425 Mr·
596 4383 621 4420 ¹.
