2856 5084
174 286 217 351 rs
384 284 615 351 nonnosus
636 249 884 351 russanen.
905 283 1136 349 nrsrurnr.
1201 249 1231 311 ἵ

176 469 216 513 en
236 469 271 515 se
290 453 362 532 ipso
383 460 460 532 opto
487 461 562 514 sant
589 455 704 540 omnio,
732 472 814 534 qaae
834 453 879 514 od
905 451 996 512 beate
1017 449 1180 513 uiuendum
1206 447 1331 528 ferant,

175 552 244 613 nec,
266 554 419 614 suspensa
440 535 573 598 aliorum
594 545 651 597 aut
674 535 755 597 bono
790 555 866 597 casn
896 545 953 596 eat
987 537 1161 610 contrario,
1191 533 1333 612 pendere

176 628 217 679 e'n
236 617 370 679 alterins
390 622 510 681 eventis
531 628 563 680 et
584 627 875 699 errarecogantnr,
898 617 974 679 baia
995 621 1110 698 optime
1131 616 1258 678 vivendi
1280 635 1332 676 ru-

127 714 154 766 b.
178 702 224 762 tio
258 710 442 780 comparato
472 711 531 765 est.
581 702 651 764 Hic
682 711 729 763 est
751 701 805 764 ille
825 701 1016 776 moderatas,
1051 699 1106 772 bic
1136 699 1249 778 fortis,
1279 697 1333 760 bic

176 785 315 862 sopiens,
336 782 400 862 bic,
423 795 454 845 et
475 784 680 846 nascentibus
701 794 732 846 et
754 783 942 846 cadentibus
968 802 1060 864 qaam
1089 782 1221 864 reliquis
1249 799 1333 842 com-

175 866 287 943 modis,
311 876 373 928 tam
401 869 533 930 maxime
559 867 679 937 liberis,
706 867 835 947 parebit
865 876 896 928 et
925 865 1051 929 obediet
1078 874 1249 945 praecepto
1279 865 1332 927 illi

176 952 293 1012 aeteri:
330 952 539 1030 nequeenim
572 950 747 1012 loetabitur
777 970 923 1032 anquam,
955 969 1013 1010 nec
1043 947 1196 1012 maerebit
1226 949 1331 1025 nimis,

176 1033 264 1112 qnod
283 1052 402 1113 semper
422 1035 457 1096 in
477 1053 511 1095 se
533 1035 604 1113 ipso
626 1053 740 1096 omnem
762 1053 845 1114 spem
868 1042 996 1114 reponet
1018 1035 1078 1096 sai.

126 1269 129 1276 ,
175 1235 244 1271 nem
262 1234 469 1288 nonnunquam
494 1237 557 1273 asc
576 1219 637 1294 ipso
663 1219 743 1290 quasi
761 1218 931 1284 desciscere,
957 1226 986 1272 et
1005 1218 1130 1270 Graecae
1153 1216 1273 1290 linguae
1298 1216 1335 1269 ad

147 1329 150 1335 »
175 1290 297 1342 verbum
320 1291 408 1364 magis
432 1309 461 1343 se
485 1291 639 1361 applicare.
678 1289 758 1355 Quod
783 1289 833 1341 hio
859 1306 972 1360 quoque
995 1289 1076 1341 iecit.
1116 1289 1225 1342 Graece
1253 1287 1333 1340 enim

177 1377 245 1412 curn
267 1361 407 1430 scriptum
426 1363 463 1412 sit
486 1361 616 1432 φέροντα,
640 1362 758 1430 scripsit
785 1376 853 1428 quae
872 1388 906 1397 —
925 1363 1027 1426 ferant,
1052 1376 1105 1428 pro
1125 1375 1192 1429 quo,
1222 1358 1246 1410 si
1270 1358 1333 1426 ipse

175 1430 356 1500 loqueretur,
376 1432 540 1502 scripsisset
557 1434 676 1485 fortasse
694 1431 849 1496 conferunt,
872 1432 922 1483 vel
940 1440 973 1483 ut
992 1431 1118 1500 explicat
1135 1431 1206 1484 Ern.
1232 1430 1332 1496 ualent,

174 1509 302 1571 prosunt.
338 1505 453 1554 Poterat
472 1503 568 1568 etiarn,
587 1503 725 1555 vocabulo
744 1502 855 1554 medico
874 1511 967 1567 utens,
999 1502 1124 1554 scribere
1143 1499 1260 1567 faciunt,
1287 1518 1333 1553 ea·

177 1572 243 1626 dem
264 1574 415 1626 sententia.
451 1575 532 1627 Unus
557 1575 607 1627 Ox.
632 1573 720 1626 habet
744 1576 867 1640 fuerant.
906 1577 960 1625 Pro
991 1576 1126 1640 suspensa
1154 1571 1334 1625 recentiores

176 1643 320 1703 dicerent:
350 1649 445 1712 utpote
466 1644 625 1712 pendentia.
663 1645 725 1696 Duo
745 1645 815 1697 Oxx.
842 1643 978 1696 exhibent
1001 1644 1135 1713 suspensi,
1166 1643 1239 1695 alius
1265 1659 1334 1695 oum

177 1716 252 1768 Mon.
276 1719 301 1768 Ι.
327 1717 427 1790 pergit
450 1731 564 1768 eoram.
597 1718 672 1769 Mon.
692 1718 718 1769 2.
743 1731 776 1767 en
803 1713 965 1767 alternis
984 1714 1102 1780 eventia,
1127 1723 1191 1766 tum
1209 1716 1285 1790 Mon.
1306 1718 1332 1769 1.

177 1792 204 1839 ct
223 1803 360 1840 errore:
387 1795 416 1838 et
440 1785 493 1839 hae
520 1787 636 1855 quidem
658 1787 798 1839 lectiones
822 1786 892 1838 duae
919 1787 1101 1854 posteriores,
1136 1785 1160 1835 si
1184 1800 1243 1836 non
1266 1793 1334 1836 sunt

176 1856 294 1908 fortuiti
314 1857 429 1920 erroris,
449 1866 566 1926 possunt
583 1856 678 1909 videri
697 1858 868 1909 correctoris
887 1856 940 1907 sibi
959 1856 1099 1925 placentis
1113 1863 1142 1906 et
1159 1855 1332 1925 plaudentis.

175 1926 269 1981 Habet
288 1928 374 1980 etiam
392 1946 465 1979 unus·
485 1929 534 1981 Ox.
556 1928 646 1980 simili
664 1927 724 1979 sive
742 1927 938 1997 imprudentia
961 1929 1020 1979 sive
1047 1926 1200 1997 prudentia
1228 1927 1334 1979 bono-

180 2015 253 2050 rum
271 2014 350 2064 casa,
370 1998 443 2051 alius
462 1996 632 2052 bonoram
651 1998 832 2069 casquud.
852 2002 878 2054 2.
899 2005 1032 2052 eventus:
1060 1997 1132 2071 Aug.
1162 1997 1274 2050 omittit
1292 2015 1335 2051 se-

179 2087 268 2138 quens
287 2075 323 2121 et.
359 2071 413 2121 Pro
438 2071 559 2122 alterius
588 2070 674 2122 etiam
696 2088 769 2120 unus
794 2071 844 2123 Ox.
871 2069 979 2133 alteris,
1007 2070 1079 2121 alius
1101 2085 1170 2121 mox
1193 2075 1335 2137 comperta

177 2156 230 2211 pro
250 2146 419 2208 comparata,
437 2140 521 2192 Vind.
544 2146 567 2196 l.
588 2147 748 2209 comparata
765 2141 842 2192 ratio
862 2147 908 2192 est.
947 2142 1006 2193 Mr.
1172 2205 1176 2208 ι

249 2210 306 2264 Hic
328 2217 369 2262 eat
395 2211 444 2263 itte
465 2212 635 2274 moderatas,
664 2208 709 2262 bic
732 2209 837 2276 tortis]
876 2210 958 2263 Conf.
978 2209 1189 2280 Wyttenbach.
1215 2208 1251 2263 ad
1267 2210 1335 2264 Plu·

178 2281 271 2335 tarch.
298 2281 396 2334 Moral.
422 2299 450 2351 p.
472 2287 531 2336 111.
550 2301 578 2352 p,
599 2285 642 2338 69.
670 2281 712 2332 ed.
739 2281 814 2350 Lips.
839 2280 873 2332 Τ.
894 2281 917 2336 1.
943 2280 1013 2350 ibiq.
1034 2282 1121 2333 Isocr.
1147 2279 1269 2334 Admau.
1299 2282 1334 2334 ad

177 2351 327 2406 Demonic.
346 2371 374 2422 p.
397 2356 446 2408 13.›
460 2354 501 2405 ed.
522 2355 611 2426 hang.
648 2352 759 2404 Habent
778 2352 920 2404 modestus
936 2368 990 2421 pro
1008 2353 1168 2413 moderatas
1190 2371 1264 2404 unus
1284 2354 1332 2406 Ox.

178 2424 262 2483 Vind.
285 2427 309 2477 1.
334 2427 408 2476 Mon.
431 2427 454 2477 1.
482 2425 535 2476 Ed.
556 2427 602 2487 P.;
631 2423 703 2475 alius
727 2423 776 2475 Ox.
805 2423 976 2475 moderator.
1014 2423 1050 2474 ln
1074 2440 1151 2492 seqq.
1178 2440 1278 2477 rursus
1303 2424 1334 2476 in

179 2511 279 2547 errore
313 2497 491 2546 conveniunt
517 2494 604 2548 Codd.
629 2495 669 2545 Re
693 2533 698 2544 .
726 2503 755 2548 et
780 2493 854 2546 Gud.
883 2497 906 2547 1.
934 2492 1103 2546 exhibentes
1126 2495 1351 2549 candentibus:

178 2566 267 2623 Recte
286 2564 411 2634 explicat
430 2565 595 2635 cadentibus
614 2511 698 2617 Laod.
719 2582 734 2616 a
754 2565 804 2629 Qu.
825 2564 1011 2618 morientibus.
1050 2563 1093 2617 Ad
1115 2583 1199 2617 usum
1221 2584 1250 2618 v.
1271 2581 1334 2618 cam

181 2663 214 2695 -,-
234 2642 301 2702 tam,
328 2652 509 2704 nequaquam
531 2653 596 2688 cum
620 2652 647 2685 v.
673 2642 729 2687 tum
757 2663 787 2671 -
813 2641 871 2688 tarn
894 2637 1137 2701 confundendum,
1160 2636 1227 2689 vide
1255 2653 1332 2688 nunc

180 2705 287 2776 optime
305 2705 533 2775 praecipientem
551 2707 582 2758 R.
605 2704 811 2778 Stuerenburg.
831 2707 866 2758 ad
884 2706 943 2759 Cic.
963 2706 1113 2777 proArch.
1134 2725 1162 2775 p.
1173 2707 1330 2775 tae—18⁰.

178 2779 245 2830 Mox
269 2775 335 2840 Qod.
361 2775 445 2830 Vind.
470 2781 495 2832 l.
520 2775 637 2845 reliquis
661 2775 904 2832 incommodis.
947 2780 1013 2830 Post
1035 2777 1148 2844 parebit
1177 2774 1233 2830 dno
1260 2777 1332 2830 Oxx.

178 2848 320 2903 omittunt
339 2853 372 2899 et.
410 2847 480 2899 Inde
498 2848 617 2900 fortasse
635 2848 777 2916 quispiam
794 2848 916 2901 verbum
940 2847 1058 2912 obediet,
1086 2857 1119 2899 ut
1143 2849 1275 2923 glossam,
1304 2849 1336 2900 in

179 2919 372 2990 suspicionem
389 2927 483 2984 vocet,
501 2917 673 2987 praesertim
694 2936 760 2970 curn
779 2918 811 2970 in
830 2919 949 2971 Graecis
969 2921 1055 2971 etiam
1078 2934 1135 2970 uno
1153 2919 1241 2989 verbo
1260 2919 1337 2971 dica-

178 2999 229 3043 tur
247 2994 376 3043 πείσεται.
414 2989 469 3042 Sed
488 2997 517 3040 et
534 2989 673 3057 pessimae
700 2997 782 3040 notae
809 2998 874 3041 sunt
903 2989 951 3041 illi
971 2991 1143 3043 Oxonienses
1168 2988 1213 3055 (E,
1232 2986 1290 3055 ξ),Δ
1307 2998 1336 3042 et

180 3061 251 3114 alibi
271 3078 385 3128 quoque
402 3069 561 3128 utrumque
580 3059 700 3111 verbum
723 3060 820 3182 iunqit
838 3061 949 3126 Cicero,
977 3061 1071 3112 veluti
1093 3060 1135 3112 De
1153 3061 1191 3114 N.
1211 3061 1245 3114 D.
1265 3061 1288 3112 Ι.
1309 3063 1334 3115 8.

180 3135 228 3188 19:
256 3131 370 3183 obedire
384 3137 419 3182 -et
442 3145 546 3198 parere
574 3130 709 3183 uoluntati
734 3147 782 3184 arc
801 3130 892 3196 itecti,·
919 3132 969 3183 vel
986 3132 1074 3184 verbo
1094 3127 1218 3200 parendi
1242 3132 1336 3184 simile

180 3202 321 3284 adiungit,
347 3210 381 3252 ut
403 3200 529 3270 Philipp.
556 3201 619 3254 Vll.
640 3205 671 3254 l:
701 3208 731 3253 at
755 3209 870 3270 pareret
895 3209 920 3254 et
945 3202 1018 3255 dicto
1043 3203 1158 3255 audiens
1184 3210 1256 3265 esset
1273 3199 1336 3256 baia

181 3275 293 3344 ordinm
312 3289 397 3343 supra
414 3271 499 3326 Tusa.
519 3271 565 3325 11.·
578 3275 605 3326 4.
627 3276 675 3328 ll:
695 3274 742 3342 qni
760 3273 926 3340 obtemperet
944 3272 1004 3340 ipse
1023 3272 1079 3326 tibi
1097 3279 1122 3325 et
1140 3271 1260 3326 decretis
1276 3273 1337 3327 anis

178 3350 297 3416 pareat,
317 3343 363 3395 Or.
382 3358 435 3411 pro
454 3342 548 3394 Plano.
568 3345 612 3408 39,
631 3345 679 3412 94².
701 3359 761 3395 cam
779 3349 941 3410 tempestate
956 3360 1077 3412 pugnem
1091 3371 1124 3381 -—
1134 3343 1235 3411 potius,
1256 3359 1337 3413 qaam
1384 3395 1392 3399 .

159 3416 230 3470 tta
249 3447 282 3458 —
302 3414 482 3481 obtemperem
509 3420 536 3466 et
559 3430 683 3482 paream.
720 3414 761 3466 De
790 3413 843 3466 Off.
864 3414 887 3481 l.
916 3417 959 3470 29.
980 3418 1045 3469 1⁰2:
1075 3424 1118 3468 est
1141 3415 1250 3468 rationi
1276 3415 1338 3468 obe·

182 3488 270 3554 dicat,
289 3494 327 3550 et,
346 3484 635 3558 paucis-interiectis,
655 3482 762 3539 rationi
777 3491 888 3553 parent.
925 3486 985 3538 Mr.
1225 3504 1229 3512 ¹

252 3575 346 3640 Neque
365 3575 437 3627 enim
455 3572 604 3626 laetabitur
623 3572 691 3638 cet]
730 3574 854 3626 Initium
872 3583 915 3626 est
932 3573 988 3626 hoc
1007 3575 1128 3626 duorum
1147 3575 1336 3639 senariorum,

182 3661 263 3715 quos,
289 3654 322 3697 ut
340 3645 454 3697 facilius
477 3645 668 3697 animadverti
693 3652 722 3697 et
746 3644 886 3719 distingui
909 3646 1028 3714 possint,
1053 3645 1208 3714 separatim
1235 3645 1338 3715 impri-

183 3717 298 3769 mendos
317 3717 480 3768 curavimus
500 3717 565 3782 [sim
600 3731 601 3734 ’

347 3787 441 3855 Neque
460 3787 535 3840 enirn
553 3787 707 3840 laetabitur
725 3803 855 3857 anquam,
875 3803 923 3839 nec
941 3786 1077 3840 maerebit
1095 3786 1191 3854 ninrr's,

349 3860 426 3914 Quod
443 3875 551 3926 semper·
568 3860 599 3912 in
617 3874 647 3910 se
665 3861 726 3926 ipso
745 3876 851 3912 omnem
868 3875 944 3925 spem
962 3865 1075 3926 reponet
1094 3858 1159 3924 sat]

181 3933 251 3984 Fuit
270 3932 349 3984 enim
365 3931 441 3990 haec,
457 3931 600 3982 sententia
618 3938 700 3983 vetus
720 3930 797 3994 (nam
815 3938 847 3981 ut
858 3930 1045 3998 proverbium
1063 3929 1232 3995 ferebatur),
1254 3949 1339 4000 quam

181 4004 260 4055 Plato
274 4003 328 4061 ,hic
348 4001 474 4067 adduxit,
495 4009 524 4054 et
542 4001 670 4053 numeris
690 4001 975 4071 comprehensaerat:
995 4001 1116 4069 ideoque
1136 4001 1237 4053 Cicero
1251 4002 1339 4054 etiam

180 4075 303 4128 totidem
320 4072 471 4126 uersiculis
491 4089 553 4123 eam
573 4071 722 4140 expressit.
754 4076 914 4141 Παροιμίαν
932 4080 1028 4124 autem
1047 4073 1147 4125 Cicero
1163 4077 1340 4140 praeceptam

181 4146 389 4215 interpretatus
413 4152 464 4196 est.
503 4143 552 4195 sic
577 4143 656 4194 enim
680 4151 722 4195 est
745 4145 820 4213 apud
842 4143 1004 4196 Platonem:
1030 4145 1154 4197 πείσεται
1179 4149 1215 4210 τῇ
1230 4160 1340 4215 ’παροι-

180 4220 246 4285 μίᾳ·
271 4210 336 4268 orire
358 4210 411 4282 γὰρ
430 4218 542 4284 χαίρων
568 4215 632 4268 οὔτε
657 4209 832 4286 λυπούμενος
855 4215 928 4284 ἄγαν
948 4211 1110 4282 φανήσεται,
1139 4213 1184 4265 deci
1214 4215 1245 4267 τὸ
1266 4210 1340 4281 αὐτῷ

181 4285 354 4339 πεποιθέναι.
393 4285 449 4338 Sed
466 4302 561 4355 neque
581 4287 612 4336 in
631 4287 741 4340 Graeco
760 4287 887 4340 Platonis
907 4286 1011 4338 Codice
1041 4285 1170 4337 distincti
1189 4293 1268 4351 sunt,
1291 4290 1341 4337 aut

181 4357 279 4427 aliqua
298 4365 365 4410 nota
384 4354 516 4409 indicati:
538 4357 667 4410 numeris
685 4366 797 4411 tantum
817 4359 894 4410 etin
914 4358 1023 4409 Graeco
1047 4365 1075 4409 et
1102 4358 1133 4408 in
1150 4357 1256 4410 Latino
1283 4374 1342 4409 sen-

182 4444 267 4483 mone
283 4440 384 4482 versus
404 4443 472 4494 esse,
500 4428 551 4498 qui
578 4439 764 4499 praeceptum
790 4429 865 4481 illud
888 4428 1083 4492 continebant,
1112 4425 1342 4481 declarabatur.“
