2856 5084
361 277 710 346 eumunrlouus
732 280 793 344 uu
815 252 989 344 munau
1009 280 1070 344 1v.
1236 281 1298 350 sse

144 462 217 518 puae
233 447 317 521 legis,
337 445 414 517 'nihil
433 456 474 499 est
492 437 549 516 quo
568 447 621 498 Ira
639 444 791 499 referatur.
824 440 901 503 lllud
918 457 989 500 vero
1010 445 1148 501 Quamdiu
1165 445 1298 516 ineptum

144 528 201 586 est3
230 522 337 588 quippe
356 516 402 570 Ira
420 533 534 588 semper
556 518 706 587 perturbat
723 519 861 581 animum,
888 516 1064 586 usquedum
1083 517 1114 567 in
1132 518 1227 570 animo
1246 527 1297 584 est,

142 599 176 641 ut
203 590 299 640 nullus
322 588 401 640 locus
425 590 462 640 sit
480 595 524 653 ‘rai
551 588 697 643 Quamdiu.
734 588 829 641 Codex
854 595 919 639 tuus
946 596 1029 640 notae
1054 589 1186 656 optimae,
1212 591 1297 656 Quae,

143 675 224 727 quum
243 660 306 712 dia:
327 661 358 709 in
378 660 522 712 Gebhardi
541 676 611 712 vero
630 660 727 712 codiee
747 674 813 728 quae
830 659 916 711 abest.
955 661 1034 742 Ergo
1054 675 1090 710 ex
1113 667 1237 728 utroque
1256 661 1298 713 sie

143 732 217 804 lege,
243 731 295 781 ira
314 746 388 793 uera,
419 747 514 798 quara
539 730 600 782 diu
620 731 766 797 perturbat
786 729 916 795 animum,
945 729 1139 782 dubitationem
1166 731 1298 784 insaniat

142 818 196 857 aaa
221 798 310 853 tutet.
352 801 436 853 Nihil
465 802 579 855 clarius.
622 802 668 853 lra
693 801 770 853 enim
795 818 850 870 per
876 818 905 853 se
929 801 1022 853 breuis
1048 801 1134 865 furor
1152 801 1298 866 definitur,

143 871 236 925 brevis
257 870 377 937 insama,
406 871 517 925 initium
535 871 677 925 insaniae:
710 873 789 946 Ergo
814 872 867 936 ira,
892 872 917 922 si
942 872 1078 924 diuturna
1098 879 1151 937 est,
1179 873 1239 942 ipsa
1258 880 1300 925 est

143 961 260 996 insama.

201 1013 272 1067 lbid.
310 1016 379 1068 Quis
400 1008 480 1066 ieme
499 1020 526 1066 te
545 1011 727 1082 exsuperavit
743 1029 872 1081 umquam
890 1012 1015 1084 gentium
1035 1011 1230 1082 impudentia?

312 1085 380 1140 Quis
402 1092 492 1136 autem
517 1084 631 1138 malitia
653 1084 720 1150 tet]

143 1154 298 1209 Trochaiei
317 1165 390 1219 sunt,
412 1165 440 1207 et
459 1157 547 1207 metri
566 1156 653 1223 ipsius
672 1156 759 1208 ductu
777 1155 871 1207 facilis
891 1163 931 1208 est
951 1155 1119 1208 emendatio.
1156 1156 1211 1209 Sed
1229 1157 1300 1225 quid

145 1235 189 1279 est
208 1227 282 1278 illud
303 1225 604 1294 Umquamegeatiura?
642 1226 710 1291 Quis
728 1243 865 1295 umquam
882 1227 922 1279 ita
939 1226 1053 1278 locutus
1072 1231 1132 1278 est?
1163 1227 1300 1296 Umquam

145 1298 224 1348 enim
241 1297 275 1349 ad
293 1307 407 1366 tempus
427 1305 545 1368 spectat,
572 1297 696 1364 gentium
714 1297 749 1350 ad
766 1297 877 1350 locum:
911 1313 983 1366 quae
1002 1296 1057 1350 duo
1080 1305 1147 1350 sunt
1167 1298 1300 1352 dissocia*
1353 1322 1357 1328 ’

111 1369 224 1421 vhilia.
262 1370 338 1441 Lege
357 1375 449 1419 totum
468 1368 575 1431 lacum,
1256 1418 1263 1431 ἢ

310 1440 343 1493 Α.
371 1439 424 1503 Qui
443 1437 521 1492 ioruo
540 1445 567 1491 te
585 1439 763 1505 exsuperavit
777 1453 924 1509 usquam
940 1438 1066 1508 gratiam
1084 1439 1282 1509 impudentia?

311 1513 347 1562 M.
368 1511 422 1565 Qut
441 1517 532 1562 autem
554 1509 665 1562 malitia
684 1509 731 1561 te?
752 1535 784 1545 —

143 1581 259 1632 Plautus
281 1581 406 1634 Poenulo
425 1583 473 1644 lV,
493 1583 518 1634 2.
1144 1629 1145 1638 ,

309 1651 400 1717 Neque
417 1651 569 1718 periurior,
590 1667 674 1720 aeque
689 1653 771 1720 peior
789 1651 865 1703 atter
882 1660 1000 1719 usquam
1019 1656 1061 1703 est
1077 1651 1227 1718 gentium,‘

145 1729 175 1774 et
192 1723 329 1775 Pseudolo
355 1725 377 1787 l,
400 1728 422 1776 l.

310 1793 403 1860 Neque
420 1792 467 1845 cui
484 1793 597 1846 libellas
615 1807 677 1859 spes
694 1794 732 1846 sit
754 1808 874 1862 usquam
892 1790 1032 1865 gentium.
1086 1793 1088 1796 ’

144 1862 194 1915 Sic
213 1879 347 1930 nusquam
365 1865 497 1928 gratiam,
521 1864 723 1927 irrigantium,
750 1864 863 1933 passim.
933 1861 937 1871 “

202 1934 273 1987 Ibid.
313 1937 387 1989 Quae
408 1937 502 2001 igitur
520 1933 572 1987 iae
591 1940 673 1986 eruut
690 1934 798 1986 metes?
818 1932 887 1985 uadi
908 1930 1050 2000 Tipestsm
1068 1936 1172 2002 ipsumr

309 2007 415 2073 Impius
433 2003 558 2057 hortatur
576 2021 619 2056 rue
636 2006 738 2070 irater,
762 2010 793 2056 ut
811 2018 885 2057 meos
903 2003 988 2054 matis
1004 2004 1088 2057 miser
1226 2003 1229 2008 ’

310 2077 478 2128 Maudarerre
501 2083 590 2129 uates.

144 2147 249 2198 Eorum
276 2149 387 2199 uiscera
415 2150 542 2215 apponit.-
573 2147 639 2213 quid
657 2146 729 2198 euim
748 2151 798 2211 est,
827 2161 880 2213 quo
902 2159 956 2198 aaa
974 2148 1180 2215 progrediatur
1203 2148 1298 2201 eadem

142 2216 199 2282 ira,
220 2235 269 2286 quo
288 2218 413 2282 iurari]
450 2219 538 2270 Multa
562 2218 611 2269 hic
629 2219 741 2269 medica
759 2234 845 2268 manu
864 2217 1007 2289 indigeritt
1037 2219 1108 2286 quid
1126 2219 1210 2271 enim'
1223 2219 1298 2272 illud

143 2285 196 2341 itae
215 2294 294 2341 erunt
315 2289 423 2341 moles?
459 2291 533 2341 Nam
552 2306 617 2340 curn
637 2289 719 2339 Atrei
736 2288 824 2338 rerba
847 2288 967 2352 tuerint,
993 2289 1093 2364 Maior
1110 2289 1181 2342 miii
1199 2291 1297 2354 mates3

143 2359 298 2411 dicendum
319 2362 420 2428 utique
439 2360 544 2421 fuerat,
565 2361 638 2414 Qruae
657 2361 749 2426 igitur
765 2356 833 2409 daec
851 2356 907 2410 erit
925 2359 1025 2423 aeoles3
1052 2361 1127 2428 quod
1145 2361 1298 2413 Lambinus
1385 2413 1398 2431 b

143 2431 222 2482 dedit
249 2447 284 2482 ex
308 2432 482 2486 coniectura.
521 2429 576 2482 Sed
600 2430 657 2482 alio
679 2446 729 2482 nos
756 2429 866 2480 ducunt
885 2429 1070 2498 exemplaria,
1100 2448 1224 2501 quorum
1242 2433 1299 2495 alia

143 2501 259 2566 habent,
289 2519 340 2570 quo
365 2501 459 2568 igitur
481 2498 531 2552 liae
550 2508 629 2553 eruat
647 2501 742 2565 moles,
771 2499 826 2551 alia
844 2515 897 2568 qus
914 2500 1006 2566 igitur
1028 2498 1096 2553 tara
1112 2505 1185 2557 'eruit
1203 2506 1296 2557 uates

143 2575 222 2646 Lege
240 2586 328 2641 parre
346 2573 513 2636 variatione,
545 2575 602 2628 Quo
627 2572 720 2639 igitur
744 2568 828 2624 iaec
854 2573 971 2639 erupit
989 2573 1095 2625 metes?
1132 2574 1299 2626 Certissima

143 2643 216 2710 haec
235 2644 395 2695 emendatio
415 2652 465 2695 est.
503 2645 547 2695 lta
564 2644 667 2713 passim
686 2643 788 2695 Cicero
807 2642 928 2710 aliique:
948 2642 1041 2710 Epist.
1062 2643 1096 2695 ad
1106 2643 1200 2709 Quint.
1219 2647 1297 2697 Frate

143 2717 182 2779 11,
210 2716 252 2768 15·
290 2713 342 2768 Sia
369 2714 474 2782 aliquis
498 2721 617 2782 erumpet
640 2713 758 2767 unientis
784 2711 906 2764 dominis
932 2713 1026 2778 furor:
1061 2715 1103 2765 sic
1131 2723 1159 2767 et
1187 2716 1298 2780 dieunt,

145 2800 286 2852 erumpere
303 2786 332 2837 in
351 2802 429 2839 aurae
447 2801 535 2850 genus
553 2786 744 2849 crudelitatis,·
774 2783 805 2835 iu
825 2776 980 2854 perniciem
1001 2785 1140 2852 publicaue
1159 2796 1212 2839 etc.
1250 2787 1300 2840 Se*

144 2857 264 2926 quentia
282 2865 376 2907 autem
395 2858 436 2907 sio
454 2856 520 2978 ¹⁹5?
539 2866 568 2908 et
586 2857 695 2930 digero,
1145 2901 1147 2905 .

310 2928 411 2992 Impius
429 2944 474 2979 me
516 2929 619 2979 ortatu'
637 2928 737 2990 irater,
760 2929 791 2976 ut
807 2940 882 2976 meos
899 2925 985 2978 malis
1002 2927 1097 2980 miserv

311 2999 472 3050 Manderem
492 3003 582 3063 natos,
602 3014 697 3051 eorum
714 2996 825 3049 uiscera
843 2997 961 3062 apponit.
982 3026 1015 3038 -

145 3069 308 3124 Posteriora
328 3069 404 3120 enim
425 3069 475 3119 illa
494 3078 560 3119 sunt
583 3077 682 3138 poetae
700 3067 797 3131 rerba,
825 3083 882 3118 non
901 3066 1059 3119 Ciceronis.
1096 3069 1233 3121 Hortatur
1250 3087 1300 3122 au-

144 3149 205 3193 tem
224 3140 300 3213 lego,
328 3155 385 3191 non
409 3137 537 3191 hortatur
559 3146 588 3190 ut
615 3140 787 3201 manderem3
815 3137 892 3206 quod
916 3138 950 3190 ob
969 3145 1133 3207 temporum
1158 3143 1300 3194 rationem
1333 3208 1334 3211 Ἴ

143 3223 310 3283 perversam
330 3228 364 3261 ne
383 3212 518 3262 Latinum
538 3211 652 3278 quidem
672 3218 722 3262 est.

217 3283 287 3335 Ibid.
326 3281 379 3334 His
397 3290 491 3332 autem
515 3279 691 3334 subtrahendi
716 3285 779 3332 suut
805 3276 847 3341 ei]
883 3278 1001 3330 Nollem
1030 3287 1059 3330 te
1076 3279 1128 3332 hio
1145 3281 1301 3334 deseruisse

146 3351 338 3418 Gebhardum,
359 3353 410 3421 qui
430 3370 465 3403 ex
473 3353 603 3404 Victoria
623 3360 651 3403 et
670 3351 785 3421 scriptis
801 3349 936 3400 Palatinis
955 3357 1034 3402 recte
1053 3350 1132 3402 dedit
1151 3359 1223 3418 tut,
1243 3366 1300 3405 non

145 3430 245 3475 autem.
283 3423 362 3487 Quod
386 3424 445 3492 ipsa
469 3424 608 3475 orationis
633 3423 721 3473 series
746 3420 872 3473 ostendit
898 3420 988 3489 probe
1006 3421 1116 3472 iaetu‘m
1135 3440 1210 3476 esse:
1244 3431 1301 3476 aut

145 3492 326 3548 subtrahendi
344 3501 407 3546 saut
426 3494 453 3547 ei
471 3527 502 3535 -
523 3501 581 3545 aut
605 3493 731 3560 rogandi
753 3490 914 3558 orandique.

217 3566 282 3633 Cap.
304 3566 347 3618 37.
384 3564 428 3616 Ab
458 3565 518 3633 ipsa
545 3570 633 3617 autern
660 3564 777 3617 Sacrate
803 3562 972 3624 sublevatum,-
993 3563 1041 3630 peti
1066 3561 1120 3630 illa
1137 3563 1194 3618 sibi
1210 3565 1234 3616 si
1256 3585 1301 3632 ua,

145 3637 197 3689 sed
214 3637 324 3688 ratione
348 3649 365 3686 a
385 3649 415 3688 se
440 3637 546 3688 deiecta
571 3635 699 3699 diceret]
738 3633 810 3698 Quid
829 3634 914 3698 sigua
932 3630 982 3683 hle
1001 3633 1098 3700 faeiat,-
1124 3653 1186 3688 non>
1200 3583 1300 3690 videa:

146 3715 176 3759 et
193 3705 282 3775 probo
302 3705 498 3757 coniecturam
518 3706 671 3770 cuiusdam,
697 3720 783 3774 quam
803 3703 970 3755 Gebhardus
994 3715 1145 3771 memorat,
1173 3707 1227 3761 itta
1246 3709 1303 3763 stat

145 3776 331 3843 ingenitas
366 3776 422 3826 nisi
445 3779 521 3828 forte
540 3777 643 3829 ‘mavis
675 3775 797 3828 insita
824 3773 872 3825 vel
902 3776 1034 3827 inuata.
1081 3777 1167 3829 Certe
1193 3779 1303 3848 aliquid

144 3844 309 3900 huiusmodi
333 3845 370 3897 sit
395 3862 505 3899 necesse
526 3855 577 3902 est.
1073 3911 1075 3914 Α

218 3917 285 3986 Cap·
305 3918 348 3971 38·
385 3915 441 3969 Sea
468 3924 494 3968 et
521 3915 714 3984 aegritudiuis
730 3921 758 3966 et
781 3914 953 3983 reliquerunt
969 3916 1060 3968 artati
1077 3918 1303 3972 repraesumere

146 3990 257 4042 sanatio
275 3994 325 4052 est,
345 4003 439 4039 amnes
457 3987 611 4055 opinabiles
622 4002 680 4038 esse
698 3991 725 4038 et
739 3987 924 4047 uoluntarius
943 3995 1032 4052 eaque
1051 3997 1084 4038 re
1103 3990 1215 4055 surripi,
1234 3991 1304 4056 quoti
1343 3991 1347 3999 '

146 4064 189 4115 ita
208 4065 313 4112 rectum
331 4075 391 4110 esse
409 4058 543 4112 rideatur.
581 4058 660 4108 Hune
679 4067 806 4108 errorem
824 4056 903 4123 quusi
926 4056 1055 4108 radietas
1081 4061 1200 4111 saraiam
1217 4061 1304 4112 mutu

147 4145 210 4183 ruas
227 4130 357 4198 stirpitus
372 4126 548 4197 philosophia
566 4123 596 4180 s'e
615 4131 803 4180 extracturam
819 4126 988 4192 palliastri]
1025 4129 1078 4178 Pro
1101 4135 1130 4180 et
1146 4132 1304 4183 manuscri-

147 4210 214 4273 ptus
232 4211 298 4253 tuus
317 4202 451 4271 optimus,
471 4199 557 4255 Quia:
577 4199 680 4250 melius
697 4199 837 4266 profecto,
858 4205 887 4248 et
904 4196 1067 4270 rotundius:
1082 4196 1111 4248 'sl
1130 4202 1304 4253 seutentiam

148 4280 229 4325 reete
247 4272 446 4346 interpungas.
485 4271 540 4324 Sed
558 4270 626 4338 quia
644 4267 835 4334 aegritudinis
853 4273 878 4318 et
903 4270 1073 4335 reliquerint
1091 4271 1179 4323 uranei
1195 4272 1304 4326 morde·-

149 4355 211 4396 rem
228 4357 283 4394 arra
301 4347 410 4397 sanatio
431 4350 479 4408 est,
509 4353 601 4395 omues
623 4338 779 4406 opinabiles
806 4351 867 4389 esse
891 4345 918 4390 et
936 4338 1122 4406 uoluntariam
1156 4346 1188 4394 ee
1214 4350 1303 4412 reque

149 4413 266 4482 suatps',
294 4416 363 4481 quod
388 4417 430 4468 ita
454 4421 553 4468 rectam
573 4425 634 4466 esse
655 4406 799 4463 uideaiurr
825 4407 894 4462 duae
919 4421 1053 4475 errorem,
1081 4411 1304 4480 quadrationis

1013 4517 1077 4580 22*
