2856 5084
210 301 270 366 130
410 296 639 361 CICERONIS
660 294 910 360 TUSCULAN.
931 295 1163 391 DlSPUTAT.

211 467 274 540 sits
303 473 343 528 ut
367 460 578 545 impenderet
597 464 692 524 illius
714 464 804 526 beati
826 463 1026 526 cervicibus.
1070 454 1188 543 Itaque
1210 479 1272 523 nec
1293 463 1369 545 pul·
1401 493 1404 501 ·

161 555 188 607 b.
211 548 311 609 chres
322 549 395 609 illos
406 549 653 609 ministratores
666 548 856 630 aspiciebat,
866 565 927 609 nec
939 548 1073 628 plenum
1085 548 1168 606 artis
1179 552 1367 635 argentum,

208 739 249 787 sic
267 743 310 788 est
332 735 363 787 in
389 735 465 788 libro
490 753 576 787 manu
594 724 714 805 scripto]
739 735 842 786 verum
865 735 961 800 etiam,
994 735 1061 804 quia
1078 734 1189 787 Nonius
1213 735 1366 788 Marcellus

207 807 249 859 ita
274 807 357 880 legit.
404 805 447 860 Ad
473 807 548 859 hanc
575 814 671 859 autem
698 805 850 858 historiam
874 806 1004 877 pertinet
1030 804 1105 857 illud
1130 806 1244 858 Horatii
1267 806 1317 877 lib.
1337 809 1365 862 3.

207 877 343 944 (lartum,
362 877 412 930 od.
434 882 464 933 l:
937 911 940 916 -
1290 880 1293 889 '

372 948 525 1002 Districtns
545 948 685 1002 emiseni
703 963 787 1015 snper
804 948 892 1015 impio

301 1046 303 1051 ·
338 1048 350 1055 ··
373 1020 487 1074 Get-vice
502 1021 610 1086 pendet,
638 1036 692 1072 non
712 1019 824 1072 Siculae
845 1020 932 1089 dapes

234 1136 239 1146 .
387 1146 395 1152 ,
421 1091 557 1144 -Duicem
576 1091 756 1143 elaborabant
772 1088 937 1158 soporem.“
957 1115 991 1126 -
1027 1088 1090 1141 Fre.
1110 1088 1195 1141 Febr.

159 1192 161 1201 2
276 1163 342 1218 Seia
366 1164 468 1234 equina
493 1160 610 1232 aptum]
643 1162 752 1214 Eliens.
781 1179 837 1215 sec.
864 1162 990 1214 Petrens.
1017 1159 1085 1213 Bais.
1110 1159 1224 1212 Balliol.
1254 1161 1365 1231 aliique

204 1233 293 1287 mrnlti
312 1234 431 1288 Codices
449 1250 605 1303 appennim.
632 1233 674 1285 Ea
693 1233 809 1302 quidem
827 1233 916 1285 lectio
936 1230 1107 1285 Glossemati
1126 1229 1255 1296 debetur,
1275 1232 1365 1301 siqui-

204 1306 270 1359 dem
292 1315 439 1376 receptam
463 1314 558 1357 servat
576 1303 688 1356 Nonius
714 1305 746 1355 in
764 1310 867 1374 aptam,
895 1311 927 1354 ut
946 1312 975 1354 et
993 1303 1063 1376 ch.
1083 1301 1153 1357 Pell.
1178 1311 1247 1354 tert.
1268 1311 1362 1373 quart.

203 1376 316 1429 Fabric.
337 1386 367 1429 et
385 1377 513 1429 Vatican.
552 1374 589 1427 D.
969 1400 973 1407 ·
997 1396 999 1400 ⁷
1093 1413 1096 1417 ⁷
1224 1408 1227 1413 ·
1380 1424 1383 1428 .

275 1448 428 1515 fulgentem
447 1448 480 1485 -'-
499 1445 616 1513 optumi
639 1445 707 1498 God.
733 1445 819 1498 Vind.
840 1447 865 1500 2.
891 1444 1001 1497 omittit
1028 1444 1113 1497 verba
1138 1460 1154 1497 a
1179 1445 1311 1498 lacunari
1324 1455 1364 1499 -et

203 1525 305 1586 aptum.
335 1518 501 1584 „scribitur
517 1517 606 1590 vulgo
625 1531 773 1584 appensum
792 1514 827 1570 ex
867 1517 940 1569 lossa
958 1516 1064 1585 inepta.
1096 1514 1151 1568 Sed
1169 1522 1266 1584 aptam
1283 1516 1361 1569 dedit

203 1598 270 1642 ante
288 1606 338 1641 nos
348 1590 495 1643 Victorius
515 1606 581 1641 cum
590 1589 719 1640 Larnbin.
740 1534 881 1663 quornoio
900 1596 930 1640 et
941 1586 1060 1650 Palatio,
1081 1594 1149 1639 tert.
1169 1582 1262 1656 quart.
1277 1586 1359 1640 Febr.

201 1661 334 1713 vatican.
354 1669 383 1712 et
402 1661 443 1712 sic
461 1676 576 1730 quoque
595 1659 670 1711 citat·
682 1659 761 1711 hunc
779 1660 876 1711 locum
893 1658 925 1709 in
943 1674 993 1710 suo
1011 1657 1189 1710 Dictionario
1215 1676 1266 1711 seu
1283 1657 1361 1711 'lhe-

203 1747 285 1784 sauro
312 1732 441 1806 Linguae
470 1731 589 1782 Latinae
619 1731 758 1782 Venetiis·
783 1730 922 1799 impresso
951 1727 1040 1781 Aldus
1073 1725 1250 1780 Manutius.“
1276 1727 1359 1782 Gett.

202 1803 327 1870 „Aptnm
350 1802 513 1865 Lambinus,
542 1818 577 1853 ex
604 1801 698 1853 veteri
728 1801 872 1870 scriptura
894 1797 1023 1869 ociumf‘
1048 1796 1126 1857 Goth.
1165 1799 1290 1865 ,‚Actnm
1307 1817 1361 1872 pso

203 1876 351 1942 appensam
369 1874 462 1925 estin
479 1880 579 1925 vetere
597 1871 673 1924 libro
697 1889 785 1923 manu
802 1871 922 1939 scripto,
946 1879 980 1923 ut
998 1869 1116 1922 dubium
1139 1871 1262 1936 nonsit,
1290 1873 1362 1942 quin
1423 1899 1426 1902 ·

202 1949 298 2013 aptam
315 1944 376 2016 legi
395 1943 527 1997 debeat.“
541 1941 646 1996 Ursin.
683 1942 809 2010 „Aptum
825 1958 879 2012 pro
894 1957 1054 2011 appensum,
1073 1957 1132 1994 non
1149 1942 1244 1994 minus
1262 1936 1362 2012 aptum

200 2012 273 2067 huic'
295 2015 359 2068 loco
384 2015 515 2080 verbum,
549 2013 678 2084 Gryphii
703 2012 852 2082 exemplar
873 2013 967 2066 habet.
1004 2013 1086 2065 Hanc
1104 2021 1184 2065 certe
1204 2013 1362 2066 lectionem

95 2093 103 2100 '
201 2086 347 2138 Victorius
365 2095 465 2138 tuetur
484 2102 550 2137 cum
569 2085 602 2137 ab
620 2085 738 2158 ingenio
760 2084 813 2136 ille
833 2084 959 2153 quidem,
990 2083 1093 2150 studio,
1119 2083 1280 2138 eruditione
1306 2102 1361 2154 qua
1401 2081 1405 2086 ’

202 2157 323 2210 excellit
350 2156 578 2209 maximo‘inter
594 2172 708 2226 paucos,
735 2163 800 2207 tum
818 2172 833 2206 a
851 2164 984 2208 veterum
1008 2155 1150 2206 librorum
1169 2156 1260 2226 copia,
1291 2173 1360 2225 quos

204 2228 291 2303 longe
310 2229 434 2298 optimos
453 2227 581 2296 undique
595 2226 732 2279 collectos
749 2224 845 2291 habet,
864 2225 1136 2285 instructissimus.“
1154 2227 1235 2279 Brut.
1255 2227 1361 2296 Aptnm

202 2300 289 2354 etiam
307 2315 361 2368 pro
387 2314 537 2368 appensum
563 2307 728 2351 correctum
755 2305 797 2350 est
824 2297 856 2347 in
873 2297 926 2351 Ed.
946 2297 1016 2350 Ven.
1037 2294 1095 2348 ln.
1133 2298 1172 2350 Et
1189 2298 1296 2350 habent
1312 2315 1362 2350 ve-

202 2386 266 2423 ram
290 2370 447 2423 lectionem
475 2369 560 2425 Codd.
585 2370 655 2444 Reg.
681 2367 755 2421 Gud.
782 2373 807 2423 1.
832 2371 859 2424 2.
888 2367 976 2420 Marb.
1009 2368 1106 2421 Duisb.
1133 2366 1262 2438 quinque
1290 2369 1359 2423 Oxx.

202 2441 276 2493 Edd.
297 2441 373 2493 Crat.
395 2442 426 2492 in
444 2458 539 2517 inarg:
556 2441 589 2491 V.
608 2439 677 2493 Rob.
704 2438 803 2510 steph.
824 2439 917 2491 Gebh.
937 2456 1015 2509 seqq.
1054 2440 1088 2491 ln
1107 2443 1181 2492 Mon.
1202 2445 1226 2495 l.
1248 2441 1292 2492 est
1310 2456 1360 2508 up·

199 2509 375 2581 prehensum,
396 2513 428 2563 in
444 2511 568 2580 reliquis
579 2526 747 2578 appensum.
785 2508 893 2576 Simili,
916 2509 964 2562 sed
981 2510 1129 2576 translata,
1148 2509 1360 2584 significatione

202 2583 298 2633 utitur
316 2581 370 2633 illa
386 2598 458 2635 voce
477 2581 538 2634 Cic.
557 2583 655 2635 Pas-ad.
675 2585 702 2637 2.
723 2585 772 2636 lt:
801 2587 874 2634 totns
892 2586 974 2649 optus
997 2597 1031 2634 er
1054 2597 1128 2648 sese3
1157 2598 1243 2651 supra
1260 2584 1294 2632 V.
1317 2584 1359 2636 12.

202 2655 252 2707 36:
272 2650 321 2704 cni
338 2651 402 2706 ciro
421 2654 456 2705 e'n
473 2667 503 2704 se
518 2651 583 2720 ipso
602 2659 670 2722 apto
687 2659 750 2705 sunt
768 2655 874 2706 omnio:
895 2652 1014 2722 propria
1031 2661 1127 2704 autem
1136 2650 1194 2704 Cic.
1215 2650 1249 2703 de
1268 2653 1359 2705 Univ.

203 2726 233 2779 ὅτ
255 2723 361 2775 caelum
379 2725 421 2777 ita
447 2729 563 2791 aptum
582 2729 635 2788 est,
660 2731 764 2775 nicet.
786 2724 861 2777 Orat.
882 2727 923 2777 71.
944 2725 1013 2779 235:
1040 2721 1160 2786 facilins
1177 2728 1220 2773 est
1238 2751 1271 2763 -
1291 2728 1360 2789 opta

202 2794 366 2857 dissolvere,
395 2811 478 2864 qnam
505 2794 643 2862 dissipato
666 2800 833 2848 connectere.
862 2795 936 2846 Enn.
962 2793 1088 2865 ιαμ-(60.
1113 2792 1148 2845 de
1166 2790 1219 2846 Off.
1240 2792 1293 2848 111.
1314 2795 1359 2849 29.

201 2869 270 2922 lot:
301 2864 429 2919 OFr'des
453 2865 539 2930 nima,
566 2873 634 2932 opta
656 2865 753 2934 pinnis
779 2893 812 2903 -—
835 2866 853 2916 i.
879 2882 914 2929 e.‚
942 2873 976 2917 ut
1002 2865 1129 2936 explicat
1150 2863 1278 2927 Beierus‚
1312 2865 1360 2916 cui

202 2936 305 2990 affixae
331 2945 398 2988 sunt
421 2938 536 3007 pinnae,
567 2954 595 3007 p.
616 2939 677 2992 386.
720 2936 928 2990 Antecedentia
950 2935 981 2986 in
1009 2935 1078 2988 eod:
1104 2934 1177 2988 Gud.
1199 2939 1223 2989 l.
1254 2934 1361 3005 scripta

202 3017 269 3060 sunt
288 3009 495 3062 lacunarisaet
513 3007 652 3079 nequino,
671 3008 720 3060 sed
737 3023 752 3060 e
769 3025 855 3078 supra
872 3007 925 3058 tin.
944 3007 1101 3077 appictum,
1120 3014 1155 3058 ut
1173 3023 1189 3058 a
1205 3023 1250 3076 pr.
1262 3023 1301 3057 m.
1322 3006 1372 3057 sit

203 3079 364 3132 lncnnorin.
402 3079 479 3130 Tum
505 3078 595 3131 Rehd.
623 3079 790 3133 demittere.
819 3077 904 3131 Vind.
925 3082 949 3132 l.
983 3075 1111 3142 dimitti,
1141 3093 1208 3128 cum
1235 3077 1308 3130 Gud.
1332 3079 1359 3132 2.

202 3147 248 3201 Ad
275 3149 449 3205 sententiam
474 3150 511 3200 cf.
544 3149 701 3202 Gonsalum
731 3151 766 3203 de
790 3149 868 3203 Salas
895 3148 930 3201 ad
955 3151 1070 3204 Petron.
1100 3165 1128 3218 p.
1155 3151 1215 3203 166.
1245 3147 1359 3212 (Frcof.

203 3221 281 3342 lim
302 3219 341 3284 4.)
368 3219 420 3288 qui
445 3218 522 3271 liber
546 3229 575 3272 et
602 3237 683 3272 rarus
702 3228 743 3273 est
762 3228 791 3273 et
808 3220 990 3273 utilissimus.
1019 3219 1086 3273 (lod.
1108 3219 1182 3272 Gud.
1203 3222 1229 3275 2.
1250 3218 1361 3271 omittit

202 3289 216 3342 r'
227 3289 294 3343 line
332 3291 393 3344 Mr.
741 3303 743 3307 ’

216 3406 218 3417 ·
273 3385 305 3432 nt
324 3378 496 3449 impenderet
514 3377 592 3433 illins
610 3381 878 3446 linteaminibus]
914 3381 996 3432 Unus
1015 3378 1066 3432 Ox.
1091 3385 1122 3432 nt
1143 3377 1359 3447 impelleret.

202 3450 248 3504 Ad
266 3451 440 3504 sententiam
458 3449 599 3504 ironicam
616 3471 643 3503 v.
664 3453 738 3506 beati
756 3453 794 3507 cf.
814 3469 899 3522 supra
916 3452 950 3506 V.
963 3453 1005 3510 lt.
1018 3452 1062 3504 31.
1095 3449 1139 3503 Ad
1157 3469 1184 3502 v.
1204 3450 1361 3504 cervicibus

202 3522 369 3576 Beroaldus:
393 3519 537 3590 „Antiqui
547 3523 702 3592 pluraliter
720 3531 834 3577 tantum
852 3525 973 3577 cervices
991 3520 1139 3575 dicebantt
1158 3520 1270 3591 primus
1285 3521 1360 3574 Hor·
1395 3545 1403 3551 ·

202 3593 313 3657 tensius
332 3593 476 3645 cervicem
494 3593 684 3668 singulariter
701 3592 898 3648 enunciavit.“
919 3592 1009 3645 Docet
1026 3591 1099 3645 haec
1116 3593 1198 3649 Varr.
1219 3590 1254 3643 de
1272 3592 1304 3642 Ι..
1326 3593 1360 3645 L.

201 3663 267 3730 Vll.
287 3666 312 3719 4·
334 3672 363 3715 et
382 3663 429 3718 lx.
449 3665 476 3717 4.
498 3671 571 3716 extr.
593 3683 660 3717 cum
678 3664 914 3731 Quinctil..VIlI.
934 3667 961 3720 3.
998 3663 1087 3719 Docet
1104 3671 1198 3716 autem
1216 3662 1362 3716 Forcelli·

201 3751 264 3799 nus,
285 3734 352 3798 iam,
383 3742 448 3786 ante
474 3736 670 3800 Hortensium,
702 3735 859 3808 Pacuvium
884 3753 927 3811 ap.
948 3733 1042 3788 cicer.
1070 3735 1104 3787 de
1122 3734 1186 3786 Div.
1206 3734 1246 3786 11.
1265 3733 1311 3788 64.
1332 3741 1362 3786 et

187 3805 330 3869 *Ennium
349 3805 424 3876 apud
433 3804 513 3872 Serv.
533 3807 568 3859 ad
585 3806 655 3859 Aen.
667 3805 701 3858 X.
712 3809 773 3862 396.
793 3805 930 3861 cervicem
949 3805 1063 3873 dixisse.
1089 3805 1185 3858 Ceteri
1204 3802 1361 3875 scriptores

201 3875 351 3951 Singulari
370 3882 399 3930 et
417 3877 527 3930 Plurali
545 3879 706 3948 promiscue
725 3884 864 3930 utuntur:
891 3876 991 3930 Cicero
1010 3893 1124 3947 semper
1140 3875 1259 3928 Plurali.
1297 3876 1358 3929 Mr.

207 3969 213 3976 ·
271 3964 321 4000 nee
345 3945 477 4015 pulcinos
504 3946 882 4002 illcs'ministrotores
910 3945 1094 4017 aspiciebat]
1129 3948 1201 4014 „lta
1231 3946 1361 4015 quinque

199 4019 287 4071 Palat.
308 4019 392 4074 Fabr.
412 4020 503 4072 Vatic.
524 4019 647 4088 denique
666 4020 789 4090 Victorii
809 4018 905 4075 editio.
942 4013 1045 4077 Utitur
1067 4019 1123 4070 hoc
1140 4017 1281 4071 vocabulo
1302 4033 1362 4068 sae-

198 4089 264 4160 pius
282 4089 407 4141 Tullius.
444 4089 498 4141 Pro
526 4092 557 4145 Ι..
577 4091 683 4144 Flacco
707 4090 744 4155 [c.
764 4087 837 4156 22.]ἐ
869 4091 948 4144 Idem
972 4089 1017 4144 lic
1040 4087 1110 4143 milti
1128 4122 1161 4132 -
1181 4088 1260 4158 qnod
1277 4086 1362 4142 mini-

200 4166 306 4214 strator
325 4160 432 4214 oderat.
471 4160 551 4213 Idem
575 4161 612 4218 11.
638 4162 673 4214 de
702 4163 748 4216 Or.
769 4160 836 4228 [76]
865 4171 894 4215 et
921 4163 991 4216 alibi
1014 4161 1060 4227 [de
1080 4161 1126 4216 Or.
1146 4161 1169 4217 1.
1189 4161 1232 4215 45.
1254 4166 1283 4213 et
1301 4156 1360 4225 69]

87 4270 89 4279 .
198 4231 293 4306 Vulgo
327 4232 607 4286 administratores.“
626 4231 724 4286 deon
774 4233 941 4291 hecilonem
976 4231 1226 4287 administratores
1260 4229 1361 4284 nullus

198 4298 371 4355 habetest.
391 4301 447 4353 MS.
467 4312 585 4372 praeter
602 4304 731 4362 Vinici.
759 4305 832 4359 Gud.
858 4314 888 4360 et
905 4323 997 4357 unum
1015 4306 1065 4360 Ox.
1095 4303 1144 4356 sed
1161 4302 1269 4356 habent
1285 4301 1359 4355 Edd.

198 4373 227 4423 Ρ.
248 4373 281 4425 A.
300 4373 336 4423 B.
352 4371 384 4424 0.
405 4374 441 4424 Μ.
461 4374 493 4426 L.
521 4384 550 4427 et
577 4385 689 4429 nostrae
713 4385 784 4430 vett.
810 4384 876 4429 ante
895 4375 986 4429 Gebh.
1015 4375 1142 4444 exeeptis
1164 4374 1232 4427 Rob.
1259 4370 1359 4444 Steph.

198 4444 284 4496 Lecd.
305 4450 334 4496 et
351 4459 442 4515 marg.
470 4444 587 4497 Lamblr.
613 4455 643 4500 et
668 4444 754 4502 Goth.
792 4449 846 4499 Pro
870 4445 939 4500 illos
967 4455 1010 4499 est
1028 4445 1100 4500 istos
1118 4446 1149 4497 in
1167 4445 1220 4502 Ed.
1240 4443 1269 4497 S.
1306 4444 1360 4496 Est
