2856 5084
200 264 244 333 84
345 308 357 333 ι,
405 262 638 328 CICERONIS
660 261 910 329 TUSCULAN.
932 262 1162 329 DISPUTAT.

202 429 378 495 uideatur:
405 432 463 509 qui
483 427 798 515 glorianti-cuidam
820 432 1014 508 mercatori,
1045 427 1134 510 quod
1154 430 1280 495 multas
1302 450 1363 494 na·

202 534 262 577 ves
282 516 319 574 in
340 533 470 575 onmem
492 533 588 576 oram
609 515 812 575 maritimam
841 512 1031 588 dimisisset,
1060 515 1136 576 Non
1163 533 1241 576 sone
1268 523 1363 595 opta-

202 596 280 660 titis
301 595 424 678 quidem
446 597 524 675 isto,
551 598 673 676 inquit,
704 595 892 658 rudentibus
921 605 998 676 opta
1028 595 1175 676 fortune.
1225 597 1278 657 An
1299 595 1364 659 dn-

201 681 295 743 bium
321 688 382 757 est,
414 681 495 761 quin
524 679 609 740 nihil
636 681 681 740 sit
708 677 896 740 habendum
917 679 952 739 in
975 700 1015 742 eo
1037 697 1172 765 genere,
1203 697 1268 761 quo
1289 682 1364 743 vita

1234 805 1362 819 ›ananan—-

202 866 288 920 Codd.
307 852 406 920 Duisb.
425 863 499 938 Aug.
513 862 600 915 Marb.
620 861 689 915 Sine
708 861 793 915 dubio
812 862 889 914 idem
908 860 1071 933 reperiebat
1089 863 1121 914 in
1141 861 1255 928 Codice,
1275 881 1375 934 quem,

163 954 174 964 ·
201 936 388 1002 describebat,
407 936 534 1004 scriptor
554 933 666 986 Codicis
684 933 774 989 Rehd.
811 934 838 985 Is
858 934 945 998 enim,
971 942 1086 986 uteret
1109 934 1196 986 homo
1215 936 1251 987 ad
1269 937 1365 988 corri-

201 1008 329 1082 gendum
351 1016 510 1076 promptus,
535 1005 566 1056 in
589 1005 747 1075 scriptione
771 1019 803 1056 oo
829 1021 984 1077 agnoscere
1009 1005 1064 1057 sibi
1086 1004 1237 1056 videbatur
1256 1022 1362 1077 omnes,

202 1086 232 1132 et
259 1079 300 1130 ita
325 1076 449 1129 exhibet.
488 1077 560 1129 Tres
580 1076 648 1132 Oxx.
675 1075 782 1128 habent
808 1072 868 1127 doc.
897 1075 981 1126 Vind.
1003 1080 1027 1130 l.
1053 1075 1138 1128 habet
1164 1078 1208 1128 eui
1230 1093 1284 1146 pro
1303 1077 1366 1130 cui-

202 1150 283 1213 dem,
304 1147 376 1224 Aug.
396 1163 478 1217 quom
496 1162 551 1218 pro
570 1148 642 1216 quod
650 1165 660 1212 ,·
678 1155 741 1197 tum
762 1146 835 1198 Gud.
855 1147 881 1200 2.
901 1147 989 1198 multo
1014 1147 1105 1200 nocie.
1142 1147 1255 1199 Habent
1275 1149 1365 1201 etiam

202 1221 286 1275 navis
305 1219 359 1272 duo
377 1220 446 1272 Oxx.
466 1221 541 1271 Mon.
562 1220 595 1283 23
620 1235 687 1270 mox
706 1217 781 1270 Gud.
802 1220 827 1271 2.
849 1217 986 1269 dimittet.
1024 1218 1085 1270 Mr.

275 1289 420 1344 Glorianti
447 1290 560 1343 cuidam
586 1286 749 1352 mercatori]
785 1288 886 1340 Paullo
913 1288 1000 1340 aliter
1023 1289 1194 1342 Plutarchus
1213 1289 1363 1362 Apophth.

201 1364 307 1416 Lacon.
326 1379 391 1434 pag·
410 1362 471 1415 237.
508 1355 584 1427 Πρὸς
608 1355 658 1412 τὸν
683 1363 873 1428 μακαρίζοντα
894 1358 1010 1430 Λάμπιν
1031 1359 1082 1413 edu
1104 1356 1265 1429 Αἰγινήτην,
1291 1357 1366 1416 διότι

202 1432 293 1487 ἐδόκει
310 1430 508 1503 πλουσιώτερος
528 1430 600 1485 εἶναι
621 1431 769 1500 ναυκλήρια
789 1429 873 1482 πολλὰ
893 1432 977 1501 ἔχων,
996 1425 1098 1483 Λάκων
1117 1426 1202 1496 εἶπεν,
1223 1434 1263 1486 Od
1282 1452 1366 1504 προς-

201 1502 260 1573 ’ἐχω
291 1500 457 1571 εὐδαιμονίᾳ
482 1500 511 1555 ἐκ
539 1505 674 1570 σχοινίων
705 1500 891 1572 ἀπηρτημένῃ.
932 1502 1030 1625 Igitur
1060 1502 1084 1554 si
1118 1519 1237 1573 scopum
1262 1505 1366 1579 tetigit

202 1573 391 1643 Philosophus
410 1573 629 1638 Chaeronensis,
647 1589 706 1625 non
725 1574 787 1644 ipse
804 1572 920 1642 Lampia
965 1590 979 1625 e
1003 1572 1059 1625 suis
1086 1573 1206 1627 iactavit
1225 1575 1366 1640 navibus3

202 1647 253 1699 sed
271 1646 343 1697 alius
363 1645 479 1714 quidam
496 1645 596 1696 virum
614 1644 732 1698 felicem
749 1643 940 1716 praedicabat,
964 1644 1041 1713 quod
1064 1652 1124 1696 tam
1147 1646 1251 1698 multas
1275 1647 1367 1717 possi-

203 1717 286 1771 deret
304 1715 457 1768 onerarias.
494 1715 531 1768 D.

274 1803 330 1840 nou
348 1802 415 1839 aene
434 1786 567 1854 optabilia
585 1784 696 1856 quidem
713 1783 781 1852 ista,
800 1785 911 1854 inquit]
938 1785 1113 1851 „concinne
1130 1783 1187 1838 hoc
1206 1784 1248 1838 ita
1265 1787 1366 1841 Victo·

202 1859 265 1911 rius
284 1877 350 1911 cum
367 1857 487 1909 Palatin.
513 1875 568 1910 sec.
596 1867 664 1910 tert.
695 1867 788 1927 quart.
809 1858 936 1909 Vatican·
965 1857 1049 1910 Pabr.
1079 1858 1271 1926 Ceteroquin:
1300 1859 1365 1913 Non

203 1945 272 1983 eane
298 1929 434 1996 optabilia
458 1929 514 1982 isto
540 1928 651 1998 quidem
676 1936 726 1994 est,
752 1927 874 1998 inquit.“
899 1926 981 1981 Gebh.
1017 1929 1137 1994 Habent,
1163 1946 1249 1997 quam
1273 1930 1365 2005 vulgo

202 2001 265 2076 legi
285 2001 366 2065 dicit,
392 2000 580 2069 scriptionem
604 2000 675 2052 Edd.
696 1999 730 2052 A.
750 2001 780 2052 Β.
803 1999 830 2052 S.
849 1999 883 2051 E.
904 1997 995 2052 ml..
1016 2008 1045 2052 et
1067 2000 1223 2070 pleraeque
1250 2010 1365 2055 nostrae

202 2082 269 2124 ante
289 2071 379 2126 Gebh.
399 2071 456 2122 nisi
475 2070 626 2140 quodRob.
638 2069 748 2139 steph,
767 2079 801 2122 ut
820 2072 902 2134 solet,
924 2088 991 2123 cum
999 2071 1074 2123 Vict.
1095 2072 1175 2134 facit,
1193 2069 1247 2123 Ed.
1263 2072 1365 2128 Herw.

204 2144 276 2197 sola:
305 2159 360 2194 aon
385 2158 452 2195 sune
479 2141 612 2210 optabilia
630 2142 738 2209 quidem
756 2141 826 2206 icto,
850 2140 950 2207 inquit,
980 2148 1039 2193 eet.
1073 2142 1139 2195 Cod.
1160 2140 1245 2194 Vind.
1267 2147 1291 2197 l.
1312 2160 1366 2209 nott¹

203 2230 272 2268 aune
291 2213 436 2282 optabilia,
465 2211 567 2282 iuquit,
595 2214 652 2265 iste
671 2219 697 2263 et
716 2214 825 2278 quidem
847 2211 1097 2279 prudentibus.
1135 2212 1225 2265 Rehd.
1255 2213 1367 2283 quidem

204 2285 329 2348 iatam,
356 2287 432 2337 bion.
451 2287 477 2339 2.
498 2286 555 2336 iste
574 2284 683 2353 quidem
703 2290 743 2335 eet
762 2282 858 2349 inquit,
879 2283 933 2335 duo
953 2284 1023 2335 Oxx.
1055 2283 1163 2352 quidem
1186 2283 1242 2336 ieta
1262 2293 1304 2338 eat
1322 2280 1367 2340 inss

204 2357 275 2427 quit,
293 2358 366 2409 alius
385 2357 504 2425 inquam.
542 2357 596 2407 Pro
615 2361 680 2421 opta
698 2354 767 2406 alibi
785 2355 846 2427 legi
864 2361 1004 2424 compacta
1023 2355 1065 2405 ait
1083 2355 1272 2420 Camerarius,
1292 2356 1367 2409 illud

203 2445 275 2481 vero
301 2428 419 2481 Graecis
443 2426 592 2478 Plutarchi
619 2426 714 2477 verbis
745 2442 803 2477 esse
830 2425 1059 2478 convenientius.
1103 2425 1194 2476 Habet
1223 2434 1367 2495 compacta

205 2500 265 2553 sola
295 2517 331 2551 ex
355 2497 462 2550 nostris
487 2497 540 2548 Ed.
564 2495 628 2548 Asc.
648 2498 674 2551 2.
700 2497 749 2548 sed
774 2496 805 2547 in
829 2514 920 2569 marg.
946 2501 1021 2563 epta.
1059 2497 1210 2548 Manifesta
1230 2497 1305 2551 illud
1324 2507 1367 2551 est

205 2569 388 2633 correctoris,
415 2566 465 2636 qui
492 2573 556 2633 apto
575 2584 633 2619 non
657 2567 847 2640 intelligeret.
885 2566 939 2634 Qui
957 2575 1037 2620 recte
1062 2566 1213 2641 intelligit,
1239 2569 1308 2637 quid
1328 2570 1366 2622 sit

207 2658 231 2692 c.
254 2642 295 2693 12.
316 2639 360 2692 cui
379 2655 412 2691 ex
431 2654 461 2689 oe
478 2638 537 2705 ipro
561 2645 627 2704 epto
652 2644 712 2690 sunt
741 2637 843 2702 omnio,
872 2637 895 2690 is
915 2647 1044 2689 nostrum
1073 2655 1186 2708 quoque
1203 2637 1301 2690 locum
1319 2640 1367 2690 in-

206 2711 338 2784 telliget:
358 2710 398 2760 ita
416 2709 493 2760 infra
511 2726 536 2760 c.
557 2712 599 2764 21.
622 2718 663 2763 est
681 2708 799 2776 gladius
817 2715 876 2761 ceta
902 2708 1002 2777 equino
1021 2714 1112 2774 uptus,
1139 2708 1188 2760 ubi
1210 2708 1281 2760 item
1299 2725 1366 2761 cor-

206 2790 335 2835 rectores
354 2780 489 2831 nonnulli
507 2781 685 2850 scripserunt
705 2795 844 2848 appensus·
864 2781 906 2833 De
925 2780 1012 2832 univ.
1033 2783 1063 2834 5:
1087 2780 1201 2832 caelum
1218 2779 1366 2846 itouptum

208 2852 383 2922 explicatur:
412 2857 578 2916 compactum
598 2857 624 2903 et
642 2852 701 2904 auio
718 2851 848 2918 pertibus
866 2851 1040 2916 colligatum.
1078 2852 1113 2903 ln
1135 2848 1213 2920 seq'q.
1231 2848 1296 2920 post
1316 2849 1367 2905 du&

208 2923 284 2977 dium
310 2923 417 2975 excidit
440 2929 482 2974 est
507 2922 539 2973 in
557 2933 627 2974 'uno2
639 2924 689 2976 Ox.
717 2931 745 2974 et
764 2926 838 2974 bion.
858 2926 883 2977 2.
918 2923 1018 2996 Pergit
1036 2925 1112 2974 Mon.
1133 2927 1157 2977 1.
1182 2924 1262 2991 quia
1281 2920 1364 2976 nituit.

206 2995 271 3048 Duo
290 2994 360 3047 oux.
382 2993 484 3046 omisso
501 2991 574 3047 nibil
590 2993 726 3045 exhibent
748 2994 798 3044 ric.
834 2994 895 3046 Mr.
941 3001 943 3006 '

281 3066 339 3119 Quo
357 3067 414 3119 nita
432 3065 511 3117 beata
530 3063 703 3135 completur]
742 3064 789 3117 Sic
809 3066 917 3134 optime
936 3063 979 3116 Cl.
998 3062 1155 3117 Bentleius.
1178 3063 1273 3139 Vulgo
1292 3079 1367 3117 com·

229 3136 348 3188 lectitur.
384 3136 421 3188 D.
545 3146 550 3151 ·

206 3153 226 3204 p
280 3208 311 3261 e'u
330 3223 360 3259 eo
378 3222 493 3274 genere,
513 3221 565 3276 quo
588 3204 649 3258 vita
672 3207 752 3259 beuta
777 3205 989 3275 complectitur,]
1027 3206 1153 3272 „Nostri
1180 3222 1277 3259 omnes
1294 3205 1366 3259 libri

208 3275 286 3331 MSS.
306 3277 426 3330 habent:
456 3295 506 3347 quo
530 3279 611 3330 beata
637 3279 696 3331 vito
714 3279 915 3346 complectitur,
941 3277 1018 3346 quod
1042 3278 1165 3330 reiicere
1189 3294 1248 3330 non
1273 3279 1366 3348 potui,

211 3349 342 3420 quamvis
359 3349 486 3422 vulgata,
507 3348 594 3418 quod
611 3348 669 3401 vito
688 3349 770 3402 beata
788 3350 1009 3417 complectetur,
1029 3350 1066 3400 sit
1088 3348 1253 3419 probabilis.
1291 3350 1367 3401 Nam

211 3421 328 3473 omnino
352 3418 423 3472 haec
446 3421 563 3489 antiqua
588 3428 630 3471 est
655 3421 755 3472 tutior.
783 3420 863 3486 adde,
890 3420 966 3488 quod
983 3436 1041 3471 non
1060 3420 1152 3471 solum
1170 3419 1226 3473 hoc
1243 3420 1367 3471 verbum

212 3492 365 3562 deponens,
385 3489 432 3542 sed
451 3491 506 3542 alia
525 3491 617 3542 multa
636 3491 762 3542 eiusdem
780 3491 894 3564 generis
913 3490 1086 3560 usurpabant
1112 3499 1225 3543 veteres
1247 3495 1366 3558 παθητι-

212 3567 274 3625 κῶς,
294 3562 371 3632 quod
388 3561 458 3613 alibi
477 3563 650 3614 ostendimus
669 3578 726 3613 non
745 3561 842 3615 semel.
881 3561 930 3614 Sic
954 3570 1050 3614 autem
1067 3561 1258 3632 participium
1278 3561 1366 3614 huius

210 3634 294 3685 verbi
312 3637 465 3698 παθητικῶς
482 3633 634 3702 usurpavit
653 3632 683 3682 in
703 3633 749 3685 Or.
768 3649 822 3702 pro
832 3634 912 3684 Rosc.
928 3632 990 3683 Am.
1011 3633 1063 3685 ibi:
1085 3648 1138 3702 quo
1156 3650 1211 3686 uuo
1229 3633 1366 3698 maleficio

213 3704 335 3756 scelera
354 3705 448 3756 omnia
467 3703 607 3773 complexo
627 3719 685 3754 esec
704 3702 884 3757 videantur.“
902 3701 997 3756 Lomd.
1026 3704 1112 3756 Goth.
1134 3705 1164 3755 in
1183 3722 1274 3778 marg.
1295 3721 1368 3757 com-

211 3778 342 3842 plectitur
361 3775 487 3845 explicat
506 3772 756 3842 comprehenditur.
784 3791 862 3841 „quo
881 3801 914 3810 —
933 3777 1128 3841 complectitur
1151 3776 1272 3827 minime
1291 3774 1367 3828 mala

212 3846 301 3899 lectio
326 3856 381 3900 esta
416 3863 509 3916 neque
531 3862 601 3897 vero
626 3846 716 3897 semel
740 3846 870 3914 patiendi
892 3845 1116 3920 significatione*
1131 3854 1173 3897 est
1195 3847 1251 3899 hoc
1276 3847 1366 3899 verbo

212 3919 314 3971 Cicero
338 3916 436 3970 usus.“
460 3918 542 3968 Brut.
579 3915 660 3980 „Qui
685 3932 742 3968 non
769 3917 987 3981 intellexerunt,
1025 3926 1074 3970 aut
1103 3917 1137 3968 ad
1161 3935 1222 3968 suas
1250 3934 1366 3970 normas

213 3989 420 4042 Grammaticas
439 3995 607 4062 exegerunt,
627 3997 820 4057 corruperunt
837 3987 916 4040 hunc
934 3989 1045 4040 locum:
1065 3996 1144 4041 recte
1164 4005 1233 4062 ergo
1251 4006 1271 4040 a'
1283 3991 1368 4040 ham-

210 4061 279 4113 bino
297 4061 387 4112 nitori
406 4074 455 4110 suo
474 4058 642 4110 redonatus:
668 4067 697 4110 et
716 4061 757 4110 sic
773 4057 896 4110 habetur
920 4059 951 4111 in
970 4060 1038 4114 Pall.
1059 4067 1126 4110 tert.
1155 4069 1248 4128 quart.
1269 4061 1365 4130 quint.

212 4132 295 4184 Fabr.
326 4148 380 4183 nec
405 4144 507 4198 sperno
526 4129 653 4180 Vatican.
681 4129 712 4180 in
736 4145 792 4199 quo
818 4145 927 4196 genere,
956 4127 1004 4198 qui
1020 4129 1088 4183 uite.
1110 4129 1223 4187 Gebh.“
1251 4146 1313 4197 quo
1333 4156 1367 4168 -

211 4203 442 4270 complectitur.-
459 4200 510 4252 ita
533 4199 638 4265 mssti,
665 4209 694 4252 et
717 4209 760 4252 est
787 4202 982 4253 Hellenismus
1010 4202 1058 4266 [sc.
1085 4217 1138 4271 quo
1156 4218 1209 4270 pro
1227 4202 1309 4268 quod,
1334 4209 1368 4253 ut
1417 4254 1420 4259 ,

210 4274 375 4327 Relativum
393 4288 458 4322 casu
478 4278 591 4339 quoque
609 4271 644 4323 ad
662 4272 831 4326 antecedens
849 4274 1058 4325 substantivum
1083 4290 1112 4324 se
1135 4269 1366 4336 accommodett}

211 4344 345 4416 Scriptcr
366 4342 402 4393 ad
426 4341 551 4394 Herenn.
577 4343 600 4396 I.
625 4345 675 4397 27:
712 4351 743 4396 ut
770 4345 864 4397 stetim
894 4346 1002 4412 opertio
1029 4343 1199 4409 rationibuo,
1235 4343 1367 4410 quidue

210 4412 446 4483 praescripsimus
469 4444 502 4456 -
528 4412 646 4469 docilem
671 4415 809 4481 faciamus
834 4416 1001 4469 auditorem.
1039 4415 1194 4474 Terentius
1218 4415 1322 4469 Heaut.
1342 4415 1366 4468 1.
