2856 5084
218 254 278 322 176
417 250 648 316 CICERONIS
669 247 917 315 TUSCULAN.
939 244 1169 312 DISPU'I'AT.

216 418 379 498 petrarim
399 415 554 494 libenter,
576 423 624 491 ut,
656 416 723 475 nisi
744 414 922 475 molestum
943 411 998 489 sit,
1031 410 1199 494 (qnoniam
1221 416 1255 468 te
1276 405 1367 468 nulla

217 620 327 672 Habent
346 619 422 671 idem
441 636 477 671 ex
495 618 599 672 nostris
618 618 691 671 Gud.
711 621 737 674 1.
755 620 784 672 2.
802 617 891 669 Rehd.
921 615 996 668 Gud.
1020 614 1106 665 Marb.
1144 615 1198 664 Pro
1225 610 1299 665 nitet
1324 623 1366 665 est

218 706 270 743 noa
289 691 320 740 in
337 689 445 741 duobus
465 690 534 741 Oxx.
555 697 584 740 et
601 692 676 742 Mon.
696 689 728 752 23
749 688 791 740 nse
808 688 839 737 in
856 687 928 742 Edd.
947 689 976 738 P.
995 684 1028 735 A.
1048 685 1079 734 Β.
1099 681 1127 735 8.
1146 684 1181 734 Ε.
1202 682 1233 736 G.
1243 684 1277 734 V.
1293 685 1364 737 Ven.

220 768 309 815 nostr.
328 758 391 811 Asc.
412 764 437 813 l.
458 762 483 814 2.
502 760 583 811 Junt.
603 759 700 813 Herw.
723 762 747 811 1.
767 760 793 812 2.
812 757 879 808 Rob.
901 755 1001 824 steph.
1038 755 1099 807 Mr.

289 827 349 881 Sed
363 844 381 880 α
408 835 435 880 te
460 828 613 896 impetrare
635 827 751 881 libenter
772 826 876 892 retina]
912 825 1055 890 „Venetir
1080 823 1163 876 seda
1189 829 1216 874 te
1233 826 1367 890 impetra·

219 897 277 951 rim
294 899 416 952 libenter.
453 899 533 950 Hanc
550 898 632 951 volui
655 906 684 950 ct
702 898 792 966 ipsam
815 897 957 948 diversam
975 913 991 946 a
1012 903 1109 947 nostra
1135 894 1292 946 lectionem
1317 913 1367 946 an-

217 977 328 1033 notare,
364 968 495 1037 quamvis
521 976 654 1020 neutram
681 967 813 1019 damnare
835 964 971 1035 possim.“
998 965 1142 1020 Gamerae.
1187 963 1269 1029 „Sed
1295 980 1313 1016 α
1339 972 1366 1018 te

218 1040 412 1106 impetrare*
431 1038 569 1091 lubentem
589 1037 702 1107 Gryph.
723 1044 752 1089 et
769 1036 878 1092 Victor.
899 1053 971 1104 quae
993 1035 1067 1087 mihi
1095 1033 1184 1087 lectio
1208 1034 1366 1102 aliquanto,
1389 1100 1391 1104 Α

219 1127 306 1178 quam
323 1109 450 1181 vulgata,
470 1109 631 1181 elegantior
647 1105 794 1159 videtur.“
817 1108 899 1160 Brut.
935 1105 1021 1157 Vides
1045 1122 1110 1158 eum
1134 1103 1257 1156 voluisse
1280 1104 1368 1172 impe·

220 1181 331 1242 trerim,
349 1196 415 1230 nam
435 1178 476 1229 ita
495 1187 537 1231 est
556 1178 587 1231 in
603 1176 678 1229 Vict.
698 1177 751 1228 Ed.
773 1186 802 1228 et
819 1175 971 1247 impetrari
989 1176 1043 1227 sibi
1061 1175 1175 1244 placere
1194 1173 1291 1227 dicere
1309 1191 1368 1228 non

219 1249 368 1319 potuisset.
388 1279 421 1289 -
441 1248 557 1312 „Habet
576 1247 664 1299 etiam
680 1254 778 1299 noster
796 1244 852 1299 MS.
872 1256 904 1299 ut
923 1245 1011 1299 edidit
1028 1243 1127 1300 Vict.“
1145 1245 1208 1296 Fre.
1226 1245 1312 1297 Febr.

290 1318 339 1371 sed
357 1333 374 1369 a
393 1325 419 1370 te
437 1317 660 1385 impetrarim
679 1317 806 1381 libenter,
824 1317 879 1382 ut]
917 1315 1025 1382 „Quod
1048 1315 1136 1387 longe
1159 1314 1272 1379 melius,
1295 1331 1368 1367 asse-

220 1388 270 1439 rui
296 1405 331 1440 ex
358 1388 400 1440 ed.
418 1388 494 1439 Vict.
522 1388 578 1439 alic
602 1396 659 1438 vet.
689 1387 750 1439 cod.
770 1386 889 1442 Palatin.
915 1394 1008 1454 quart.
1032 1384 1160 1436 Vatican.
1188 1385 1220 1434 iu
1245 1385 1365 1437 Palatin.

220 1464 287 1509 tert.
307 1457 391 1512 Fabr.
412 1464 469 1509 est:
488 1475 506 1510 a
524 1463 550 1508 te
567 1457 767 1524 impetrarem
785 1458 911 1511 libenter.
932 1458 964 1508 in
983 1455 1152 1525 Gryphiano
1172 1451 1240 1516 [sed.
1256 1472 1284 1506 v.
1299 1473 1365 1507 ann.

219 1526 363 1596 praeced]
383 1527 548 1578 et-Palatin.
568 1544 623 1578 sec.
643 1528 693 1579 sed
711 1543 729 1578 α
747 1534 773 1579 te
787 1528 950 1596 impetrari
967 1526 1109 1577 lubenter.
1129 1524 1238 1598 Vulgot
1257 1525 1368 1578 sedate

220 1597 415 1664 impetrare
433 1596 690 1660 libenteroetim,
709 1596 820 1649 aiei.“
845 1594 928 1650 Getta.
965 1596 1055 1662 „Duo
1078 1593 1175 1647 Leidd.
1205 1611 1272 1645 cum
1294 1603 1366 1647 vett.

219 1667 292 1718 Edd.
312 1669 464 1735 impetrare
484 1695 516 1704 -
534 1667 627 1732 velim,
646 1666 718 1720 nisi:
746 1685 836 1736 aqua
855 1684 906 1742 ego
925 1667 1051 1719 lectione
1074 1681 1134 1718 non
1157 1663 1369 1717 discesserim.“

219 1734 308 1790 Boub.
348 1739 466 1801 „Locus
485 1737 651 1789 intricatus:
679 1755 745 1788 nam
774 1739 864 1790 oratio
883 1752 940 1788 non
963 1736 1035 1788 bene
1060 1735 1202 1788 cohaeret.
1238 1735 1369 1788 Primum

220 1806 317 1860 delevi
335 1824 401 1858 cum
418 1807 533 1859 Davisio
551 1815 589 1872 ut,
617 1807 684 1874 quia
703 1808 729 1858 ei
747 1807 779 1857 in
801 1824 880 1877 seqq.
904 1806 981 1858 nihil
998 1805 1160 1876 respondet.
1196 1804 1271 1857 Tum
1289 1804 1366 1859 MSS.

221 1877 338 1946 quidam
357 1883 385 1929 et
402 1877 473 1929 Edd.
492 1884 564 1929 vett.
582 1877 688 1928 habent
705 1876 859 1944 impetrare
877 1909 910 1918 -
928 1877 1020 1941 velim,
1048 1877 1124 1944 quod
1143 1883 1172 1926 et
1193 1884 1307 1927 secutus
1327 1885 1369 1928 est

220 1946 371 1999 Buherius.
410 1946 465 2000 Sed
491 1965 528 1999 ne
551 1947 592 1999 sic
621 1947 737 2015 quidem
760 1948 851 1999 oratio
875 1948 1017 2000 cohaeret.
1054 1946 1127 1998 Mihi
1143 1945 1281 2010 videntur
1308 1963 1368 2000 esse

222 2017 254 2067 in
277 2015 442 2086 parenthesi
469 2017 555 2069 ve'rba
581 2014 614 2068 ab
632 2016 807 2084 impetrarim
826 2049 857 2059 -
876 2043 910 2055 -
935 2015 1117 2081 beatissimos,
1143 2024 1178 2067 ut
1199 2015 1369 2070 cohaereant

221 2085 306 2138 haec:
326 2094 390 2183 e‘t‘te
407 2088 439 2139 e'd
456 2087 538 2139 eelim
555 2087 664 2140 audire.
684 2088 785 2138 malim
811 2089 899 2140 etiam
916 2086 949 2140 id
965 2087 1067 2154 deleri,
1094 2095 1144 2140 aut
1161 2087 1285 2139 alterum
1303 2096 1370 2140 ante

222 2155 324 2208 dicere.
383 2157 449 2209 Era.
1224 2190 1229 2199 ι

291 2224 359 2279 11ἰοὶ
376 2227 520 2278 molestum
537 2225 589 2291 eit]
626 2226 719 2301 Vulgo
737 2232 767 2280 ut
783 2225 841 2281 m'ei
863 2226 1010 2292 molestum
1027 2224 1075 2279 eit.
1112 2223 1245 2279 Primam'
1259 2244 1369 2293 vocem,

223 2313 295 2364 quae
322 2297 473 2349 manifeste
499 2298 634 2368 παρέλκει,
659 2306 738 2351 recte
761 2298 998 2368 praetermittunt
1022 2296 1089 2350 Bak.
1120 2297 1228 2366 aliique
1255 2297 1372 2367 quidam

222 2366 347 2420 Codices.
375 2368 419 2419 -D.
1287 2408 1290 2413 >

293 2437 344 2488 sed
370 2452 388 2488 α
413 2441 440 2488 te
462 2434 642 2504 impetrarim
663 2435 790 2502 tidenter,
817 2445 856 2504 at,
886 2437 944 2493 aiei
972 2465 1004 2476 -
1028 2470 1060 2482 -
1084 2437 1117 2492 td
1139 2437 1224 2492 velim
1241 2439 1370 2505 audire]

223 2505 350 2571 „llliror,
364 2509 367 2512 ’
381 2502 575 2560 ἀνακόλουθον
602 2508 739 2560 orationis
765 2525 823 2560 non
850 2516 996 2562 serratum
1019 2509 1052 2561 ab
1079 2508 1297 2579 interpretibus,
1324 2509 1373 2562 sed

224 2575 295 2628 alios
326 2591 425 2628 eorum
449 2578 629 2629 correctione
658 2578 735 2630 nihil
760 2577 898 2642 effecisse,
925 2580 1005 2644 alios,
1031 2579 1183 2648 utipsum
1205 2581 1373 2645 Ernestum,

224 2643 428 2698 difficultatem
446 2648 556 2699 auxisse
575 2648 670 2716 potius
689 2665 775 2716 quam
793 2648 947 2704 sustulisse.
985 2649 1129 2718 Equidem
1146 2649 1243 2701 nullus
1263 2649 1374 2714 dubito,

225 2714 296 2784 quin
316 2731 352 2766 ex
369 2715 458 2784 ipsius
477 2717 625 2769 Ciceronis
645 2733 743 2769 errore
765 2718 902 2770 hic'ordo
921 2720 1076 2772 verborum
1100 2727 1181 2771 natus
1207 2719 1254 2770 sit.
1292 2719 1375 2788 Quod

225 2784 282 2836 nisi
301 2785 342 2837 ita
360 2794 441 2850 esset,
460 2786 573 2855 quibus,
600 2803 711 2855 quaeso,
739 2787 925 2841 librariorum
947 2791 1064 2842 somniis
1085 2794 1113 2842 et
1139 2789 1273 2858 irrepsit?
1311 2791 1374 2842 Nec

225 2855 302 2906 illud
320 2848 472 2924 quisquam
489 2856 616 2909 alienum
635 2855 751 2924 dixerit,
778 2858 931 2911 interiecta
955 2859 1081 2930 quinque
1108 2858 1252 2911 linearum
1270 2877 1375 2928 paren-

224 2924 311 2989 thesi,
330 2943 346 2976 a
365 2925 425 2994 nist
443 2928 589 2979 molestam
608 2926 647 2980 eit
664 2944 752 2996 usque
771 2927 805 2979 ad
823 2929 963 2996 sepientes
981 2945 1040 2984 esse
1058 2945 1166 2998 semper
1182 2928 1392 2996 beatissimos,-

225 2995 395 3064 memoriam
413 2997 648 3050 antecedentium
663 2998 731 3050 adeo
751 2997 893 3062 oblivisci,
916 3008 950 3050 ut
968 3016 1057 3052 novus
1080 3001 1219 3054 sermonis
1241 3001 1375 3054 institua-

226 3073 276 3116 tur
294 3065 373 3129 ordo,
403 3067 484 3136 isque
507 3068 578 3121 bene
605 3083 748 3140 congruus
771 3067 903 3136 proxime
927 3070 1165 3126 antecedentibus.
1203 3068 1283 3145 Ergo
1311 3078 1375 3124 ate

227 3134 278 3185 iun
301 3134 404 3186 endum
428 3145 470 3187 est
495 3154 562 3188 cum
585 3135 773 3203 impetrarim,
805 3138 885 3189 ouius
904 3139 1195 3208 interpretamentum
1219 3151 1270 3206 est,
1299 3142 1376 3211 quod

227 3151 344 3273 quidam
368 3203 514 3269 exhibent,
539 3207 691 3273 impetrare
713 3205 809 3260 eelim:
835 3208 955 3260 verbum
979 3218 1073 3262 autem
1092 3211 1167 3265 illud
1185 3212 1261 3279 quod
1288 3212 1321 3263 ab
1344 3216 1376 3264 at

225 3275 360 3342 pendeat,
381 3275 516 3327 excidisse
535 3277 693 3345 putandum
712 3286 764 3330 est.
802 3277 896 3341 Certe,
916 3279 965 3348 qui
991 3279 1142 3340 haecsine
1163 3283 1292 3355 partium
1316 3289 1376 3333 stu-

226 3342 275 3466 qivio
294 3344 408 3417 legerit,
433 3353 502 3415 puto
528 3362 585 3398 esse
611 3348 766 3415 nerninem,
794 3347 845 3416 qui
871 3347 1048 3416 impetrarim
1071 3349 1104 3402 ab
1129 3367 1147 3402 α
1166 3357 1194 3404 te
1212 3351 1376 3425 seiungat.“

255 3429 339 3469 resen.
845 3465 855 3484 Ι

298 3485 349 3539 sed
367 3501 385 3538 α
403 3490 430 3538 te
454 3483 631 3554 impetrarim
655 3486 780 3553 libenter,
799 3493 839 3554 ut,
866 3487 923 3542 aiei
939 3493 1083 3544 molestum
1100 3490 1161 3558 sit,]
1197 3493 1284 3546 Recte
1312 3495 1376 3564 qui-

229 3555 295 3607 dem
313 3572 376 3607 rem
396 3556 521 3626 explicat
539 3559 698 3622 Nissenius,
718 3558 814 3612 dicens
833 3558 1027 3615 ἀνακόλουθον
1046 3579 1106 3614 esse
1125 3564 1299 3628 oraticnem3
1328 3565 1377 3618 sed

228 3623 386 3694 dupliciter
404 3634 499 3678 tamen
519 3637 610 3681 errat:
630 3629 768 3698 primum,
788 3630 865 3697 quod
881 3629 967 3682 verba
985 3629 1045 3683 aiei
1061 3635 1206 3685 molestum
1218 3634 1257 3686 sit
1273 3652 1377 3703 paren·

227 3693 303 3746 thesi
322 3695 387 3746 addi
405 3697 479 3761 vult,
499 3698 600 3751 deinde
619 3700 695 3767 quod
712 3700 849 3752 excidisse
875 3701 915 3752 ait
936 3700 1066 3765 verbum,
1097 3702 1172 3770 quod
1195 3704 1228 3756 ab
1253 3712 1282 3757 ut
1307 3722 1377 3773 pen·

228 3763 300 3817 deat.
337 3766 403 3818 Non
423 3768 530 3820 excidit
547 3769 677 3833 verbum,
696 3769 753 3832 sed,
775 3778 884 3823 mutata
903 3770 1038 3833 orationis
1062 3780 1215 3839 structura,
1241 3775 1378 3827 omissum

229 3844 280 3901 est,
309 3844 338 3888 et
362 3837 460 3888 omitti
483 3839 593 3893 debuit:
625 3845 654 3890 ut
680 3846 776 3891 autem
805 3840 836 3892 in
863 3856 991 3894 somnone
1011 3842 1140 3895 consulto
1163 3844 1377 3927 negligentiore

196 3931 200 3936 ·
229 3915 384 3959 serratum.
423 3909 498 3961 Nolo
519 3927 576 3962 esse
595 3909 644 3961 lon
666 3909 711 3961 ior
729 3909 760 3961 in
779 3928 810 3963 re
829 3927 904 3962 nunc
924 3912 1039 3980 quidem
1057 3912 1123 3964 satis
1134 3915 1297 3967 manifesta:
1317 3917 1379 3968 lau-

230 3975 298 4029 dabo
322 3979 406 4030 modo
432 3978 465 4029 A.
486 3980 621 4031 Matthiae
645 3927 681 4031 de
704 3978 890 4033 Anacoluthis
918 3999 961 4051 ap.
987 3983 1046 4035 Cic.
1073 4001 1102 4053 p·
1123 3986 1165 4038 20.
1205 3982 1250 4053 [Ρ.
1269 3987 1314 4042 68.
1330 3975 1332 3981 ’
1347 3987 1379 4039 iu

227 4048 337 4100 Verm.
359 4048 457 4101 Schr.
477 4049 612 4124 Altenbg.
634 4052 710 4106 1833.
730 4051 768 4116 8.)
799 4053 849 4121 qui
876 4069 939 4105 rem
958 4052 1067 4122 optime
1096 4054 1257 4123 expedivit3
1283 4056 1377 4109 Beier.

228 4117 263 4168 ad
283 4118 342 4172 Cic.
363 4120 397 4170 de
416 4117 469 4170 Off.
489 4120 544 4184 111,
569 4122 613 4176 26.
633 4123 676 4175 97.
697 4139 725 4190 Ρ.
745 4124 806 4177 365.
836 4125 954 4191 Zumpt.
979 4124 1013 4176 ad
1031 4125 1146 4176 Verrin.
1172 4124 1377 4185 n.11.1..11.

229 4186 272 4240 73.
294 4189 353 4243 180.
374 4207 401 4258 Ρ.
421 4191 483 4244 412.
503 4190 568 4243 Otto
587 4190 622 4242 ad
640 4190 701 4243 cto.
720 4192 849 4248 deFinn.
869 4194 890 4245 l.
910 4195 935 4248 6.
955 4192 1138 4251 19.Ἐκοααε.
1158 4214 1186 4266 Ρ.
1204 4199 1265 4251 395.
1286 4198 1381 4251 Gern·

228 4254 310 4310 hard.
331 4259 365 4310 ad
383 4259 441 4313 Cic.
463 4259 524 4312 Cat.
544 4259 608 4325 maj.
629 4261 682 4314 111.
703 4265 727 4316 7.
747 4281 775 4333 Ρ.
797 4268 838 4319 16.
857 4264 950 4318 Beier.
976 4264 1009 4314 in
1031 4264 1132 4318 Jabnii
1153 4267 1269 4319 Annall.
1299 4271 1379 4325 1826.

230 4326 252 4379 1.
273 4329 297 4380 2.
317 4343 346 4395 Ρ.
366 4329 428 4385 432.
465 4330 527 4385 Iam
544 4331 689 4386 videamus
706 4333 740 4385 de
757 4334 891 4388 lectione.
927 4337 1008 4388 Unus
1033 4336 1083 4388 Ox.
1110 4346 1141 4390 et
1156 4337 1254 4392 Duisb.
1277 4339 1331 4392 Ed.
1352 4341 1381 4392 P.
