2856 5084
457 325 460 329 .
488 272 492 279 ·
525 266 860 360 '¹n1nnnv3t1.
1076 270 1084 295 “·
1232 271 1293 351 εει

140 451 313 529 obtinetur
321 433 342 510 :²
351 436 425 517 lat·
440 446 542 520 bibet,
563 447 684 530 inquit,
706 455 766 527 ant
785 447 891 511 abeat.
927 445 969 509 Et
981 444 1091 523 reete.
1112 444 1181 510 Aut
1203 449 1293 512 enim

139 535 277 596 fruatur
295 532 421 617 aliquis
433 529 561 613 pariter
581 547 657 610 oum
678 528 945 612 aliisvolluptate
966 527 1126 612 potandi3
1158 539 1228 610 ant,
1250 550 1292 594 ne

139 614 272 680 sobrius
299 617 346 688 in'‘
362 613 558 679 violentiam
584 611 835 675 vinolentorum
862 608 1004 692 incidat,
1029 619 1106 674 ante
1127 609 1291 677 dimedms
1336 612 1359 621 ''

204 817 275 870 ¹qnae
301 798 501 867 obtinetur]
551 800 734 869 Receperunt
763 798 875 852 Davisii
904 798 1116 870 correctionem
1144 799 1289 857 FAWolf.

136 866 220 925 Sehz.
248 873 297 926 Or.
316 872 391 926 Tbn.
416 871 456 925 Et
479 868 607 926 Wolllus
635 868 753 937 quidem
779 868 811 921 in
829 869 904 922 libro
923 868 1100 935 Hoffmanni,
1128 887 1216 940 wem
1233 886 1292 924 non

135 940 224 995 semel
241 943 428 1006 laudavimus,
446 958 474 1011 p.
494 942 544 996 98:
577 940 679 1005 „Vera
698 948 750 1006 est,
778 940 827 1004 ait,
848 941 991 995 eorrectio
1010 940 1121 1002 attinet,
1145 957 1200 1010 pro
1215 942 1290 996 malo

135 1010 189 1063 illo
213 1012 360 1070 obtinetur.
405 1013 458 1064 Est
482 1010 558 1062 illud
581 1011 724 1064 Graecum
751 1007 844 1080 ἐπέχει
869 1027 919 1063 seu
946 1010 1068 1079 κατέχει,
1105 1011 1291 1066 intransitive

134 1082 205 1150 poni
223 1083 341 1136 solitum
368 1083 400 1134 in
416 1081 473 1134 hae
491 1079 627 1150 loquendi
654 1081 781 1133 fortna.“
799 1126 802 1131 .
817 1082 967 1134 Tractavit
986 1090 1083 1134 autem
1101 1099 1195 1152 nuper
1211 1081 1290 1137 huno

134 1151 231 1205 locum
249 1155 282 1209 R.
302 1153 433 1220 Klotaius
461 1152 493 1203 in
508 1150 725 1223 'Quaestionibus
740 1151 887 1204 Tullianis
905 1169 934 1222 p.
954 1155 1050 1207 127-
1061 1153 1123 1219 lot,
1146 1152 1294 1219 defendit·

136 1223 367 1293 que'le'ctionem
385 1222 531 1275 librorum
547 1224 610 1275 fere
628 1221 825 1286 omniumita,
854 1219 1024 1293 ut'posthao
1043 1240 1106 1276 eam
1128 1240 1187 1277 non
1211 1224 1290 1291 ultra

134 1287 329 1348 sollicitatum
343 1293 570 1346 iri‘existimem.
590 1292 707 1346 Summa
726 1292 787 1347 eius
805 1293 1008 1362 disputationis
1020 1292 1092 1346 haec
1103 1294 1161 1349 este
1178 1295 1291 1365 „Equi-

135 1363 201 1416 dem
224 1371 336 1416 tantum
363 1364 449 1430 abest,
473 1371 508 1416 ut
530 1363 631 1418 obtinet
650 1363 766 1416 credam
783 1382 800 1416 a
816 1363 920 1416 Latina
937 1363 1140 1435 consuetudins
1164 1364 1289 1435 requiri,

135 1441 170 1486 ut
195 1434 276 1486 ist'ud·
297 1430 472 1504 a'Gioe'rone'
495 1429 741 1510 negem'potuisse
766 1434 864 1499 scribi,
887 1452 981 1506 neque
1004 1434 1037 1488 ab
1055 1434 1117 1488 ullo
1135 1435 1192 1487 scri
1228 1451 1288 1507 ore,

135 1505 188 1574 qui
206 1500 327 1574 quidem
341 1500 404 1559 non*
418 1505 569 1575 inquinate
586 1498 764 1576 loqueretur.
801 1506 876 1558 Nam
895 1521 1068 1575 quamquam
1085 1500 1176 1558 noitri
1216 1505 1289 1558 omi-

134 1591 185 1628 nes
201 1579 239 1613 ·’-”
257 1577 338 1646 saepe
357 1577 472 1630 dieunt:
499 1572 566 1628 lto'eo
579 1573 746 1647 'consuetudo
764 1576 880 1647 obtinet3
906 1593 964 1629 non
982 1574 1079 1629 tamen
1096 1574 1231 1641 adducor,
1242 1576 1289 1630 'ut'

135 1644 165 1698 id
182 1642 356 1717 abantiquis
367 1645 563 1718 'scriptoribus
587 1641 878 1716 caedampridsasse
893 1647 1030 1713 dictum,
1051 1664 1138 1718 qnsam
1163 1644 1200 1700 eo'
1215 1642 1289 1718 tern'f

134 1713 751 1788 parenti·iamfatfmores‘.1tamanorum‚
770 1718 811 1770 sio
828 1718 929 1793 ling-ua
948 1733 997 1771 coe
1018 1725 1047 1769 ta
1065 1726 1108 1770 est
1126 1718 1286 1788 depravari.

133 1787 197 1840 lloo
214 1788 371 1857 praeclare*
381 1788 529 1841 intellixit
547 1788 591 1840 Jo.
606 1787 714 1840 'Matth
734 1787 887 1851 Gesnerus,
907 1789 958 1859 qui
976 1736 1115 1841 thesaur.
1129 1790 1214 1865 ling.
1225 1791 1287 1844 lat.-

133 1875 156 1909 ε.
175 1875 204 1909 v.
225 1854 358 1931 adtineo31'
373 1859 437 1911 iure
453 1856 613 1931 'negavita
629 1857 710 1911 bonis
735 1859 924 1927 scriptoribus
942 1859 1084 1912 obtinendi
1105 1860 1226 1912 verbum
1245 1859 1289 1912 in-

133 1926 288 1980 transitive
307 1936 563 1996 esse'usurpatum,
582 1943 705 1996 eumque
724 1928 830 1993 locum,
850 1929 933 1981 cuins
952 1946 1006 2002 ego
1024 1945 1108 1980 causa
1124 1928 1196 1981 haee
1213 1931 1288 1993 dico,

132 2006 214 2051 reete
239 1997 406 2068 explicavit,
437 1999 479 2049 ita
505 1996 672 2048 utdioeret
694 1996 815 2051 attineri
833 1998 913 2067 idem
937 2015 995 2052 esse
1026 2007 1114 2066 atque
1138 1999 1288 2053 adservari.

132 2069 229 2138 Atque
247 2077 281 2120 ut
300 2073 394 2122 tenere
413 2071 503 2134 legem
522 2075 564 2119 est
583 2068 641 2119 ein
659 2067 792 2120 Gesetz
819 2066 961 2134 halten,
988 2067 1031 2122 aio
1057 2067 1182 2121 obtinere
1198 2071 1289 2137 legem

133 2145 177 2193 est
196 2141 253 2192 ein
273 2140 404 2196 Geseta
422 2137 636 2192 festhalten.
653 2164 687 2175 —
704 2138 806 2204 Locus,
826 2140 878 2207 qui
895 2138 965 2192 huic
982 2139 1106 2209 maxime
1124 2140 1288 2211 respondet,

113 2204 177 2264 'est
194 2210 229 2264 (le
245 2209 346 2262 Partit.
368 2209 497 2278 Oratoria
514 2211 557 2265 37.
577 2208 599 2272 §.
612 2211 684 2269 ,13οε
707 2235 739 2247 -
759 2235 792 2246 -
812 2211 887 2266 Quae
905 2217 998 2264 antem
1015 2209 1122 2277 scripta
1140 2211 1193 2264 non
1211 2218 1286 2277 sunt,

134 2296 168 2334 ea
194 2287 245 2334 ont
266 2280 478 2333 consuetudine
491 2286 540 2333 aat
555 2278 702 2333 'conventis
720 2275 858 2334 leoninam
880 2288 906 2333 et
925 2280 1009 2350 quasi
1033 2284 1168 2333 contensa
1195 2282 1288 2334 otti·

99 2383 102 2388 -
132 2345 267 2405 mantnt.
282 2363 321 2406 ’-.
340 2350 443 2420 Atque·
454 2359 487 2403 ut
506 2345 555 2402 lex
573 2351 686 2402 dicitur
698 2349 830 2417 obtineri,
858 2352 899 2403 sic
918 2352 1004 2405 etiam
1027 2347 1162 2404 sententia
1186 2346 1288 2406 obtine·

132 2428 179 2477 tar
198 2455 232 2466 -
251 2423 334 2493 Geni.
353 2422 436 2492 Tuae.
457 2422 479 2493 1,
500 2424 541 2476 lt.
561 2424 611 2477 26:
637 2419 796 2493 samaritae
821 2420 934 2492 quidem
951 2423 990 2476 od
1006 2421 1094 2475 istam
1111 2421 1295 2491 sententiam,

133 2509 217 2577 qnam
233 2494 278 2546 oie
301 2490 471 2557 obtineri,
498 2489 678 2560 nti'optimis
691 2489 885 2560 pos'oumne.“v
900 2493 964 2548 Vid.
993 2494 1116 2547 eundem
1138 2494 1288 2548 Klotaium

133 2582 166 2615 an
188 2563 290 2617 lahnii
314 2563 428 2616 Annall.
450 2563 578 2635 18311.
598 2568 624 2632 1.
636 2581 671 2633 Ρ.
694 2563 738 2618 68.
764 2566 842 2621 1833.
863 2566 888 2620 5.
908 2582 936 2634 Ρ.
956 2567 1015 2622 62.
1034 2564 1106 2621 Ado.
1134 2565 1226 2619 Geist.
1246 2565 1285 2623 ib.

133 2637 213 2691 183².
233 2638 259 2690 9.
285 2636 382 2705 pate
404 2633 739 2703 ¹'Davisiiconiecturae
764 2651 801 2687 ex
827 2634 957 2688 omnibus
981 2635 1067 2689 libris
1091 2633 1147 2689 duo
1172 2642 1287 2690 tantum

132 2705 339 2770 favent,‘·Gad.
355 2705 391 2770 (si
410 2705 559 2762 collationi
577 2704 661 2758 fides:
681 2705 715 2758 de
734 2723 791 2774 qua
808 2722 866 2759 non
884 2706 1015 2773 dubito:)
1034 2714 1063 2759 et
1080 2706 1180 2772 lllarb,
1199 2724 1287 2778 quem

131 2769 345 2846 ipsefiontuiit
381 2774 514 2830 ln·Gud.
541 2780 566 2832 1.
595 2776 712 2845 antiqno
739 2776 881 2847 scriptum
908 2787 951 2829 est
984 2777 1133 2845 optinetur.
1175 2778 1287 2831 Placuit

132 2839 233 2899 autern'
246 2844 323 2898 'ill'ud
337 2842 445 2900 'oblinet
462 2846 534 2899 viris
552 2845 654 2911 doctis,
673 2846 742 2915 quia
760 2863 796 2900 ex
813 2847 938 2916 Ulpiano
964 2846 1086 2917 aliisque
1099 2848 1288 2917 ¹lureoonsul-

131 2917 171 2968 tis
189 2917 229 2968 ita
246 2917 363 2976 transiit
381 2917 413 2967 in
428 2913 628 2970 'recentiorum'
644 2916 735 2973 libros
752 2917 801 2970 vel
819 2917 1019 2993 elegantiores,
1037 2925 1071 2971 ut
1091 2934 1203 2972 summo
1222 2919 1287 2972 iure

131 2988 229 3040 lorum
248 3005 331 3039 suum
349 2986 479 3055 obtinere
496 2987 655 3056 videretur.
692 2988 751 3040 Μν.
945 3037 949 3047 ,
1283 2999 1289 3026 -’

168 3071 171 3076 ·
203 3052 253 3111 aut
270 3053 476 3127 diint,''inqnit‚
496 3056 664 3126 natatem]
699 3059 761 3125 „ln
781 3059 899 3113 Graecis
918 3069 961 3113 est
978 3057 1186 3133 παρονομασὶιὲ,
1213 3079 1285 3131 quae

132 3127 244 3182 dicmm
261 3129 543 3202 reddit‘elegantius.
567 3122 609 3181 ’Ἡ
622 3133 694 3194 ntia,
714 3129 861 3199 inquiunt,
881 3129 898 3196 ἢ
917 3131 1009 3198 ἄπιθι,
1029 3131 1071 3185 sio
1090 3132 1169 3185 enim
1187 3133 1287 3186 dixere

130 3199 245 3253 salevel
262 3204 387 3270 ntiqut
404 3199 567 3253 Athenaeus
586 3217 701 3270 quoque
720 3201 843 3254 ostendit
861 3201 925 3258 Lib.
944 3204 978 3256 X.
1016 3203 1069 3256 Est
1094 3211 1123 3256 et
1142 3204 1286 3279 epigram-

131 3271 216 3340 matis
235 3271 339 3325 Graeoi
356 3271 433 3322 lusus
452 3268 601 3324 demensa
622 3271 720 3323 asneth
742 3271 826 3334 atina,
851 3270 921 3324 hino
942 3274 1046 3327 ductus
1071 3273 1212 3339 ἤπιθέτω
1236 3273 1286 3341 νή-

131 3356 206 3410 φειν,
225 3343 332 3412 inquit,
351 3340 367 3408 ἢ
386 3341 497 3409 μαθέτω
520 3346 633 3406 μεθύειν
651 3291 792 3408 [Αηεῖεοῐ.
815 3341 839 3394 1.
859 3359 887 3412 p.
908 3343 1013 3408 1⁷5.].“
1033 3343 1178 3397 Gamerae.
1216 3345 1282 3412 „ct

131 3411 212 3464 Ilien.
227 3413 274 3465 'ad
297 3413 414 3465 lsoorat.
439 3415 585 3465 Paraenes.
612 3412 647 3464 ad
669 3412 788 3465 Demon.
818 3429 846 3482 Ρ.
868 3414 928 3468 159.
963 3413 1086 3480 (Ulmae,
1115 3419 1193 3470 17⁰⁷.
1220 3413 1285 3480 8.)“

131 3479 247 3536 Scluat.-
283 3482 328 3535 Ad
354 3499 417 3534 rem
444 3485 482 3535 cf.
511 3483 598 3535 etiam
621 3483 779 3535 Forcellin.
805 3499 834 3535 v.
854 3482 916 3536 dido
940 3502 968 3554 Ρ.
988 3485 1050 3541 326.
1076 3501 1101 3539 e.
1122 3485 1166 3542 ed.
1185 3486 1283 3554 Germ.

131 3553 167 3606 ln
185 3570 263 3623 seqq.
284 3552 351 3610 God.
376 3554 461 3606 vind.
479 3555 505 3610 2.
523 3553 610 3608 habet
623 3557 684 3607 'ant
703 3569 743 3607 ne
759 3569 814 3623 pro
834 3559 883 3606 ant
900 3556 1008 3609 enims
1035 3572 1071 3608 ex
1093 3555 1285 3611 similitudine

131 3623 375 3695 compendiorum.
407 3625 473 3695 Mr.
522 3657 525 3665 -
745 3659 748 3664 -
916 3656 927 3668 ·
990 3660 1010 3667 ι’
1106 3660 1109 3666 ι
1200 3658 1203 3665 .
1284 3661 1287 3665 ·

143 3726 158 3731 «ι
204 3708 238 3745 ne
252 3693 365 3763 *eotrim
386 3693 418 3746 in
440 3694 607 3748 uiolentiam
624 3693 824 3750 vinolentorum
841 3695 963 3766 ineidat]
999 3698 1052 3766 ,‚Q.
1072 3718 1099 3752 v.
1119 3717 1144 3752 o.
1164 3701 1194 3754 in
1211 3700 1286 3755 aio·

119 3763 320 3820 'lentiorem
337 3764 485 3817 multorum
503 3764 629 3820 incidat.
650 3783 708 3818 non
726 3768 856 3838 placet.“
875 3767 957 3823 Gotls.
978 3777 1007 3822 et
1025 3760 1117 3845 marg.
1135 3770 1251 3824 Lambb.

202 3833 373 3893 Nefeoirina
396 3833 429 3886 in
450 3835 619 3889 violentiam
641 3837 870 3904 vinolentorum]
906 3838 975 3891 Bak.
993 3839 1081 3892 habet
1103 3838 1285 3893 vinolentiam

130 3896 300 3967 maltorum
317 3903 431 3956 Balliol.
451 3914 547 3958 autem
565 3906 717 3960 maltorum
733 3908 921 3964 vinolentiam.
958 3909 1022 3978 lpse
1050 3909 1168 3978 quidem
1185 3909 1286 3983 vulga-
1390 3933 1392 3937 ·

131 3985 191 4028 tam
213 3975 326 4029 retineo
349 3974 516 4041 lectionem,
544 3977 620 4046 quod
644 3978 731 4030 etiarn
749 3980 819 4100 hep.
843 3989 872 4031 et
889 3976 1038 4047 Pithoean.
1063 3978 1201 4032 faciente
1221 3969 1286 4031 narn

131 4047 208 4116 quod
225 4047 267 4100 ait
286 4044 462 4099 Mnesitheus
480 4047 555 4116 apud
571 4047 752 4102 Athenaeum
769 4049 794 4107 li
814 4085 820 4098 .
840 4048 880 4104 ll.
899 4065 928 4117 p.
948 4051 991 4106 36.
1011 4061 1013 4065 ·

193 4127 196 4132 ’
300 4121 364 4177 Τοῖς
380 4115 435 4188 μὲν
450 4115 563 4188 μέτριον
579 4119 692 4173 πίνουσι
707 4118 754 4170 καὶ
771 4120 948 4190 κεκραμένον.

297 4189 445 4257 Εὕθυμίαν
461 4187 551 4259 φέρει,
575 4187 613 4241 in
630 4187 656 4241 δ’
674 4183 837 4258 ὑπερβάλῃς,
854 4183 947 4261 ὕβριν.

132 4259 288 4329 Euripides
306 4259 427 4316 ibidems

298 4331 409 4400 Πληγεὶς
427 4326 443 4385 ὁ
461 4333 554 4398 κῶμος
571 4329 700 4402 λοίδορόν
717 4333 746 4382 θ’
763 4331 842 4403 ὕβριν
860 4331 945 4401 φέρει.
1213 4352 1216 4359 ·
1240 4357 1243 4364 Α
1281 4340 1288 4362 ¹

104 4450 107 4455 .
133 4398 205 4454 Vide
224 4409 253 4455 et
270 4418 336 4477 pag.
355 4405 398 4458 38.
434 4403 469 4456 E.
489 4401 587 4457 Alexis
606 4403 680 4473 apud
698 4403 819 4457 eundem
837 4403 887 4459 lib.
904 4403 938 4456 X·
957 4407 1066 4477 pell.
1172 4411 1197 4433 ‘³'
