2856 5084
370 315 373 323 .
480 259 609 327 LIBER
630 259 675 338 V,
706 259 761 327 36.
780 259 831 326 69.
1152 257 1220 330 24³..

65 427 200 491 solitam
219 425 423 508 accepimus:
447 445 561 506 quum,
583 440 729 508 querum
760 443 817 489 res
845 431 940 502 esset,
971 441 1031 486 sna
1056 424 1121 505 ipsi
1148 440 1217 483 non

63 509 236 584 videbant3
272 527 406 571 caecum
440 508 641 572 abhibebant
673 507 801 574 ducem·
855 507 973 571 Pueris
1011 506 1108 569 nobis
1150 503 1219 569 Gn,

63 589 216 654 Aufidius
246 591 439 674 praetorius
473 599 507 653 et
538 593 574 651 in
606 600 726 654 senatu
760 591 959 652 sententiam
985 586 1128 664 dicebat,
1154 606 1216 650 nec

63 675 180 736 amicis
210 671 472 736 deliberantibus
505 671 632 752 deerat,
664 682 696 735 ct
730 671 895 736 Graecam
924 670 1095 734 scribebat
1115 670 1220 733 histo-1

63 756 160 835 riam,
182 765 216 817 et
240 753 377 820 videbat
401 757 438 820 in
463 754 589 824 literis.
629 752 797 819 Diodotus
814 755 961 818 ¹Stoicus
989 772 1107 818 caecus
1133 750 1218 814 mul·
1236 757 1279 821 39

134 924 185 978 Gn.
206 922 337 990 Aufidius
353 922 527 992 praetorius]
563 923 703 1000 „Pighius
723 924 755 975 in
772 923 930 976 Annalibus
947 923 983 976 ad
1000 921 1035 973 A.
1053 920 1089 976 U.
1103 921 1134 974 C.
1154 921 1217 977 664.

63 994 138 1049 hanc
154 995 274 1066 phrasin
291 1003 375 1065 putat
393 1013 452 1047 esse
477 994 610 1046 mutilam
636 995 772 1048 excidisse
792 995 871 1050 enirn
887 1009 990 1046 rocem
1011 1007 1121 1057 caecus,
1145 1006 1221 1061 quae

65 1067 182 1137 quidem
205 1066 240 1120 ad
267 1065 438 1136 explendam
463 1065 697 1135 fulciendamque
721 1066 894 1119 sententiam
919 1081 1037 1134 prorsus
1060 1063 1225 1116 necessaria·

55 1144 114 1191 est.
152 1136 185 1190 si
203 1137 284 1188 enim
302 1139 402 1189 caecus
420 1152 479 1189 non
496 1135 558 1191 fuit
571 1136 712 1202 Aufidius,
741 1136 812 1206 quid
833 1136 944 1188 mirum
968 1143 1012 1188 est
1032 1136 1142 1188 iecisse.
1153 1150 1221 1188 eum

64 1207 171 1273 omnia,
190 1224 262 1275 quae
280 1206 382 1260 Cicero
400 1211 625 1260 commemorat?
644 1206 818 1261 caecitatem
837 1207 868 1258 in
886 1205 990 1276 Appio,
1016 1207 1047 1258 in
1064 1207 1168 1270 Druso,
1188 1205 1220 1256 in

63 1277 188 1330 Diodoto
207 1276 304 1330 Stoico
322 1294 380 1330 non
397 1278 608 1347 praetermisitt
637 1294 690 1330 cur
708 1277 889 1331 omiseritis
906 1277 963 1330 hcc
980 1275 1117 1330 Aufidio?
1147 1275 1221 1349 Legi

65 1344 1222 1488 {futtilittltt’stituit‘'tut'ttffll‘t‘tm,titii

148 1456 154 1469 ·
192 1452 210 1482 rr
895 1456 901 1470 ·
1207 1447 1221 1459 ·

65 1497 118 1541 tur
133 1504 231 1542 caecus
247 1490 279 1542 in
295 1438 534 1544 Diodotof‘gt'rn.
570 1490 756 1561 Receperunt
771 1506 870 1543 caecus
888 1487 1033 1545 FAWclf.
1050 1488 1136 1542 Schz.
1164 1487 1223 1542 Sed

65 1559 114 1612 Or.
133 1559 174 1611 ait
190 1577 249 1612 non
266 1560 405 1614 addidisse
426 1560 482 1614 hcc
500 1561 642 1628 Tullium,
671 1563 739 1631 quia
765 1561 795 1613 id
813 1569 876 1614 tum
893 1560 982 1635 vulgo
1000 1561 1100 1613 notum
1118 1560 1219 1612 fuerit.
1244 1585 1252 1601 ·

65 1631 110 1691 lta
127 1639 206 1684 certe
224 1631 256 1682 in
274 1633 402 1684 omnium
419 1632 563 1685 librorum
582 1647 721 1686 consensu
738 1632 923 1706 cogitandum
940 1640 997 1684 est:
1024 1631 1082 1696 ssd,
1100 1631 1127 1682 si
1144 1630 1223 1682 ades·

65 1708 117 1766 set,
135 1717 195 1753 non
211 1719 387 1773 respuerem.
426 1703 563 1756 Ceterum
590 1705 668 1756 abest
694 1702 781 1755 etiam
799 1717 898 1756 caecus
922 1701 1025 1772 capitis
1044 1718 1103 1770 seq.
1123 1700 1223 1764 initio,

65 1779 131 1841 post
149 1772 286 1826 Diodotus
297 1773 410 1828 Stoicus
429 1774 461 1825 in
478 1774 585 1826 duobus
598 1775 667 1827 011.
686 1790 741 1826 nec
757 1789 827 1826 vero
845 1772 935 1828 bonis.
964 1770 1109 1826 scribitur
1126 1778 1225 1824 antem

66 1842 180 1895 Gneus
197 1842 328 1908 Aufidius
351 1845 382 1896 in
406 1845 474 1901 (lod.
492 1844 602 1910 Duisb,
631 1845 663 1898 G.
681 1845 718 1898 Ν.
738 1843 867 1908 Aufidius
888 1844 921 1896 in
939 1844 1011 1897 Gud.
1032 1847 1070 1907 1.,
1100 1842 1152 1896 Gn.
1174 1848 1224 1896 rut

65 1913 151 1978 fidius
168 1912 200 1964 in
219 1914 291 1965 Gud.
311 1919 344 1979 23
362 1930 453 1982 gener
470 1921 520 1967 eut
537 1915 611 1980 fliius
636 1917 668 1967 in
686 1931 744 1967 unc
763 1916 814 1970 Ox.
851 1915 979 1967 Assentit
1005 1914 1114 1967 Orellio
1133 1914 1168 1968 E.
1187 1914 1221 1964 V.

65 1983 101 2035 Ε.
121 1983 220 2106 chel.
241 1984 273 2034 in
291 1984 400 2037 Prolus.
419 1984 482 2054 Bip.
502 2002 526 2053 a,
546 1987 625 2056 1836.
649 1985 736 2049 (Obss.
757 1984 792 2036 ad
809 1985 922 2053 aliquot
939 1985 999 2036 Cic.
1019 1984 1107 2049 locos)
1129 2000 1158 2053 p.
1179 1986 1221 2038 17.

65 2053 108 2106 De
135 2070 168 2106 eo
188 2072 235 2107 em
259 2054 374 2109 Aufidio
399 2055 532 2124 loquitur
555 2055 657 2108 Cicero
683 2056 719 2107 de
743 2055 829 2107 Finn.
849 2056 883 2106 V.
903 2056 946 2110 19.
964 2055 1008 2109 54.
1037 2054 1084 2105 ibi*
1100 2069 1172 2106 vero
1196 2054 1224 2106 ei

65 2125 259 2177 necessarium
275 2126 370 2177 uisum
387 2135 432 2178 est
449 2125 552 2178 addere
571 2126 717 2181 caecitatis
734 2135 842 2191 notam,
860 2141 928 2178 cum
946 2140 1003 2178 non
1022 2123 1226 2195 interponatur

66 2195 132 2248 aliis
149 2196 258 2249 caecisc
276 2197 413 2266 Equidem
432 2212 447 2249 e
463 2196 513 2250 Gn.
524 2195 648 2263 Aufidio,
664 2195 820 2265 praeterio,
840 2197 951 2250 erudito
968 2194 1088 2262 tentae,
1107 2195 1227 2250 oculis

67 2272 182 2337 cepto,
200 2282 282 2334 saepe
299 2269 454 2333 audiebam,
473 2282 554 2334 quum
570 2283 601 2321 ee
618 2267 693 2320 lucie
709 2265 813 2334 megia,
833 2283 918 2335 qnam
929 2267 1068 2335 utilitatis
1081 2265 1227 2319 desiderio

66 2337 171 2390 moueri
190 2338 305 2389 diceret.
342 2337 387 2390 Ad
404 2347 581 2390 structuram
599 2345 627 2390 et
644 2368 677 2380 -
696 2353 755 2402 nec,
775 2336 909 2400 Ciceroni
933 2353 991 2389 non
1009 2337 1226 2405 infrequentem

67 2407 161 2471 (cuins
179 2407 322 2459 sententia
341 2416 382 2461 cst
401 2424 455 2461 non
473 2409 553 2460 modo
572 2434 615 2474 -·,
644 2408 696 2461 aad
712 2424 748 2461 ne
766 2433 800 2445 -
819 2407 938 2478 quidun)
961 2406 1020 2459 rid.
1041 2424 1092 2461 uos
1109 2409 1145 2460 ad
1163 2406 1223 2461 (lic.

66 2478 102 2530 de
120 2478 209 2552 begga
229 2477 253 2530 l.
272 2481 297 2532 4.
315 2495 347 2548 p.
365 2482 409 2534 st.
429 2477 491 2530 add.
510 2478 561 2530 Dr.
581 2480 608 2530 J.
628 2477 817 2554 Schsdeberg.
843 2479 875 2530 in
892 2478 992 2532 Jahnii
1009 2476 1124 2530 Annall.
1152 2478 1225 2548 Sup-

66 2549 155 2617 plem.
180 2551 257 2605 1832.
278 2548 301 2602 l.
320 2552 346 2604 6.
373 2567 402 2619 p·
421 2550 483 2604 416.
511 2549 580 2618 ibiq.
608 2548 702 2604 laudd.
738 2549 839 2603 Refert
858 2551 894 2603 G.
914 2551 942 2602 J.
961 2549 1077 2601 Vossius
1096 2549 1130 2602 de
1149 2550 1224 2602 Hirr.
1245 2585 1248 2592 -

68 2618 120 2674 Gr.
146 2636 175 2688 p.
194 2620 256 2675 475.
294 2619 431 2695 Pighium
453 2618 581 2672 vcluisse
602 2620 675 2695 legi:
706 2621 774 2674 licet
800 2635 906 2675 caecus.
943 2620 1019 2672 ltlihi
1044 2620 1164 2695 Pighius
1189 2620 1225 2674 ad

67 2705 184 2741 manum
201 2705 259 2742 non
282 2699 332 2742 est.
369 2689 431 2746 Mr.

138 2761 302 2814 sententiam
320 2760 439 2826 dicebat]
459 2761 527 2817 (lod.
546 2761 645 2814 Dnisb.
665 2762 774 2817 diceban
792 2761 964 2824 senteutiam,
982 2779 1056 2817 unus
1068 2762 1120 2816 02.
1139 2762 1226 2814 omit-

67 2829 107 2882 tit
125 2845 175 2882 nec
193 2857 226 2867 —
245 2833 349 2884 deerat.
368 2832 452 2886 Vind.
469 2836 494 2886 1.
513 2832 600 2885 habet
619 2833 814 2887 laborantibus
830 2849 883 2902 pro
903 2833 1129 2898 deliberantibus,
1148 2832 1226 2902 quod

69 2908 113 2953 est
129 2900 322 2967 Correctoris,
349 2903 401 2970 qui
419 2902 473 2955 sibi
488 2903 569 2956 ultra
588 2901 760 2957 Ciceronem
785 2921 884 2973 sapere
902 2903 1061 2957 videretur,
1099 2903 1226 2957 Pruden-

68 2971 127 3023 tius
146 2970 234 3023 etiam
252 2971 328 3024 idem
345 2972 432 3026 habet
449 2971 572 3027 scribere
589 2974 711 3039 fruetur
727 2989 781 3043 pro
798 2975 944 3029 enitebat.
981 2976 1063 3028 Unus
1082 2975 1133 3030 0¹.
1153 2973 1226 3032 seris

69 3041 160 3108 baren
177 3042 251 3095 alius
270 3043 381 3097 emittit
399 3061 519 3112 sequens
537 3051 572 3096 et.
592 3071 626 3082 -
663 3045 800 3099 Graecani
825 3061 894 3098 vero
912 3041 1060 3099 historiam
1084 3061 1142 3097 non
1167 3061 1226 3099 csse

70 3110 243 3166 Graecarum
259 3130 354 3167 rerum
371 3112 533 3178 historiam,
551 3114 600 3168 sed
610 3115 763 3168 historiam
773 3116 938 3180 Romanam,
958 3117 1066 3168 Graece
1077 3116 1226 3186 scriptam,

68 3192 167 3237 monet
184 3184 321 3256 Vogclius
339 3185 405 3238 loco
422 3185 506 3237 modo
525 3185 637 3239 laudato
656 3204 685 3256 p.
702 3190 727 3241 7.
747 3193 776 3242 ct
793 3186 897 3252 Baehr-
918 3187 1042 3240 Gesch.
1062 3187 1088 3240 d.
1108 3189 1224 3242 Roem.

68 3255 159 3308 Litt.
178 3254 231 3307 Ed·
249 3257 276 3310 t.
295 3274 323 3326 p.
342 3257 403 3314 351.
441 3256 502 3308 Mr.

139 3325 176 3377 Et
194 3323 306 3377 videbat
323 3324 354 3379 in
373 3326 484 3392 literis]
521 3327 630 3392 „Liber
646 3335 729 3380 vetus
746 3327 832 3380 habet
851 3333 878 3380 et
905 3327 1057 3382 vivebat.
1095 3327 1150 3381 Sed
1167 3343 1227 3381 non

69 3394 178 3466 placet:
196 3397 318 3449 verbum
336 3398 541 3451 enimoidebet
560 3397 595 3450 ad
612 3397 722 3449 Aufidii
746 3398 914 3451 caecitatem
940 3396 1101 3451 referturff
1127 3394 1224 3452 Ursin.

70 3467 105 3521 In
122 3483 185 3519 mar
206 3503 213 3517 .
233 3467 321 3521 Goth.
349 3475 383 3519 ut
406 3469 574 3521 coniectura
588 3470 751 3537 *profertur
776 3469 891 3522 vivebat.
929 3468 1010 3522 Idem
1032 3469 1065 3518 in
1083 3469 1227 3523 contextis

68 3534 155 3590 habet
198 3553 240 3589 rc.
259 3537 343 3594 Fabr.
371 3537 435 3600 (nec
452 3555 522 3592 vero
541 3538 637 3591 hamb.
659 3541 735 3594 1566.
759 3556 845 3608 quem
862 3539 931 3590 alibi
949 3547 1114 3591 constanter
1131 3539 1227 3608 sequi·

70 3605 132 3672 tur)
151 3607 182 3657 in
209 3624 273 3659 nnn.
300 3616 406 3674 autem,
436 3610 571 3675 „Omnes
594 3609 645 3671 ait,
668 3609 739 3660 libri
765 3608 893 3662 videbat:
928 3618 1017 3663 recte.
1060 3609 1126 3663 Etsi
1147 3609 1226 3663 enim

70 3676 162 3730 oculis
180 3684 278 3745 captus
297 3693 338 3742 ca,
364 3696 435 3748 quae
453 3681 503 3733 snb
522 3681 687 3750 adspectum
705 3680 819 3745 cadunt,
849 3680 1001 3733 oculorum
1019 3698 1102 3733 sensu
1120 3680 1227 3734 diiudi-

71 3763 138 3830 care
156 3761 215 3828 non
232 3754 360 3815 poterat;
384 3749 452 3817 quia
470 3759 569 3834 tannen
594 3750 625 3801 in
642 3749 766 3834 historia
783 3751 931 3804 scribenda
949 3752 1112 3835 ceterisque
1129 3751 1226 3834 literis

71 3815 703 3960 tettlttttttffletilttttttt?
712 3821 866 3956 [titt.
879 3822 1228 3958 tittfffl‘ttttttt

72 3957 153 4029 sylb.
173 3956 205 4010 in
222 3957 357 4010 lemmate
375 3963 516 4015 annotatis
535 3962 662 4015 ciusdem
680 3963 837 4015 sententiae
854 3964 970 4027 vivebat,
993 3963 1042 4014 sed
1060 3962 1091 4013 in
1110 3970 1228 4032 coptex-

72 4029 111 4082 tis
133 4029 220 4085 habet
241 4027 368 4082 'videbat
404 4030 495 4084 Habet
516 4032 625 4087 eieciat
648 4034 736 4086 etiam
760 4032 925 4098 HW01fius,
953 4033 1082 4102 itemque
1107 4032 1177 4088 Dav.
1196 4033 1228 4083 in

73 4098 126 4153 Ed.
145 4103 172 4155 2.
192 4100 309 4153 iubente
327 4099 469 4168 Bentleio,
496 4103 597 4171 quibus
621 4103 730 4156 accedit
752 4102 844 4154 Bouh.
872 4104 986 4168 addens,
1013 4104 1090 4156 idem
1112 4103 1173 4154 iam
1195 4102 1228 4167 in

74 4177 205 4224 suentem.
218 4169 332 4224 venisse
351 4171 386 4231 G.
406 4171 433 4226 J.
452 4173 549 4246 vossio
568 4173 603 4226 de
621 4174 696 4226 Hist.
717 4173 768 4225 Gr.
788 4174 835 4226 IV.
858 4177 899 4231 14.
929 4172 973 4237 [la
993 4174 1080 4240 enim,
1105 4173 1169 4226 Etsi
1188 4181 1226 4239 et,

73 4241 125 4306 ait,
143 4242 249 4296 vivebat
273 4241 373 4318 legere
396 4242 494 4312 possis.
529 4243 585 4296 Sed
607 4244 689 4312 prius
712 4244 798 4308 rnalo,
825 4246 893 4313 quia
916 4261 1067 4298 caecorum
1091 4240 1233 4309 duntaxat

76 4313 207 4383 exempla
224 4313 451 4381 referuntur:]“
479 4315 554 4368 Cum
575 4331 645 4368 vere
663 4314 730 4368 Aur.
748 4315 898 4384 scripserit
918 4315 1068 4370 historiam
1086 4316 1228 4371 Graecam

76 4382 136 4438 sine
155 4382 240 4443 dnbio
259 4383 367 4452 Graece
386 4385 426 4452 [r.
439 4396 536 4442 annot.
556 4385 696 4455 anteced]
713 4385 853 4455 „dubium
870 4394 950 4442 certe
968 4402 1028 4440 ncn
1045 4397 1139 4459 potest
1158 4405 1226 4460 esse,
1279 4398 1281 4402 ’

931 4491 1000 4556 16*
