2856 5084
206 273 268 339 144
367 264 378 277 ⁶
399 271 630 338 CICERONIS
650 270 899 340 TUSCULAN.
921 262 1152 338 DISPUTAT.

206 436 267 500 lud
288 438 400 520 paullo
422 439 558 501 uberius
572 436 741 516 videtum)
763 440 859 521 plena
876 436 1078 526 gaudiorum
1095 447 1182 504 sunt.
1217 439 1266 500 Ex
1281 426 1360 522 per-

207 523 318 665 petuis
341 530 452 620 autem
474 522 645 620 plenisque
666 521 798 607 gaudiis
821 542 939 622 quum·
954 525 1166 604 perspicuum
1188 523 1232 583 sit
1253 524 1360 584 vitam

233 613 339 667 eatam
361 611 530 676 exsistere,
552 613 715 687 sequatur,
749 613 789 666 ut
809 624 848 666 ea
871 605 1276 699 exs1statexhonestate.

145 724 189 789 24
248 772 249 775 ,
291 717 369 797 Sed,
408 740 450 782 ne
480 722 592 784 verbis
624 717 730 784 solnm
762 723 965 808 attingamus
994 740 1050 799 ea,
1088 741 1172 804 quae
1203 723 1360 785 volumus

143 808 189 862 68·
208 801 397 880 ostendere,
420 801 636 885 proponenda
657 802 816 886 quaedam
847 808 940 885 quasi
962 807 1130 866 moventia
1155 804 1252 884 sunt‚'
1273 824 1359 888 quae

209 907 269 949 nos
287 888 391 972 magis
411 885 453 947 ad
469 889 695 971 cognitionem
714 888 1031 973 intelligentiamque
1049 895 1258 949 convertant.
1296 887 1360 950 Sn-

208 978 321 1031 matur
343 971 431 1030 enim
453 970 548 1030 nobis
571 968 702 1050 quidam
724 979 896 1052 praestans
918 972 974 1033 vir
993 971 1130 1052 optimis
1152 970 1292 1044 artibus,
1315 972 1360 1031 is-

204 1073 272 1135 que
295 1052 406 1113 animo
433 1071 615 1134 parumper
645 1062 679 1116 et
699 1054 903 1138 cogitatione
925 1053 1085 1138 fingatur.
1135 1052 1286 1114 Primum
1308 1055 1360 1115 in·

209 1137 309 1222 genio
333 1136 456 1197 eximio
480 1135 524 1196 sit
545 1154 678 1197 necesse
700 1143 769 1210 est3
800 1134 907 1197 tardis
936 1141 1025 1198 enim
1054 1135 1220 1196 mentibus
1249 1137 1361 1198 virtus

211 1341 386 1413 quaeflonge
406 1338 576 1392 concinnior
595 1346 646 1402 est,
665 1335 832 1399 lectionem,
856 1346 889 1390 ut
907 1340 1002 1392 omnia
1025 1341 1083 1394 rite
1106 1349 1279 1410 sequantur:
1305 1341 1361 1396 sed

210 1413 279 1468 r'tta
303 1411 459 1478 (dicendum
486 1409 559 1464 illud
585 1407 661 1462 idem
679 1410 777 1479 paullo
798 1408 912 1466 uberius
938 1411 1061 1476 uidetur)
1108 1413 1171 1464 tear
1189 1413 1362 1479 gaudiorum

209 1479 306 1608 gagg?
323 1481 358 1536 Α,
377 1479 506 1535 schottus
523 1482 545 1532 l.
565 1496 590 1539 c.
609 1498 637 1551 p.
657 1483 718 1536 336.
755 1481 849 1547 „Non
867 1490 909 1534 est
927 1498 996 1555 opus
1013 1482 1068 1537 hac
1080 1429 1195 1537 Schotti
1214 1482 1362 1554 segegar

236 1570 249 1606 e
284 1594 291 1606 .
465 1573 469 1578 ·
1372 1594 1374 1598 Α

281 1624 352 1678 idem
369 1622 457 1692 illud]
483 1623 554 1676 Edd.
572 1632 644 1680 vett.
663 1623 818 1696 pleraeque
837 1633 903 1679 ante
923 1624 1014 1678 Gebh.
1034 1625 1148 1679 inverso
1167 1626 1268 1679 ordine
1287 1625 1361 1681 illud

208 1693 294 1749 idem.
332 1696 388 1750 Sed
412 1703 542 1748 nostrum
570 1695 700 1748 ordinem
725 1713 793 1747 cum
817 1694 904 1748 Codd.
929 1698 993 1750 fero
1012 1697 1141 1750 omnibus
1164 1697 1271 1750 habent
1288 1698 1361 1751 Edd.

209 1769 285 1820 Vict.
305 1768 372 1820 Rob.
392 1765 491 1836 Steph.
511 1767 611 1820 Herw.
630 1764 733 1834 (1540.)
752 1775 781 1819 et
799 1782 896 1819 omnes
914 1776 979 1837 post
999 1767 1089 1821 Gebh.
1110 1767 1165 1821 Sed
1184 1762 1257 1822 Gud.
1276 1767 1361 1822 habet

210 1855 277 1890 cum
296 1839 370 1892 Gud.
381 1840 406 1893 2.
424 1837 498 1890 illud
516 1838 600 1898 idem,
618 1837 680 1890 Duo
691 1838 760 1890 Oxx.
782 1837 921 1889 omittunt
933 1839 1016 1904 idm,
1035 1839 1131 1892 Duisb.
1152 1840 1262 1892 omittit
1279 1839 1361 1906 illud,

211 1909 266 1962 duo
286 1910 356 1962 Oxx.
375 1907 482 1962 habeut
500 1909 644 1962 dicendum
662 1907 675 1960 s·
685 1908 705 1961 d
719 1908 826 1977 paullo,
845 1908 921 1962 alter
939 1927 1039 1963 eorum
1056 1909 1151 1965 uideri
1168 1928 1222 1981 pro
1240 1912 1360 1966 uidetur.

149 1989 151 1993 “
210 1981 291 2036 Unus
308 1981 406 2056 pergit
431 1981 465 2032 de
482 1985 536 2050 pro
561 1996 602 2033 er.
640 1978 720 2032 idem
747 1980 778 2031 in
796 1997 875 2049 seqq.
899 1979 985 2034 habet
1012 1988 1041 2034 ut
1068 1998 1107 2034 esc
1133 1997 1168 2034 ea
1189 1998 1243 2054 pro
1266 1990 1297 2037 ut
1320 1998 1361 2036 ea.

210 2052 382 2118 „Exieterer
419 2049 501 2103 Fahr.
523 2051 688 2104 concinere:
716 2050 794 2103 nihil
812 2051 938 2103 annuo.“
961 2050 1043 2106 Gedlr.
1082 2051 1148 2106 coa.
1168 2053 1265 2106 Duisb.
1290 2054 1362 2108 item

211 2125 370 2187 concinere,
395 2130 424 2173 et
442 2122 548 2174 beatam
565 2122 661 2185 citam,
707 2138 740 2174 ro
758 2122 846 2175 vitam
864 2122 981 2178 beatum.
1018 2124 1078 2177 Mt.
1111 2176 1116 2183 ,

282 2193 340 2247 Sed
358 2192 505 2246 dicendum
523 2193 597 2246 idem
615 2139 706 2256 illud)
728 2193 811 2245 Haud
829 2210 894 2248 sane
913 2194 1003 2264 capio,
1023 2194 1094 2264 quid
1112 2194 1165 2247 sibi
1183 2196 1257 2249 velit
1275 2195 1362 2249 Andr.

212 2263 357 2331 Schottus,
377 2265 428 2335 qui
445 2264 552 2317 Nodor.
573 2263 665 2317 Cicer.
685 2263 735 2317 lib.
754 2265 790 2316 11.
811 2281 871 2334 cap.
890 2266 934 2320 20.
955 2265 996 2316 cit
1014 2283 1043 2320 se
1063 2283 1098 2318 ex
1115 2268 1223 2319 veteris
1241 2269 1365 2337 scriptu·

212 2354 259 2389 rae
277 2337 409 2412 vestigiis
429 2336 596 2400 rescribere,
616 2335 666 2388 sed
682 2335 735 2388 itta
753 2335 911 2399 (dicendum
936 2336 1010 2391 illud
1032 2335 1106 2390 idem
1131 2339 1229 2406 paullo
1251 2339 1364 2393 uteriui

148 2442 150 2447 -
206 2407 335 2471 uidetur)
360 2408 444 2475 plena
461 2405 631 2475 gaudiorum
648 2412 721 2460 suat.
759 2407 820 2459 Hoc
844 2407 928 2460 modo
954 2415 1067 2460 certum
1092 2417 1144 2474 est,
1173 2407 1290 2463 Codices
1315 2426 1365 2463 no·

212 2487 286 2532 stros
304 2477 571 2602 relpeptaenomiua
589 2477 722 2530 suadere
740 2477 871 2544 lectioni,
891 2495 963 2547 quae
982 2495 1176 2551 sanaprorsus
1195 2489 1237 2535 est
1256 2489 1285 2533 et
1304 2481 1365 2533 sin·
1389 2533 1391 2537 .

213 2568 286 2604 cera.
355 2585 362 2601 .

285 2637 344 2688 cap.
364 2622 408 2675 24.
428 2618 485 2672 Sed
501 2636 535 2673 ae
552 2617 645 2672 uerbis
663 2622 754 2672 sotum
772 2621 943 2688 attingamus
962 2620 1006 2687 ea]
1031 2622 1112 2677 Unus
1130 2621 1181 2676 Ox.
1200 2619 1366 2689 attigamur,

214 2691 287 2742 alius
310 2691 496 2742 attendamus.
533 2691 632 2765 Pergit
660 2690 726 2746 God.
753 2693 822 2765 Reg.
848 2707 953 2758 eaque
974 2694 1104 2746 uolumus.
1129 2694 1203 2743 Mon.
1226 2695 1250 2745 1.
1271 2698 1365 2745 ostea-

155 2810 158 2817 .
215 2761 281 2814 dere
298 2761 439 2827 rotumum
458 2761 512 2813 duo
533 2763 601 2814 Oxx.
619 2763 842 2831 praeponenda.
863 2763 936 2815 Gud.
958 2762 1066 2817 omittit
1085 2761 1227 2837 quaedam.
1265 2764 1367 2838 Pergit

146 2839 151 2848 '
214 2834 289 2887 lllon.
310 2838 335 2889 1.
362 2849 428 2886 cum
453 2848 510 2884 uno
529 2833 578 2886 Ox.
609 2833 743 2902 quaedam
765 2841 946 2899 momenta,
970 2833 1045 2887 unde
1069 2833 1100 2885 in
1116 2833 1215 2887 Rehd.*
1234 2842 1298 2886 orta
1323 2842 1366 2888 est

214 2904 304 2957 lectio
329 2905 404 2955 mira
429 2905 565 2971 quaedam
588 2905 721 2969 fomenta.
759 2905 802 2956 Ad
826 2923 852 2956 v.
873 2904 1060 2972 cognitionem
1077 2903 1226 2978 intellige:
1256 2921 1365 2970 eorum,

215 2992 287 3046 quae
306 2992 391 3045 supra
431 2975 571 3028 eneratim
595 2975 736 3044 disputata
754 2983 836 3040 sunt;
861 2984 894 3028 ut
912 2985 992 3028 recte
1006 2975 1132 3044 explicat
1150 2974 1282 3028 Neidius.
1301 2978 1367 3030 Mox

215 3046 304 3100 Rehd.
324 3048 403 3100 uadis
443 3046 506 3098 abet
523 3053 588 3117 post
606 3046 727 3112 puidam.
745 3047 798 3099 Ed.
819 3044 851 3097 A.
873 3047 1004 3116 quidem.
1025 3044 1093 3098 cod.
1115 3047 1187 3099 Gud.
1207 3050 1233 3102 2.
1255 3048 1367 3117 optimis

218 3117 366 3169 actibus.
404 3116 515 3169 Deinde
533 3117 629 3169 Duisb.
650 3123 674 3170 et
693 3119 866 3181 cogitatione
883 3119 1010 3186 fingatur
1024 3133 1183 3186 parumper.
1220 3119 1298 3183 „Pro
1316 3119 1367 3184 fin-

216 3194 301 3312 gatur
319 3187 419 3239 malim
437 3189 553 3256 figatur.
592 3189 666 3241 Nam
684 3188 790 3255 fingere
808 3205 867 3241 non
886 3205 952 3241 cum
968 3205 1121 3257 parumper
1145 3189 1300 3242 convenire
1323 3191 1367 3242 vi·

238 3258 334 3312 etur.“
352 3258 465 3312 Nicaea.
504 3258 588 3324 Quasi
610 3276 678 3312 vero
705 3261 792 3326 figere
815 3277 862 3312 ma
884 3259 907 3311 is
935 3260 1101 3314 conveniat!
1139 3262 1206 3313 Non
1224 3270 1304 3314 recte
1322 3260 1367 3315 in·

216 3330 333 3384 tellexit
350 3330 499 3384 Nissenius
515 3346 674 3398 parumper.
703 3332 790 3383 Recte
810 3277 936 3400 expdicat
953 3331 1136 3387 Doederlein.
1156 3333 1229 3384 Lat.
1249 3331 1364 3402 Etym.

215 3418 245 3453 u.
266 3400 394 3471 Syuon.
414 3402 436 3456 l.
457 3419 485 3472 p.
507 3403 567 3456 147.
594 3403 658 3454 Est:
678 3400 713 3453 ad
730 3402 817 3453 breve
835 3410 948 3472 tempus
967 3403 1107 3477 fingamus
1125 3404 1205 3455 nobis
1224 3403 1319 3456 animo
1338 3412 1367 3457 et

218 3473 393 3546 cogitatione
422 3472 561 3526 eiusmodi
591 3474 690 3524 virum
715 3480 916 3542 praestantem.
953 3475 1008 3526 Pro
1032 3473 1158 3541 primum
1185 3474 1271 3526 habet
1299 3474 1368 3528 Cod.

197 3543 316 3596 'Duisb.
344 3545 446 3612 primo,
472 3560 557 3613 supra
580 3543 632 3594 lin.
659 3548 684 3595 rt.
721 3545 800 3596 ldem
824 3543 860 3596 eit
879 3545 991 3599 eximio.
1018 3544 1107 3597 Rehd.
1132 3544 1289 3599 eximius
1313 3545 1368 3598 aits

219 3615 356 3687 Agnoscis
374 3633 492 3667 manum
509 3615 689 3668 correctoris.
726 3615 787 3670 Mr.

290 3685 387 3738 tardis
405 3688 476 3740 enim
494 3687 629 3739 mentitur
650 3684 742 3738 uirtus
766 3702 820 3740 noa
850 3684 935 3752 facile
960 3685 1216 3753 committitur]
1254 3690 1369 3753 „Manu

220 3757 322 3827 scripti
341 3757 461 3822 codices,
480 3766 515 3809 ut
533 3758 667 3822 arbitror,
685 3757 791 3809 melius
809 3765 838 3809 et
857 3757 1018 3832 elegantius
1030 3757 1299 3814 habentcomitatur
1316 3775 1369 3830 pro

219 3827 414 3883 committitur:
444 3829 474 3881 id
492 3837 542 3886 est:
568 3828 728 3880 tardiorum
747 3828 932 3904 ingeniorum
951 3845 1016 3881 raro
1034 3829 1128 3882 virtus
1146 3847 1240 3883 comes
1264 3839 1307 3883 est
1329 3837 1371 3883 at·

220 3918 276 3972 que
296 3919 327 3953 ea
345 3909 478 3954 sectatur.
515 3899 617 3952 Utitur
640 3899 709 3952 alibi
737 3900 824 3951 etiam
843 3899 944 3952 Cicero
967 3899 1023 3953 hoc
1042 3900 1125 3954 modo
1153 3901 1276 3954 dicendi.
1315 3899 1371 3954 Sed

218 3982 251 4025 ut
270 3973 362 4025 omnis
381 3971 531 4042 scrupulus
549 3970 680 4036 tollatur,
708 3970 878 4023 adducemus
904 3971 1002 4023 locum
1029 3972 1060 4023 in
1078 3969 1135 4024 hoc
1153 3972 1214 4042 ipso
1240 3972 1316 4024 libro
1336 3990 1371 4025 cx

219 4045 335 4097 Platone
355 4060 528 4113 expressum,
549 4059 584 4094 ex
602 4058 669 4110 quo,
690 4060 775 4110 quam
792 4042 853 4093 vim
870 4041 926 4095 hoc
944 4043 1065 4095 verbum
1084 4042 1135 4095 hic
1154 4043 1370 4109 attentabant,

220 4116 306 4171 facile
341 4114 470 4186 perspici
518 4113 620 4164 oterit:
658 4113 756 4182 inquit
784 4113 862 4165 enim
888 4111 930 4179 [c.
954 4115 998 4170 35.
1028 4112 1049 4178 5.
1078 4113 1170 4180 loo.]:
1208 4114 1371 4184 Ceteroque,

222 4188 473 4256 praecomitantur
509 4182 554 4236 uic
571 4186 662 4238 citae:
687 4201 753 4236 cum
770 4184 843 4237 haec
861 4185 920 4236 sint
936 4185 1023 4238 verba
1040 4185 1168 4239 Platonis
1194 4186 1225 4237 in
1252 4185 1372 4256 epistola

222 4257 257 4311 ad
274 4258 374 4311 Dionis
398 4256 584 4326 propinquos,
604 4273 675 4324 quae
694 4255 747 4309 ille
765 4257 989 4327 interpretatur:
1010 4259 1055 4309 καὶ
1074 4255 1127 4310 ὅσα
1145 4256 1230 4324 τούτῳ
1258 4253 1371 4317 ξυνέπε-

221 4347 266 4381 ται
292 4335 331 4395 rot
357 4331 415 4394 βίῳ.
459 4327 549 4393 Quare
573 4327 736 4380 existimare
765 4344 923 4400 possumus,
951 4327 1030 4380 hunc
1062 4329 1160 4381 locum
1186 4328 1373 4398 depravatum

222 4401 309 4454 fuisse
328 4399 361 4451 ab
380 4398 489 4470 aliquo,
514 4399 573 4468 qui,
597 4415 664 4452 cum
682 4399 809 4454 sincerae
826 4399 961 4454 lectionis
987 4398 1169 4454 intellectum
1192 4417 1250 4453 non
1273 4416 1373 4470 perce·
