2856 5084
188 292 250 361 ass
372 289 598 358 oronnoms
619 240 865 358 ruscumn.
887 238 1115 379 unrumr.

190 459 366 544 quaeriue
394 478 432 520 ea
453 461 531 536 sint,
553 459 652 544 longe
673 466 708 520 et
728 467 821 521 retro
842 457 994 541 ponenda
1021 461 1161 521 censeat.
1212 455 1342 542 Reliqui

189 542 313 606 hebere
333 539 540 605 se-videntur
552 542 735 626 angustius,
760 549 896 605 enatant
910 550 1039 615 tamem
1059 541 1236 622 Epicurus,
1257 541 1343 604 Hie-

190 643 362 705 ronymus,-
384 631 419 684 et
439 624 469 684 si
491 625 548 705 qui
569 632 657 701 sunt,
679 625 738 706 qui
760 621 929 685 desertum
949 623 1045 685 illum
1062 621 1265 686 Carneadem
1284 645 1342 686 cu·

191 715 270 773 rent
290 704 479 770 defendere.
522 704 630 768 Nemo
652 714 702 768 est
724 708 812 767 enim
834 724 963 784 eorum,
985 707 1064 788 quin
1085 705 1250 768 bonorum
1271 711 1342 769 ani-

261 875 374 946 Reliqui
397 873 498 930 iniere
520 891 551 929 ee
575 874 703 929 videntur
734 873 908 943 engratiae]
945 874 1007 939 „ln
1036 875 1139 927 maiori
1167 873 1341 930 difficultate

191 964 261 1014 esse,
280 948 421 1018 quomodo
439 965 469 1000 se
487 962 623 1017 suamque
640 947 811 999 sententiam
828 944 989 998 defendent.
1027 944 1150 998 linatanl
1169 952 1269 1012 tamen,
1292 948 1342 1001 sed

190 1026 288 1073 tamen
312 1026 460 1088 utcunque
483 1034 512 1070 se
536 1035 572 1070 ex
598 1014 848 1070 illadlffioultate
872 1014 1059 1085 exp'cdiunt.“
1085 1015 1155 1070 lira.
1192 1017 1275 1070 Verb.
1303 1036 1340 1072 ex

192 1089 261 1144 (iod.
281 1090 376 1143 nescio
396 1105 453 1158 quo
472 1089 599 1144 enotavit
617 1087 726 1157 reliqui
742 1086 827 1160 enin
844 1083 959 1152 dabereq
984 1086 1069 1138 Vind.
1089 1091 1115 1144 d.
1134 1087 1220 1141 habet
1238 1086 1342 1157 reliqui

189 1175 220 1214 se
243 1159 352 1225 dobere,
389 1160 487 1226 Marb„
504 1162 579 1212 Mon.
598 1161 625 1215 2.
651 1158 749 1210 Duisb.
775 1175 850 1210 unus
876 1158 927 1211 Ox.
955 1156 1062 1228 reliqui
1088 1160 1147 1226 qui
1177 1155 1274 1213 Mdere
1299 1174 1341 1224 ee,

191 1230 264 1286 oua.
284 1234 311 1288 2.
336 1229 442 1298 reliqui
463 1244 482 1281 a
508 1228 568 1298 qui
592 1227 652 1282 loo.
679 1244 718 1282 ee.
754 1229 875 1281 Volebat
892 1229 1012 1282 fortasse
1030 1226 1137 1299 reliqui
1153 1235 1256 1297 aulem,
1282 1229 1340 1300 qui.
1402 1246 1404 1250 ·

194 1301 238 1356 Gi.
257 1319 361 1356 novam
376 1300 540 1355 Forcellini
557 1300 610 1354 Ed.
631 1299 730 1353 Germ.
772 1300 859 1355 .174.
879 1299 905 1354 b.
941 1298 1001 1352 Mr.
1149 1317 1151 1322 ·
1273 1344 1276 1348 .

218 1386 221 1391 ·
260 1370 360 1427 iubere
385 1370 567 1425 recidentur
591 1316 769 1439 augustiani
796 1371 878 1426 Unus
905 1369 954 1424 01.
979 1368 1037 1439 qui
1059 1367 1276 1424 iereremini
1303 1387 1343 1438 se,

87 1416 90 1421 .
190 1444 263 1499 alius
281 1442 343 1514 qui
359 1439 487 1496 ierere
503 1458 541 1495 ee.
566 1442 640 1496 Gud.
659 1445 686 1497 2.
709 1441 797 1494 Macb.
825 1442 901 1497 Mon.
922 1444 946 1494 1.
965 1435 1019 1493 Ed.
1039 1443 1068 1496 P.
1088 1438 1243 1509 angustiis,
1278 1439 1343 1494 Duo

191 1517 259 1570 0¹1.
280 1514 420 1567 omittunt
437 1521 535 1567 lamen.
572 1515 608 1567 ln
624 1515 700 1566 Mon.
720 1516 745 1566 l.
766 1518 809 1564 est
825 1509 1027 1566 Hieronimue.
1064 1511 1146 1564 Idem
1170 1511 1281 1564 omittit
1304 1511 1342 1578 ei,

190 1585 278 1642 Marb.
296 1583 427 1638 habetet
445 1581 480 1639 lli
497 1582 547 1654 qui
564 1591 635 1638 sunl.
672 1583 734 1637 Mr.

261 1654 310 1727 qui
327 1657 503 1710 disertum
519 1654 601 1709 illum
619 1653 794 1709 Carneadem
812 1658 909 1708 curent
926 1651 1084 1719 defendere]
1112 1655 1229 1719 „Paene
1243 1655 1343 1724 recepi

191 1728 222 1779 in
239 1734 353 1780 textum
370 1727 526 1781 lectionem
534 1725 605 1779 Pall.
625 1732 692 1778 tert.
711 1732 806 1793 quart.
826 1725 920 1794 quint.
940 1722 1025 1776 Fabr.
1045 1723 1193 1777 decertum
1209 1732 1344 1787 constan-

190 1806 236 1851 ter
255 1806 284 1852 et
301 1797 412 1866 liquide
431 1796 720 1868 repraesentantium:
740 1812 794 1848 nec
812 1802 895 1865 putat
912 1793 957 1847 cl·
976 1795 1120 1848 Gruterus
1137 1801 1237 1847 noster
1254 1795 1342 1849 aliter

190 1869 335 1940 scripsisse
352 1867 515 1920 Tullium.“
533 1864 616 1920 Geta.
637 1867 809 1933 ‚meseum
825 1865 912 1919 habet
930 1864 998 1920 cod.
1016 1867 1085 1949 Reg.
1106 1872 1135 1918 et
1153 1865 1265 1935 aliquot
1280 1867 1342 1933 alii,
1384 1922 1388 1930 ,
1421 1865 1423 1869 ’

190 1952 313 2010 qnorum
330 1939 418 1992 lectio
437 1939 543 1992 merito
562 1937 688 2008 praelata
706 1947 755 1991 est
766 1956 783 1990 a
800 1936 931 1989 Bentleio
951 1944 980 1989 et
997 1934 1145 1989 Davisio.“
1181 1934 1270 1990 Bauli.

259 2011 411 2064 Desertum
428 2010 507 2063 illum
526 2007 701 2075 Carneaden]
739 2007 834 2082 Vulgo
853 2007 1000 2061 disertum.
1022 2008 1090 2072 Nos,
1110 2008 1238 2061 Grntoro
1256 2009 1344 2063 Bent-

188 2081 304 2152 leioque
326 2080 520 2151 probantibus,
547 2082 618 2155 Reg.
640 2079 788 2132 Pithoean.
817 2078 890 2135 Med.
915 2077 984 2130 Pall.
1005 2085 1073 2144 tres,
1100 2079 1229 2149 aliosque
1253 2079 1342 2135 bonae

68 2202 75 2213 s
111 2176 113 2180 ·
189 2159 272 2206 notae
291 2154 389 2205 Msstos
407 2151 564 2222 sequimur.
602 2151 639 2204 D·
687 2175 688 2178 ¹

221 2276 226 2283 ,
260 2223 402 2278 desertum
419 2221 500 2276 illum
518 2220 702 2288 carneadem]
739 2219 859 2292 „Vulgo
887 2228 930 2272 est
953 2216 1099 2274 disertum.
1135 2220 1175 2273 Et
1190 2221 1257 2274 'fuit
1275 2241 1341 2279 sane

189 2293 319 2347 disertus.
352 2293 412 2347 ‘o'ed
435 2293 506 2362 quid
533 2292 563 2347 id
585 2292 620 2345 ad
643 2294 774 2345 causam?
810 2289 889 2344 MSS.
908 2290 1007 2360 plures
1032 2290 1105 2344 bene
1122 2289 1231 2344 habent
1249 2293 1343 2349 deser-

189 2371 253 2430 tum,
273 2364 348 2433 quod
366 2381 432 2416 cum
448 2364 542 2416 Bentl.
561 2361 731 2416 Dar.Bonh.
751 2361 890 2415 reducere
909 2378 966 2414 non
985 2361 1130 2417 dubitavi:
1141 2362 1232 2416 Vocat
1246 2373 1343 2419 autem

190 2435 339 2501 desertum,
360 2435 428 2505 quia
446 2433 507 2486 eius
526 2434 700 2488 sententiam
717 2433 752 2485 de
771 2431 973 2485 summobono
999 2448 1083 2485 nemo
1102 2431 1341 2489 Academicorum

187 2512 255 2577 post
280 2523 346 2560 eum
369 2503 529 2559 defendit.“
556 2505 624 2559 lira·
662 2505 727 2556 Post
752 2503 899 2555 Davisium
923 2519 1007 2556 nemo
1029 2502 1118 2556 rediit
1142 2503 1177 2556 ad
1201 2505 1341 2573 disertum,

189 2577 266 2644 quod
287 2583 405 2646 praeter
421 2574 493 2628 Edd.
521 2583 594 2628 vett.
614 2574 723 2645 ,habent
748 2573 834 2628 etiam
858 2581 982 2644 quatuor
1006 2574 1075 2628 Oxx.
1100 2572 1185 2628 codd
1210 2577 1280 2651 neg.
1311 2587 1341 2631 et

191 2646 264 2703 Gud.
284 2646 391 2705 habent
409 2645 633 2699 Carneadeum.
671 2646 731 2698 Mr.

258 2717 344 2772 Nemo
362 2722 406 2770 eet
424 2715 507 2784 enim,
533 2717 582 2786 qui
608 2732 708 2770 eorum
729 2717 863 2770 bonorum
880 2713 1003 2770 animum
1018 2721 1095 2785 putet
1121 2731 1181 2770 eree
1205 2713 1338 2785 iudicare]

189 2789 267 2842 Haeo
285 2788 326 2840 ita
342 2788 440 2841 laudat
456 2787 568 2842 Nonius
586 2787 619 2841 in
636 2787 863 2855 condocesacere,
883 2796 912 2840 et
929 2788 970 2839 ita
988 2787 1056 2839 dant
1073 2786 1193 2862 vulgati.
1230 2786 1286 2840 Sed
1303 2787 1342 2841 il-

111 2868 113 2873 ’
188 2859 246 2913 lius
270 2867 300 2914 et
318 2859 456 2913 Codicum
481 2859 634 2912 auctoritas
657 2875 716 2912 non
737 2859 818 2924 facit,
850 2866 883 2911 ut
901 2857 1034 2911 mendosa
1053 2874 1110 2911 non
1136 2858 1341 2926 assentorium,

190 2948 257 2985 cum
275 2930 329 2996 rei,
349 2948 435 3001 quam
452 2929 518 2982 vult
536 2929 648 2994 Cicero,
675 2929 760 3000 plane
779 2937 957 3004 repugnent:
982 2929 1007 2980 si
1026 2929 1104 2982 enim
1122 2928 1263 2983 bonorum
1280 2931 1342 2983 ani-

189 3019 271 3055 mum
288 3018 347 3055 non
363 3007 467 3072 putant
485 3016 543 3053 esse
562 3000 705 3066 iudicemq
731 3017 877 3066 curcum,
898 3016 1016 3069 quaeso,
1036 3011 1076 3066 ea,
1102 2999 1264 3069 quaebona
1282 3019 1344 3054 ma·
1393 3017 1396 3020 ⁴

188 3073 253 3129 lave
270 3072 442 3137 videantur,·
459 3070 563 3124 doc'ent
581 3073 784 3125 contemnere?
820 3071 854 3124 ld
872 3071 947 3123 vidit
965 3070 1129 3135 Lambinus,
1152 3068 1282 3141 adeoque
1300 3073 1343 3125 le·
1408 3097 1412 3104 ·

212 3143 244 3208 't‚
263 3142 328 3212 quin
346 3157 440 3195 eorum
458 3142 596 3199 donorum.
633 3141 678 3195 cl.
697 3151 793 3194 autem
811 3142 958 3197 Bentleius
984 3141 1101 3212 reponit
1126 3140 1192 3211 quin
1215 3158 1344 3196 verorum

206 3229 327 3269 anonam.
365 3213 428 3288 Ego
452 3228 517 3264 sane
543 3219 639 3265 totum
662 3213 761 3265 locum
787 3211 828 3264 sic
853 3212 1063 3265 restituendum
1089 3219 1170 3281 puto,
1197 3228 1272 3266 neno
1299 3221 1341 3267 eet

189 3282 264 3339 enim
283 3299 393 3350 eorum,
421 3282 473 3353 qui
491 3283 623 3337 donorum
645 3282 768 3335 animum
785 3299 844 3335 non
860 3288 938 3351 putet
962 3298 1021 3336 ease
1045 3281 1173 3336 iudicem.
1211 3285 1340 3337 Particu-

189 3355 249 3409 lam
272 3362 426 3430 negantem
450 3354 644 3424 suppeditavit
661 3352 771 3406 Eliens.
799 3371 854 3407 sec.
877 3355 973 3407 levem
990 3369 1060 3406 vero
1087 3354 1169 3406 illam
1188 3355 1343 3425 transposi-

189 3427 301 3480 tionem
318 3425 440 3478 fecimus
458 3426 624 3478 couieetura
642 3426 723 3492 freti,
751 3441 782 3477 ea
801 3433 906 3491 tamen,
931 3442 1027 3495 quam,
1046 3423 1102 3476 nisi
1121 3424 1218 3492 fallor,
1245 3425 1342 3479 Tullii

190 3514 271 3552 mens
291 3493 441 3572 efflagitat.
478 3491 548 3548 D.'

255 3567 346 3621 Nemo
364 3574 405 3621 eol
422 3566 505 3635 enim,
525 3565 612 3636 quin
631 3581 726 3621 eorum
744 3564 888 3633 tonorum]
924 3566 998 3634 „Sic
1016 3565 1171 3642 legendum
1190 3577 1234 3621 est
1261 3566 1368 3635 [oum'

189 3635 356 3701 Larnbino],
384 3655 555 3708 quamquam
573 3638 684 3692 Nonius
703 3653 825 3708 quoque,
853 3636 897 3702 (in
913 3638 1001 3691 verbo
1019 3638 1255 3706 condocefacere),
1284 3639 1344 3708 qui

190 3722 283 3763 eorum
299 3709 437 3775 donorum,
455 3707 573 3762 habet.“
600 3711 664 3775 Fre.
686 3709 768 3762 Fabr.
804 3711 893 3763 Vetus
918 3709 995 3762 liber
1019 3709 1067 3777 qui
1091 3711 1344 3765 eorum'ionorum

189 3777 325 3844 ommuni,
351 3778 456 3832 melius
480 3796 572 3849 quam.
594 3780 669 3850 quod
686 3779 837 3833 Lambinus
856 3786 948 3834 mutat
975 3780 1057 3850 quin
1081 3777 1211 3834 eorum.“
1236 3777 1342 3836 Scioll.

190 3849 264 3905 Nod.
283 3845 342 3904 cle.
363 3851 400 3904 ll.
420 3852 465 3905 uo.
502 3852 562 3905 Mr.
1326 3859 1332 3870 '

259 3937 337 3976 nemo
364 3927 405 3976 erl
423 3920 505 3989 enine,
534 3923 596 3992 qui
619 3938 714 3977 eorum
733 3923 780 3990 —]
817 3924 937 3990 „Locus
967 3922 1028 3976 sine
1057 3922 1142 3976 dubio
1170 3932 1340 3992 corruptus:

190 3992 382 4063 quem'variis
400 3993 490 4046 modis
508 4001 657 4050 tentarunt
674 3995 735 4048 viri
753 3995 859 4049 critici.
887 3995 1009 4048 Maxime
1028 3993 1103 4046 mihi
1121 3993 1279 4064 probabilis
1297 3993 1343 4047 vi-

190 4065 275 4118 detur
292 4064 401 4117 Davisii
419 4063 584 4118 coniectura
604 4064 667 4136 [qui
685 4073 781 4119 tamen
800 4066 832 4117 in
849 4065 902 4118 Ed.
922 4068 949 4120 2.
968 4081 1026 4118 non
1045 4082 1133 4131 suam,
1152 4064 1201 4117 sed
1215 4064 1343 4118 Bentleii

190 4135 418 4188 emendationem
434 4135 561 4204 recepit:
581 4137 614 4189 in
630 4137 684 4191 Ed.
702 4141 728 4193 3.
748 4136 922 4204 neutram:].
948 4136 1001 4189 Est
1019 4135 1116 4188 eadem
1134 4135 1278 4188 sententia
1298 4135 1343 4187 in-

190 4207 235 4258 fra
252 4204 288 4258 ad
305 4206 467 4276 Epicurum
484 4208 643 4275 pertinens,
662 4224 687 4260 c.
706 4211 757 4263 33:
794 4206 889 4261 omnia
913 4207 1047 4271 iucunda,
1075 4220 1238 4276 quamquam
1263 4221 1344 4261 sensu

191 4273 317 4345 corporis
335 4274 506 4340 iudicentur,
526 4278 563 4332 ad
580 4276 703 4332 animum
720 4277 828 4344 referri
845 4277 968 4334 lamen.“
986 4273 1074 4332 Boni.
1113 4279 1201 4343 „Hoc
1220 4294 1280 4330 esse
1300 4279 1343 4331 vi·

190 4346 297 4398 tiorum
315 4349 499 4402 consentiunt
516 4348 575 4400 viri
593 4349 685 4402 docti:
715 4348 763 4403 s'ed
780 4350 892 4402 variant
911 4350 942 4400 in
961 4347 1142 4422 corrigendo.
1178 4345 1350 4416 Bentleius:n

192 4414 258 4485 quin
276 4432 403 4472 verorum
421 4419 566 4482 tonorum
584 4419 728 4472 Davisius:
758 4435 835 4474 nenio
853 4425 894 4473 est
914 4419 987 4474 enim
1005 4433 1108 4485 corana,
1134 4418 1184 4489 qui
1207 4419 1341 4475 donorum
