2856 5084
366 273 719 340 EMENDATIONES
746 272 806 337 AD
827 272 998 338 LIBRUM
1018 274 1061 339 V.
1227 275 1288 340 stt

141 454 182 500 eo,
200 454 262 492 cum
278 437 368 494 uirtus
386 447 413 494 et
428 441 555 510 pratitas
574 447 600 494 et
617 456 752 493 mmmum
770 438 896 506 officium
919 451 1081 507 summaque
1104 436 1290 505 obseruantia,
1328 464 1330 471 ·

141 516 201 563 tum
218 510 311 563 studia
327 510 380 563 illa
398 521 505 578 nostru,
526 513 628 581 quibus
647 518 730 565 autea
749 513 957 575 delectabamur,
977 512 1049 572 nunc]
1060 512 1145 564 etium
1154 510 1292 565 vivimus.

210 615 280 668 ibid.
318 616 512 686 Polyphemum
530 618 678 683 Homerus,
707 634 766 670 cum
784 617 873 671 ariete
892 616 980 670 etiam
998 617 1191 684 colloquentem
1208 617 1290 684 facit,

141 683 255 754 eiusque
274 688 392 741 laudare
410 691 547 754 fortunas,
573 691 646 757 quod
665 689 814 755 quaeritet
833 687 1065 757 ingrediposset,
1092 693 1120 738 et
1144 705 1216 756 quae
1234 687 1292 740 uel·

140 755 178 807 let
202 757 364 825 attingere]
401 761 488 812 Recte
512 761 716 812 animadvertis
742 760 816 828 apud
834 760 991 811 Homerum
1016 758 1071 809 hoc
1097 773 1153 808 non
1171 756 1289 810 haberi:

138 825 181 877 Er
203 844 218 879 o
237 839 286 880 aut
304 829 391 880 finxit
409 831 438 882 id
458 830 569 894 Cicero,
600 840 648 882 aut
673 849 708 882 ex
725 830 848 904 Tragico
874 829 994 899 quodam
1019 827 1149 880 sumsisse
1166 827 1291 881 videtur.
1327 847 1329 854 '

139 843 201 950 Sei
213 907 355 968 postrema
375 900 426 952 illa
446 902 522 956 Quae
540 902 630 966 uellet,
651 901 792 968 attingere
810 900 946 976 languida
965 908 1031 952 sunt
1050 906 1079 951 et
1097 899 1201 952 inania.
1227 898 1294 964 Qui·

110 999 114 1009 ·
139 967 204 1019 dam
222 970 296 1040 apud
314 971 483 1023 Lambinum
502 973 657 1039 Adspicere
674 972 864 1041 reponebant:
888 989 991 1024 verum
1017 970 1073 1022 hoc
1098 968 1191 1023 adhuc
1216 969 1293 1022 dete·

138 1039 209 1089 rius.
252 1041 353 1094 Omnes
381 1043 443 1094 fere
468 1042 614 1095 Gebhardi
647 1043 758 1094 codices
789 1043 874 1097 Quem
903 1043 1087 1112 praeferunt,
1119 1057 1177 1093 non
1207 1042 1290 1096 Quae.

139 1109 222 1162 Unde
241 1113 371 1182 suspicor
387 1113 542 1186 legendum
562 1131 630 1179 esse,
650 1113 693 1165 Et
711 1115 746 1167 in
766 1129 862 1181 quem
879 1113 980 1179 vellet,
1008 1111 1180 1178 (tristare.
1220 1110 1294 1165 Con·

139 1182 220 1303 Benit
244 1184 376 1251 profecto
401 1184 457 1237 hoc
482 1184 619 1254 Cyclopis
645 1184 827 1235 immanitati.
864 1183 968 1237 Accius
995 1183 1069 1252 apud
1094 1181 1233 1238 Nostrum
1251 1183 1293 1234 De

166 1252 236 1303 ivin.
256 1254 280 1319 1,
302 1257 346 1308 ΙΙ.

306 1324 385 1376 Duos
404 1326 624 1391 consanguineos
642 1324 748 1378 arieles
767 1326 833 1378 inde
852 1324 931 1393 eligi.
953 1351 985 1362 -

305 1394 416 1448 Deinde
433 1395 495 1448 eius
512 1411 674 1463 germanum
695 1397 827 1449 cornibus
845 1393 982 1458 counitier

305 1467 339 1518 In
358 1483 402 1519 me
421 1466 553 1531 arietare,
573 1484 657 1536 eoque
675 1465 732 1519 ictu
751 1484 794 1520 me
812 1467 961 1519 adrasum
982 1464 1056 1519 dari.

139 1535 195 1657 Vell
212 1537 330 1659 propips
350 1538 436 1589 etiam
454 1539 553 1608 possis,
572 1539 610 1590 Et
629 1554 706 1606 quem
723 1538 807 1591 uellet
827 1539 963 1592 arietare:
983 1546 1016 1589 ut
1035 1537 1149 1590 Plautus
1168 1534 1199 1590 in
1217 1534 1292 1589 ‘rni-

142 1615 258 1659 euentu
278 1608 315 1671 1,
335 1610 377 1662 2.,

306 1677 375 1733 Quis
393 1678 454 1731 illic
472 1685 523 1742 est,
543 1680 591 1747 qui
608 1683 811 1754 tamnproterue
829 1685 942 1732 nostras
961 1679 1038 1733 aedis
1055 1678 1180 1733 arietat?

139 1744 205 1799 Nisi
223 1749 299 1801 forte
319 1757 347 1800 et
366 1749 416 1801 hic
434 1750 589 1824 legendum
608 1751 655 1816 sit,
673 1758 801 1817 proterve
820 1750 833 1802 i
838 1767 857 1802 n
875 1757 992 1804 nostras.

211 1853 276 1922 Cap.
298 1857 341 1908 41.
380 1857 459 1909 Quod
476 1855 505 1907 si
522 1857 547 1909 ii
560 1854 726 1924 philosophi,
746 1872 862 1924 puerum
879 1872 912 1908 ea
931 1856 1065 1909 sententia
1083 1862 1130 1920 est,
1149 1863 1180 1910 nt
1197 1854 1291 1908 virtue

135 1939 190 1992 per
207 1939 235 1975 se
255 1923 319 1993 ipra
337 1923 409 1985 nihil
425 1927 526 1990 ualeat,
554 1941 684 1994 amneque
703 1928 776 1994 quod
794 1925 937 1979 honestum
961 1944 1011 1980 uas
1029 1933 1056 1979 et
1075 1926 1212 1981 laudabile
1230 1942 1290 1980 esse

139 1994 267 2059 dicimus,
294 1997 325 2048 id
348 1997 394 2049 illi
417 2011 525 2048 cusssrm
544 1997 679 2065 quiddam
704 2003 733 2048 ct
755 1997 837 2049 inani
860 1999 935 2050 uocis
961 2013 1027 2050 sono
1055 1998 1215 2050 decoratum
1232 2012 1290 2050 esee

106 2124 121 2133 ,
138 2065 242 2130 dicant,
262 2064 314 2132 [et]
334 2074 424 2120 tamen
442 2083 549 2137 semper
567 2068 676 2119 beatum
693 2074 803 2120 censent
822 2084 882 2120 esse
900 2067 1067 2135 septenum.-
1091 2067 1157 2135 quid
1176 2056 1288 2120 landem

138 2151 157 2187 a
175 2137 293 2189 Socrate
319 2144 346 2191 et
364 2138 481 2191 Plutone
505 2139 644 2206 profectis
665 2136 836 2207 philosophie
863 2139 1022 2202 faciendum
1044 2143 1143 2207 putes?
1176 2153 1288 2208 prterunt

137 2207 192 2260 ulii
209 2215 318 2260 tantum
334 2209 538 2275 praestantiam
556 2212 586 2262 in
604 2212 684 2263 honis
706 2210 798 2262 animi
820 2225 881 2263 esse
900 2212 1001 2276 dicunt,
1026 2217 1056 2262 ul
1074 2211 1108 2262 ah
1126 2207 1171 2262 his
1189 2224 1287 2278 eorpo-

135 2277 179 2330 ris
203 2289 321 2333 externa
344 2281 507 2333 observent:
545 2282 600 2334 alii
624 2288 715 2334 autem
736 2280 804 2333 haee
828 2298 862 2335 ue
885 2283 954 2334 bona
981 2279 1089 2348 quidem
1113 2281 1221 2344 ducunt,
1254 2279 1288 2334 in

138 2351 248 2404 animus
266 2361 402 2420 reponunt
421 2351 537 2417 omniu]
575 2353 648 2417 Quid
666 2353 820 2421 impulerit
840 2353 1031 2416 Gebhardum,
1055 2351 1138 2421 utin
1157 2360 1287 2405 extremo

137 2428 204 2472 actu
230 2430 289 2473 tam
311 2425 440 2492 turpiter
463 2441 492 2476 se
516 2424 606 2488 daret,
633 2434 744 2491 nequeo
769 2424 925 2477 coniicere.
962 2422 1108 2492 Principio
1135 2422 1210 2476 illud
1236 2427 1286 2488 et,
1355 2438 1362 2451 ·

137 2492 213 2558 quod
235 2501 268 2542 ut
286 2495 443 2546 sententiae
462 2494 598 2546 officiens
621 2493 773 2550 delendum
799 2511 856 2546 esse
883 2504 963 2548 recte
987 2494 1100 2546 monuit
1122 2493 1286 2558 Larnbinus,

137 2561 188 2614 hic
206 2564 323 2628 retinet,
342 2565 402 2632 ipsa
421 2566 496 2617 serie
516 2572 544 2616 et
563 2567 677 2634 syntaxi
696 2574 882 2639 repugnante.
921 2565 995 2618 Ordo
1025 2565 1103 2617 enim
1128 2572 1180 2629 est,
1206 2565 1286 2619 Quod
1315 2598 1319 2607 ·

137 2632 164 2684 si
181 2634 206 2686 ii
221 2632 378 2700 philosophi
395 2642 520 2699 censeut3
546 2644 580 2687 ut
598 2636 695 2687 nullus
719 2637 799 2687 locus
818 2637 855 2687 sit
880 2635 1086 2688 coniunctioni.
1124 2634 1234 2688 Deinde
1254 2651 1289 2687 ex

137 2703 281 2756 codicibus
300 2707 357 2757 suis
376 2707 487 2774 primus
506 2707 643 2776 reposuit,
674 2705 711 2758 Ut
729 2707 763 2759 ab
782 2705 827 2760 his
846 2706 975 2773 corporis
999 2713 1113 2758 esterna
1132 2706 1288 2770 observent3

137 2791 209 2842 quae
236 2793 272 2826 ns
298 2776 420 2846 Oedipus
446 2777 562 2845 quidem
590 2794 722 2829 enarrare
749 2779 867 2846 poterit.
911 2778 970 2843 Quo
1002 2778 1080 2829 enim
1103 2775 1288 2829 referendum

136 2853 179 2896 est
198 2845 342 2915 corporis?
369 2866 405 2898 an
424 2848 520 2899 voluit
547 2846 644 2900 abhis
667 2848 794 2915 corporis
812 2848 908 2901 honis?
936 2848 1016 2918 atqui
1041 2847 1108 2900 haec
1132 2854 1199 2898 sunt
1215 2847 1289 2900 bona

136 2916 234 2966 animi.
255 2935 290 2968 an
308 2917 429 2983 corporis
447 2924 557 2970 esterna
576 2919 665 2970 bona?
691 2919 771 2988 atqui
790 2920 862 2970 bona
880 2919 1003 2986 corporis
1028 2918 1140 2970 diversa
1162 2926 1229 2969 sunt
1253 2917 1287 2970 ab

136 2987 260 3039 externis
287 2989 346 3040 sive
374 2990 505 3042 fortunae
533 2989 624 3041 bonis:
649 2998 785 3058 utsupra
807 3007 831 3041 c.
852 2993 895 3044 30.
936 2988 1003 3042 Tria
1028 2989 1287 3053 guentanorum

135 3056 252 3110 murima
270 3059 361 3123 animi,
380 3060 497 3110 secunda
516 3061 645 3125 corporis,
666 3065 776 3111 caterua
795 3061 890 3113 tertia.
910 3070 939 3112 et
958 3077 982 3111 c.
1004 3061 1046 3114 17.
1075 3059 1138 3112 Cum
1161 3059 1192 3111 in
1212 3059 1285 3111 alte·

134 3143 192 3180 ram
206 3128 311 3182 lancem
330 3129 413 3182 animi
430 3130 500 3183 bonu
518 3130 643 3196 imponat,
662 3130 691 3181 in
709 3132 822 3183 alteram
839 3130 960 3199 corporis
979 3136 1005 3182 et
1024 3136 1145 3182 euterun.
1166 3138 1196 3182 et
1206 3147 1231 3182 e.
1238 3133 1283 3186 ut.

134 3199 197 3252 Sint
223 3215 288 3252 sane
311 3200 365 3255 illa
386 3205 489 3264 genera
515 3202 647 3263 bonorum,
666 3201 731 3253 dum
755 3217 820 3268 corp
852 3203 879 3255 is
903 3208 929 3253 et
956 3207 1068 3263 externa
1090 3200 1180 3254 iacent
1203 3200 1283 3254 humi.

136 3269 192 3323 Sed
209 3271 255 3322 fac
275 3289 341 3323 eum
366 3271 494 3336 edidisse,
524 3272 562 3325 Ut
580 3273 613 3323 ab
632 3270 676 3323 his
693 3273 814 3337 corporis
851 3278 998 3326 lauterna
1025 3272 1172 3324 obturent.
1210 3271 1286 3336 Quid

135 3349 178 3392 est
201 3341 344 3394 obseruare
369 3341 455 3394 hona?
491 3343 556 3411 quis
580 3344 621 3394 sic
643 3343 756 3394 locutus
784 3346 844 3395 est?
880 3344 941 3396 Hoc
971 3352 1066 3395 tamen
1097 3343 1149 3394 ille
1178 3342 1284 3409 voluit,

134 3411 230 3476 credo,
256 3419 285 3464 ut
303 3413 338 3465 ab
355 3412 399 3465 his
418 3412 506 3464 animi
524 3414 614 3477 bonis,
643 3413 767 3465 secundo
793 3414 858 3467 loco
877 3413 1001 3479 corporis
1020 3419 1046 3464 et
1064 3419 1175 3466 estana
1193 3413 1285 3466 otru-

133 3489 207 3547 vent,·
226 3481 282 3534 hoc
301 3492 343 3536 est
361 3484 466 3548 colant,
485 3483 821 3558 diligant,‚renerentur.
859 3484 933 3548 Eho,
958 3483 1042 3536 auid
1066 3484 1132 3535 satis
1155 3490 1207 3548 est,
1231 3499 1285 3535 cur

133 3553 244 3622 sapiens
262 3554 299 3605 sit
324 3571 438 3623 semper
460 3554 567 3618 beatus,
592 3555 616 3605 si
634 3555 707 3606 bona
730 3555 859 3623 corporis
889 3564 917 3607 et
940 3556 1073 3607 fortunae
1097 3554 1130 3605 in
1153 3554 1284 3607 secundis

132 3622 310 3677 habeantur?
337 3625 425 3677 immo
443 3641 513 3678 vero
531 3633 565 3676 ut
582 3641 650 3693 prae
669 3624 758 3676 animi
776 3624 858 3678 bonis
875 3625 946 3677 haec
973 3624 1056 3676 humi
1074 3623 1196 3691 iaceant,
1224 3642 1284 3678 sor-

132 3694 227 3758 deant,
250 3710 303 3763 pro
328 3693 421 3747 nihilo
445 3704 599 3765 putentur3
632 3695 829 3759 obscurentur,
858 3704 1033 3748 evanescant.
1076 3696 1164 3749 Recte
1191 3697 1285 3770 igitur

131 3773 215 3816 vetus
233 3764 330 3829 lectio,
349 3782 435 3833 quam
453 3767 606 3818 hambinus
626 3775 654 3817 et
672 3764 762 3818 Aldus
781 3767 871 3818 secuti
890 3776 964 3830 sunt,
991 3768 1028 3821 Ul
1046 3765 1144 3819 abhis
1162 3767 1285 3832 corporis

131 3841 166 3888 et
184 3843 303 3887 externa
321 3835 565 3889 obscurentur.
604 3839 648 3889 Ita
666 3838 772 3889 Noster
791 3854 873 3907 saepe
892 3839 924 3890 in
942 3838 996 3890 hac
1020 3837 1163 3888 sententia
1181 3838 1283 3890 Obscu-

130 3905 193 3959 ruri
211 3906 282 3957 dicit
300 3914 329 3957 et
347 3907 431 3958 obrui.
469 3907 510 3958 De
530 3908 594 3958 Fin.
615 3906 668 3970 ΙΙΙ,
688 3909 729 3960 14.
768 3907 832 3960 Cum
850 3907 888 3959 sil
906 3910 931 3958 is
956 3908 1078 3957 tonorum
1105 3906 1183 3972 finis,
1211 3922 1284 3974 quem

130 3976 221 4031 Stoici
240 3976 341 4038 dicunt,
361 3977 443 4028 omnis
461 3978 516 4028 ista
535 3992 621 4034 rerum
637 3977 669 4040 in
687 3988 799 4044 corpore
822 3977 935 4030 sitarum
960 3976 1114 4029 aestimatio
1140 3979 1283 4041 splendore

130 4046 242 4101 virtutis
267 4048 436 4099 obscuretur
459 4056 488 4099 et
507 4047 643 4100 obruatur
667 4052 696 4100 et
722 4049 839 4099 intereat
863 4063 971 4099 necesse
996 4053 1044 4098 est.
1083 4048 1131 4109 IV,
1152 4050 1193 4104 ΙΙ.
1220 4047 1283 4104 Non

131 4133 295 4186 quaeremus,
314 4117 377 4184 quid
395 4118 563 4169 obscuretur
582 4123 629 4169 aut
646 4117 774 4183 intereat,
793 4117 855 4186 quia
873 4118 911 4170 sit
928 4118 1064 4169 admodum
1080 4132 1208 4182 pareunt
1235 4119 1285 4173 sed

131 4187 196 4256 quid
213 4190 268 4240 tale
285 4188 332 4253 sit,
352 4193 380 4238 ut
399 4190 506 4253 supleat
524 4202 657 4240 summam.
697 4188 759 4241 Una
777 4190 904 4254 uoluptas‘
920 4207 933 4242 e
955 4187 1045 4244 multis
1069 4188 1237 4240 obscuratur
1253 4189 1283 4243 in

130 4260 184 4312 illa
211 4259 269 4310 uita
293 4260 450 4325 voluptaria
470 4286 501 4296 -—
521 4274 636 4310 nummus
662 4257 692 4308 in
721 4259 818 4310 Croesi
847 4259 956 4310 diuitiis
982 4259 1157 4310 obscuratur.
1195 4261 1284 4315 Quare

130 4330 318 4382 obscurentur
342 4329 422 4382 etiam
444 4329 520 4394 haec,
546 4344 613 4396 quae
631 4329 770 4380 secundum
797 4335 919 4380 naturam
943 4345 1001 4381 esse
1027 4326 1148 4394 dicimus,
1175 4330 1205 4381 in
1224 4329 1283 4382 uita

130 4401 220 4466 beata,
239 4399 293 4453 sint
311 4402 386 4455 mado
401 4407 496 4469 partes
513 4399 586 4453 uitae
604 4400 708 4452 beatae.
745 4399 791 4453 lta
813 4400 882 4452 alibi
900 4416 992 4471 saepe.
1028 4400 1069 4454 Et
1092 4408 1189 4454 tamen
1208 4399 1283 4455 Get.

760 4657 764 4666 ι
824 4625 834 4649 ¹-
884 4630 886 4632 Ι
