2856 5084
463 328 477 358 4.
522 277 652 352 LIBER
670 277 718 360 V,
740 279 791 346 17.
1030 290 1033 295 ’
1174 281 1235 347 1⁰5

75 442 217 508 *ferenda
243 452 303 509 est.
346 443 442 508 Nihil
470 454 523 509 est
553 447 642 507 enim
663 443 767 522 aliud,
799 441 887 525 qnod
915 442 1174 525 praedicandum
1200 452 1236 507 at

79 549 162 610 prae
183 548 219 591 se
238 524 413 590 ferendum
433 530 489 603 sit.
524 526 651 608 Quibus
674 529 801 610 positis,
823 527 996 613 intelligis
1019 528 1100 609 quid
1119 546 1236 610 sequa·
1277 558 1280 563 ·

78 619 148 677 tur.
191 611 232 672 Et
259 610 403 693 quidem,
424 612 490 672 nisi
512 632 550 673 ea
572 613 640 672 vita
661 611 758 672 beata
779 617 840 685 est,
863 629 946 691 quae
967 617 1018 671 est
1038 610 1153 672 eadem
1175 612 1235 672 hoss

79 705 195 771 nesta3
228 693 274 754 sit
300 693 396 774 aliud
415 714 550 756 necesse
573 702 623 754 est
651 695 772 754 melius
788 695 871 753 -vita
898 693 1003 755 beata.
1047 693 1144 756 Quod
1169 695 1237 755 erit

79 777 167 836 caim
197 772 387 853 honestum,
421 786 514 837 certe
537 777 731 838 fatebuntur
754 795 825 845 esse
846 777 975 836 melius.
1018 773 1069 835 Ita
1092 778 1159 836 erit
1180 777 1236 836 be-

78 865 133 919 ata
148 858 249 919 ‘vita‘
265 860 388 919 melius
413 857 555 939 aliquid:
588 877 653 938 quo
688 856 774 940 quid'
790 864 901 938 potest
927 856 994 918 dici
1023 855 1234 937 perversius!

79 938 188 1005 Ouidi
221 943 507 1022 quum'tatentur
537 943 616 1001 satis
644 960 796 1026 magnam
828 941 898 1001 vim
926 959 996 1001 esse
1017 941 1053 1018 in
1078 941 1171 1001 vitiis
1193 939 1235 1002 ad

77 1024 234 1085 miseram
255 1026 371 1096 vitam,
394 1022 694 1110 nonne‘fatendum
716 1031 775 1101 est,
800 1021 937 1083 eandem
958 1022 1027 1082 vim
1048 1024 1085 1082 in
1107 1023 1236 1086 virtute
1263 1098 1266 1102 ,

77 1217 142 1262 tum
167 1228 242 1335 rannus
261 1210 312 1264 Ox.
337 1209 446 1263 omittit
469 1210 561 1277 beata,
594 1209 668 1264 alius
692 1215 741 1262 eet.
778 1207 881 1284 Pergit
904 1209 958 1265 Ed.
978 1210 1007 1263 P.
1028 1224 1099 1278 quae
1116 1208 1236 1262 eadem

78 1288 136 1334 ert.
210 1299 235 1335 r,
391 1292 393 1296 ’
591 1289 594 1296 ’
852 1281 857 1292 “
965 1289 968 1294 “

148 1352 189 1406 rit
215 1351 297 1405 atiud
322 1367 430 1406 neaerae
453 1346 494 1405 cat
514 1341 631 1416 raetiae]
668 1349 817 1420 „Aliquid
839 1350 974 1427 intellige
997 1350 1080 1405 atiud
1097 1349 1176 1420 quid,
1201 1358 1236 1403 ut

78 1439 161 1492 saepe
180 1423 320 1476 dicitur.‘⁴
338 1424 409 1476 Era.
437 1424 517 1476 Idem
534 1421 569 1474 ad
586 1437 665 1490 seqq.
686 1423 764 1477 Quod
782 1421 839 1475 erit
856 1424 930 1476 enim
948 1430 1013 1476 cet.¹
1033 1422 1159 1488 „Sensus
1178 1428 1244 1490 estt-

30 1511 36 1516 ·
77 1495 102 1546 si
121 1494 231 1562 aliquid
251 1503 296 1547 est·
311 1495 414 1548 melius
432 1494 493 1545 vita
510 1492 600 1557 beata,
625 1492 780 1544 honestum
798 1501 877 1546 certe
896 1492 927 1545 id
945 1510 1005 1547 esse
1023 1493 1115 1549 debet.
1153 1493 1237 1547 Gete-

76 1582 143 1616 rum
166 1564 216 1617 hic
242 1566 322 1618 locus
346 1573 424 1618 totus
446 1580 505 1616 non
528 1563 600 1616 bene
625 1562 768 1616 rationem
785 1563 967 1628 concludere,
992 1581 1046 1616 nec
1065 1565 1134 1617 adeo
1152 1582 1237 1618 sanus

76 1635 144 1687 satis
162 1636 310 1688 videtur.“
346 1636 392 1689 Ad
417 1634 515 1688 eadem
534 1634 698 1686 Nissenius:
727 1635 813 1699 „Vita
830 1634 912 1686 beata
928 1633 1048 1687 honesta
1067 1643 1117 1686 est.
1155 1634 1237 1701 Quod
1270 1634 1273 1639 ’

76 1706 102 1758 si
120 1706 189 1772 vita,
207 1724 280 1776 quae
299 1708 388 1771 beata,
408 1722 465 1758 non
479 1704 577 1758 eadem
594 1704 714 1757 honesta
729 1714 787 1770 esb-
800 1721 866 1757 omn
885 1705 917 1757 in
931 1706 991 1757 vita
1009 1705 1122 1775 aliquid
1139 1706 1237 1758 lauda-

76 1776 136 1830 bile
163 1793 221 1830 csse
240 1779 348 1842 debeat,
375 1776 472 1845 idque'
485 1792 540 1828 nec
557 1776 589 1826 in
606 1776 720 1841 misera,
747 1794 801 1829 nec
826 1778 858 1828 in
876 1793 917 1840 ea,
947 1793 1019 1845 quae
1043 1793 1097 1829 nec
1120 1777 1237 1842 misera,

76 1863 132 1900 nec
149 1847 230 1900 beata
247 1849 295 1913 sit,
327 1864 381 1900 neo
401 1847 432 1900 in
451 1847 532 1900 beata
550 1846 635 1911 insit3
664 1847 742 1899 aliud
754 1847 829 1916 ‘quid
847 1855 896 1899 aut
914 1847 993 1900 beata
1010 1847 1083 1913 vita,
1115 1855 1165 1900 aut
1182 1847 1236 1901 ho·

76 1926 158 1971 nesto
175 1919 285 1971 melius*
299 1918 383 1972 debet
401 1935 469 1970 esse.
497 1918 587 1986 Atqui
604 1917 724 1970 honesto
742 1918 820 1969 nihil
838 1917 957 1982 melius3
977 1933 1056 2001 ergo,
1075 1917 1136 1970 vita
1155 1919 1236 1975 beata

76 1989 156 2040 aliud
175 1989 246 2058 quid
264 1990 368 2042 melius
387 1989 436 2055 sit,
465 1999 580 2041 necesse
599 1996 649 2041 est.
688 1987 748 2052 Quo
767 1988 838 2058 quid
855 1997 950 2058 potest
968 1988 1027 2041 dici
1051 1990 1235 2058 perversius?
1272 1988 1275 1992 ’

11 2092 12 2096 =
76 2060 123 2112 Ex
147 2058 201 2112 hac
226 2060 467 2113 commentatione
498 2059 603 2124 elucet,
634 2059 666 2111 in
691 2075 747 2128 quo
781 2059 916 2111 mendum
942 2060 1077 2134 vulgatae
1101 2059 1236 2113 lectionis

76 2137 177 2201 putem
195 2130 296 2184 latere.
335 2131 456 2185 Scilicet
474 2130 535 2183 sine
553 2130 639 2182 dubio
657 2129 812 2203 legendum
833 2138 889 2182 est:
911 2131 995 2196 ,quad
1016 2133 1072 2184 erit
1095 2132 1168 2184 enim
1185 2129 1236 2184 lta·

75 2205 190 2261 aretam,
210 2218 248 2255 eo
266 2209 340 2255 certe
359 2202 518 2270 fatebantur
535 2199 710 2255 ailitem
726 2200 857 2254 meltaa.“
894 2201 929 2253 In
949 2201 1028 2270 seqq.
1049 2202 1116 2254 Cod.
1134 2201 1234 2267 ‘Duisb.¹

74 2277 115 2324 est
135 2273 234 2326 melias
250 2273 353 2326 beata
372 2273 461 2325 vita.
490 2271 526 2323 In
544 2271 638 2325 Ccddr
651 2273 727 2323 Nion.
749 2276 772 2325 l.
792 2274 818 2326 2.
838 2271 929 2324 Rehd.
950 2272 1025 2324 Gud.
1045 2271 1142 2325 Duisb.
1160 2272 1234 2325 Edd.

72 2350 141 2394 ante
161 2343 251 2395 Gebh.
271 2343 411 2413 (exceptis
429 2342 505 2393 Vict.
527 2349 555 2395 et
572 2341 641 2396 Rob.
660 2337 773 2409 Stepb.)
793 2348 835 2392 est
854 2341 925 2410 qaod
943 2341 1035 2394 enim
1054 2344 1143 2404 erit;
1155 2343 1233 2416 Aug.

10 2471 11 2475 Ἰ
75 2411 186 2464 omittit
205 2412 289 2477 enim,
314 2414 388 2465 Gud.
410 2417 433 2466 1.
451 2412 546 2465 babet
567 2415 655 2480 'supra
678 2411 732 2462 lin.
752 2428 769 2462 a
792 2413 818 2465 2.
840 2428 889 2476 m,
916 2411 989 2464 Gud.
1010 2414 1036 2467 2.
1063 2412 1135 2480 qaod
1159 2419 1235 2467 erat
1275 2419 1279 2424 '

74 2479 218 2533 borretum
242 2484 334 2535 enim
358 2484 519 2549 fatebantur
536 2487 610 2534 certe
632 2496 691 2532 erae
714 2481 823 2535 metius.
851 2482 946 2534 Duisb.
966 2483 1129 2547 fatebantur
1147 2491 1233 2549 certe,
1278 2532 1281 2538 .

75 2550 165 2605 Reno:
186 2552 285 2604 raetiae
302 2569 373 2606 aare,
398 2554 473 2605 Tum
489 2552 562 2605 Gud.
574 2554 599 2606 2.
621 2552 694 2609 Gud.
714 2552 810 2604 Duisb.
831 2555 886 2606 erit
904 2551 938 2604 vi
945 2559 982 2605 ta
1000 2554 1120 2619 beata,
1139 2553 1232 2608 Rehd.

75 2620 134 2674 erit
152 2622 260 2690 aliquid
277 2623 379 2677 arettas
394 2625 476 2676 trata
495 2622 561 2675 vita.
590 2622 656 2675 eoa
678 2623 752 2676 Gud.
772 2626 797 2678 2.
824 2627 884 2676 atta
908 2621 987 2676 beata
1010 2624 1119 2678 metiar.
1157 2625 1235 2679 'l'um

77 2692 197 2747 Guaa.
226 2711 278 2762 qao
298 2695 367 2763 qaid
382 2700 472 2760 pateat
491 2693 554 2746 atet
576 2693 702 2754 virtute
725 2694 911 2762 perversius?
947 2695 1047 2768 Pergit
1069 2695 1137 2748 cod.
1156 2695 1232 2771 Aug.
1280 2764 1282 2768 μ

76 2764 169 2832 q'uod
180 2780 289 2886 thquum'
324 2765 411 2819 Marb.
440 2764 510 2836 qaid
536 2771 619 2828 tum,
651 2782 724 2816 unus
755 2766 805 2819 Ox.
837 2766 906 2833 quid
928 2766 1035 2830 'enirm
1072 2766 1146 2818 alius
1173 2767 1235 2835 qui
1280 2769 1283 2774 ⁴

75 2849 141 2886 carr.
217 2851 241 2885 r.
748 2846 751 2853 ·
975 2865 976 2868 =

148 2903 243 2959 Quia?
267 2919 347 2971 qaam
364 2905 507 2972 fatentur]
544 2905 666 2970 „Malim
684 2922 746 2959 cam
763 2909 963 2973 fateantur:
985 2915 1014 2960 et
1032 2907 1075 2960 sie
1093 2907 1148 2960 duo
1166 2908 1235 2965 nei»

74 2974 183 3030 denses.
211 2976 293 3027 Unus
305 2991 404 3027 eorum
423 2976 509 3028 habet
526 2978 593 3030 aim
611 2976 784 3030 virtutum
803 2994 872 3041 esse,
892 2978 967 3044 quod
979 2994 1011 3030 eo
1026 2979 1117 3051 magis
1127 2978 1234 3048 placet,

76 3046 152 3114 quod
170 3047 232 3110 fere
250 3062 348 3098 omnes
365 3047 484 3114 reliqui,
504 3055 539 3101 'et
557 3048 610 3100 Ed.
631 3063 694 3098 mea
711 3057 803 3112 vetus,
830 3048 965 3100 exhibent
983 3047 1125 3112 virtatem,
1157 3050 1234 3118 quod
1281 3045 1304 3081 '-

74 3116 208 3185 proxime
238 3116 272 3167 ad
301 3116 383 3168 illam
411 3117 570 3170 lectionem
597 3118 716 3169 accedit.
760 3118 890 3187 Denique
917 3119 1076 3171 deleverim
1105 3119 1232 3173 alterum

74 3186 173 3309 aalma,
201 3187 277 3255 quod
300 3187 385 3256 plane
411 3196 453 3241 est
476 3197 738 3257 supervacaneum,
754 3205 849 3259 neque
873 3190 985 3264 legitur
1002 3190 1034 3241 in
1052 3207 1110 3243 uno
1127 3191 1232 3244 Leid.“

103 3275 118 3310 a
157 3297 162 3307 .
599 3308 606 3314 .

12 3356 15 3361 ·
47 3367 48 3371 ,
146 3328 240 3383 Quid?
260 3342 341 3396 qaam
360 3329 494 3394 fatentur,
513 3329 585 3384 satis
603 3328 746 3397 magnam]
782 3330 893 3382 Habent
912 3331 999 3383 etiam
1017 3333 1158 3397 fateantur
1175 3331 1231 3384 ‹luo

72 3397 146 3450 cxx.
165 3399 253 3451 Rehd.
282 3408 311 3450 et
329 3401 381 3455 Ed.
402 3404 430 3453 P.
469 3402 524 3454 Sed
549 3402 750 3453 coniunctivus
769 3409 968 3453 correctorum
988 3410 1038 3453 est.
1068 3402 1134 3456 cod.
1157 3403 1233 3461 cua,

72 3485 128 3521 aaa
144 3487 198 3537 pro
218 3484 314 3522 noane.
335 3470 430 3522 Duisb.
451 3489 467 3522 a
487 3477 510 3526 1.
531 3490 568 3524 m.
588 3472 756 3539 faciendum.
781 3471 876 3540 Supra
894 3472 946 3522 lin.
967 3474 1117 3537 fatendam.
1139 3475 1228 3546 Marg.
1316 3507 1321 3517 t

72 3540 189 3593 Lambb.
211 3549 239 3591 et
264 3541 349 3592 Goth.
368 3542 474 3595 habent
497 3544 704 3595 coniecturam:
739 3558 827 3595 nonne
850 3543 994 3605 fatendam
1021 3542 1075 3595 eis
1100 3551 1149 3595 est.
1186 3545 1230 3599 Aa

72 3618 154 3677 seqq.
175 3610 355 3663 Gebhardus:
389 3613 482 3678 „Tres
508 3613 627 3666 Palatia.
657 3614 768 3682 priores
794 3612 851 3666 aim
877 3615 1009 3667 virtatem
1033 3629 1100 3681 ease,
1134 3623 1228 3684 quart.

72 3680 189 3732 eandem
214 3679 272 3731 vim
296 3696 354 3734 esse
376 3685 414 3736 ad
431 3684 538 3737 beatam
562 3683 682 3738 vitam.“
704 3685 779 3736 Mr·
886 3696 888 3699 ·
1086 3696 1089 3704 ’
1189 3700 1192 3705 ·
1230 3726 1232 3731 ,

150 3749 215 3803 Vim
232 3749 263 3800 ta
280 3752 380 3805 virtute
398 3754 465 3820 erse]
501 3756 577 3808 Bene
596 3754 712 3823 quidem
731 3755 848 3818 Latine3
867 3771 933 3808 cum
953 3764 1049 3809 tamen
1067 3757 1137 3809 Pall.
1158 3767 1230 3824 tres,

71 3823 143 3892 Reg.
167 3819 305 3871 Pithoean
332 3831 369 3872 et'
388 3823 501 3876 Cantab.
534 3825 687 3878 exhibeant
713 3825 771 3876 aim
800 3826 934 3879 virtatem
961 3844 1035 3886 essm
1065 3837 1099 3878 ut
1125 3829 1230 3895 opinor

73 3891 177 3944 Cicero
196 3891 312 3959 scripsit
329 3891 383 3943 cim
402 3896 503 3948 vittati
520 3895 617 3960 inesse,
637 3896 686 3948 vel
705 3897 807 3948 saltem
824 3899 880 3950 vim
898 3897 930 3948 ia
948 3901 1052 3950 virtute
1069 3899 1170 3950 tarsae.
1190 3898 1228 3949 D.

145 3963 260 4015 eandem
284 3960 394 4016 riman
417 3968 517 4025 ar'rtate
541 3968 617 4032 esse]
650 3967 776 4032 Quatuor
799 3967 868 4020 Oxx.
892 3970 969 4028 Mon.
990 3971 1016 4021 l.
1044 3968 1096 4019 Ed.
1117 3969 1145 4018 Ρ.
1171 3967 1228 4020 aim

72 4032 205 4086 virtutum
224 4047 290 4096 esse,
310 4050 382 4084 unus
401 4035 451 4088 Ox.
472 4037 545 4088 Gud.
568 4041 591 4090 l.
610 4037 683 4109 Aug.
704 4037 790 4089 Marb.
809 4038 880 4111 Reg.
907 4039 1090 4105 (quamquam
1109 4037 1228 4090 collatio

73 4113 171 4157 nostra
184 4103 301 4156 exhibet
318 4103 374 4156 aim
391 4104 423 4158 in
440 4105 580 4170 virtatem)
597 4109 653 4161 aim
671 4108 802 4159 virtatem
820 4123 889 4172 ease,
908 4108 998 4159 Rehd.
1019 4110 1134 4160 eandem
1151 4108 1230 4162 atri

71 4175 244 4228 virtatem
262 4191 331 4239 esse,
351 4176 424 4228 Gurl.
445 4179 475 4230 r'a
486 4176 591 4230 uirtute
608 4180 665 4230 aira
683 4192 751 4242 ease,
771 4178 868 4230 Duisb.
888 4180 943 4230 aim
961 4177 993 4230 a'a
1011 4177 1229 4248 virtutemne,

74 4246 147 4298 Gud.
168 4249 193 4300 2.
215 4247 331 4298 eandem
348 4246 481 4300 virtatem
499 4264 569 4311 ease,
588 4248 672 4310 vind.
688 4251 711 4300 1.
732 4248 788 4299 aim
805 4247 836 4301 ia
854 4247 988 4300 virtutum
1007 4265 1073 4303 esce.
1111 4251 1157 4303 Ex
1174 4251 1228 4306 hao

71 4317 233 4369 lectionum
250 4317 426 4384 diversitate,
459 4337 525 4371 cum
550 4317 597 4370 vel
622 4319 724 4388 optimi
750 4317 820 4369 libri
846 4319 995 4392 avulgata
1012 4321 1167 4387 discedant,
1194 4323 1229 4378 ad

73 4404 175 4442 eorum
199 4389 328 4459 ipsorum
351 4391 474 4466 vestigia
499 4389 614 4444 correxi
643 4390 699 4443 vim
722 4389 755 4444 r'n
773 4392 880 4444 virtute
898 4389 1007 4448 iaceret·
1034 4411 1122 4463 quam
1146 4411 1240 4466 saepe.
