2856 5084
315 255 668 326 nonantulonus
688 257 748 323 AD
767 257 942 325 LIBRUM
962 259 989 325 1.
1165 255 1228 324 281

76 426 204 492 veniant,
232 441 290 479 non
307 427 411 482 Poetae
434 434 578 499 structum
596 432 824 493 monumentum,
848 423 898 480 001
913 423 1021 479 Pistori
1038 422 1227 478 arbitrentur.

78 497 215 553 Ceterum
237 513 292 550 cur
315 505 351 551 tu
370 499 528 554 lectionem
552 505 685 552 veterum
703 496 805 553 Ponait
827 515 843 549 a
864 495 1020 549 Prudentio
1044 495 1170 562 arcessis,
1197 500 1228 548 01

76 585 135 624 noo
173 568 232 621 rius
249 585 266 620 a
283 569 432 634 Lucretio,
454 569 582 634 Horatio,
609 574 639 622 et
656 569 795 623 cicerone
812 567 893 639 ipso?

185 657 214 710 p.
234 641 277 697 16.
293 697 294 700 ,
316 637 395 694 Unde
412 641 525 695 animae
541 637 701 694 excitantur
718 637 835 693 obscero
851 638 951 692 ambro
967 641 1065 704 operto
1082 633 1156 691 ertio

357 710 423 764 Alli
439 708 603 777 acberoutie,
622 710 694 764 falso
711 707 858 779 maraine,
876 715 1048 763 mortuoram
1065 704 1227 776 imaginem]

55 778 258 849 110εο0101110
276 779 471 848 Gebhardum,
498 782 605 851 quiex
625 781 827 851 manuscriptis
844 780 902 833 suis
924 778 1043 832 dederat
1059 776 1143 832 Solea
1160 793 1228 833 ean·

72 849 175 920 guium
192 859 226 903 ut
240 858 275 904 ¹et
292 851 374 921 prius
391 853 554 906 coniecerat
571 851 737 905 Turnebus:
763 850 814 920 qui
838 851 955 921 quidem
980 848 1087 903 enham
1110 847 1229 917 raami-

73 937 136 975 nem
154 920 235 991 quasi
252 930 392 992 perpetuo
410 923 540 993 epitheto
558 940 574 976 a
591 921 703 975 11011010
729 920 873 975 veteribus
891 919 1023 994 Tragieis
1048 918 1159 972 1101010
1178 936 1229 972 au·

73 1000 175 1058 tumet.
212 991 318 1045 Mirum
335 1001 443 1059 tamen,
462 993 638 1068 sanguinem,
665 993 793 1062 quinon
811 993 859 1059 sit,
882 991 986 1044 0010010
1011 989 1169 1074 appellari:
1197 996 1228 1043 et

72 1071 221 1133 praeterea
238 1063 303 1115 loca
320 1071 387 1115 sunt
404 1072 543 1133 suspecta,
561 1080 598 1117 ne
608 1063 709 1117 addam
724 1070 824 1134 aperte
833 1063 981 1117 mendosa:
1000 1069 1034 1114 ut
1051 1060 1128 1115 11101
1135 1059 1226 1113 Ennii

72 1151 109 1190 ex
127 1133 305 1203 Cresphonte
329 1133 403 1203 apud
424 1133 600 1189 Macrobium
617 1136 667 1200 Vl,
686 1137 712 1189 2.
1224 1166 1227 1174 ·

237 1202 332 1272 Neque
349 1203 473 1259 miserae
495 1208 590 1260 lovere
606 1205 742 1260 lacrimae
758 1205 865 1271 schum
883 1201 1058 1275 sanguinem.

69 1274 129 1328 Ubi
155 1274 353 1344 reponendum
375 1292 442 1328 oum
465 1276 531 1329 viro
553 1291 664 1329 summo
687 1275 837 1330 Gerhardo
859 1276 956 1329 Vossio
982 1273 1112 1330 lacrimis
1126 1270 1225 1329 caleio.

70 1344 193 1399 citatur,
205 1345 293 1398 etiam
312 1361 347 1398 ex
365 1343 448 1399 Accii
465 1346 595 1400 Phinidis
617 1346 692 1416 apud
709 1346 839 1400 Nonium
857 1346 889 1400 in
906 1346 1006 1401 havitt

236 1414 349 1470 Salsum
366 1416 495 1471 cruorem
511 1415 602 1484 guttis
619 1417 801 1471 lacrimarum
818 1415 904 1471 lauit:

68 1483 126 1540 Sed
142 1485 251 1541 rectius
269 1485 355 1541 hodie
374 1487 478 1554 editur,
496 1487 583 1542 001010
600 1503 728 1541 cruorem
745 1494 800 1542 etc.
838 1488 932 1554 Quare
958 1487 1038 1541 abeat
1056 1484 1228 1541 Gebhardus

67 1573 135 1610 eum
153 1557 259 1610 insulsa
278 1556 331 1609 illa
347 1558 484 1625 lectione,
502 1561 576 1613 eobo
593 1558 747 1624 engaine.-
766 1557 961 1622 stvideamus‚
979 1558 1076 1628 siquid
1088 1558 1225 1612 inaltet-a

67 1627 198 1681 melioris
216 1627 254 1681 sit
270 1628 374 1703 frugis.
410 1630 525 1683 Vossius
543 1630 689 1704 imagines,
701 1638 884 1682 mortuorum
910 1630 984 1694 sclao
1008 1631 1143 1698 sanguine
1165 1620 1226 1683 dici

64 1698 229 1765 oxistnnat5
259 1698 328 1768 qaia
346 1715 400 1753 non
417 1706 483 1755 eunt
500 1701 533 1754 id
549 1702 623 1770 qaod
638 1701 784 1754 uidentur:
809 1701 908 1770 quippe
932 1715 1087 1768 exsangues
1109 1700 1225 1754 umbrae

67 1769 222 1831 10010001.
260 1769 316 1823 Sed
333 1769 442 1839 paucis,
462 1772 558 1836 credo,
576 1770 745 1842 approbabit
762 1769 836 1824 hanc
854 1771 1133 1841 interpretationem.
1165 1770 1225 1823 Du-

67 1857 118 1892 rus
137 1849 165 1893 et
182 1841 295 1893 ferreus
311 1849 394 1908 poeta
413 1841 460 1905 sit,
480 1842 532 1910 qui
549 1842 590 1894 sic
607 1842 690 1912 loqui
708 1840 860 1899 sustineatt
886 1843 982 1911 potius
1000 1843 1073 1909 falso
1092 1857 1226 1910 corpores
1280 1886 1285 1896 .

67 1927 135 1962 nam
153 1911 272 1987 sanguis
289 1927 325 1962 ne
344 1911 376 1962 in
391 1910 557 1965 viventibus
583 1912 701 1982 quidem
718 1912 813 1964 rideri
838 1921 945 1982 potest,
973 1913 1030 1964 nisi
1053 1912 1222 1965 vulneratis.

15 1989 22 1995 “
68 1979 143 2047 Quid
161 1984 250 2056 ergo?
277 1998 313 2032 an
332 1979 528 2045 conjecturam
546 1998 639 2034 meam
657 1981 784 2052 expetis?
818 1981 964 2052 Equidem
982 1981 1024 2035 sic
1041 1981 1138 2054 locum
1156 1997 1225 2035 con·

67 2051 229 2108 stituerimt

232 2123 315 2178 Unde
333 2124 445 2179 animae
464 2123 637 2190 excitantur,
662 2124 836 2178 oberarre
852 2123 1008 2189 umbrae,
1034 2130 1133 2194 aperto
1151 2121 1224 2176 ostio

232 2193 495 2280 AltinAcheroptis,
513 2197 591 2262 fuco
610 2195 759 2280 sanguine,
783 2202 966 2248 mortuorum
983 2195 1133 2276 imagines.
1223 2230 1226 2233 -

69 2265 193 2322 Umbrae
210 2273 277 2318 sunt
294 2284 372 2336 ipsae
391 2283 518 2333 00000ος
545 2274 580 2318 01
597 2266 750 2350 Virgilius,
777 2266 943 2332 Eaaangues
966 2271 1078 2317 renutat
1095 2264 1223 2318 ambraus

62 2340 127 2404 fuso
146 2345 243 2391 autem
261 2337 398 2404 sanguine
422 2354 480 2391 non
498 2354 565 2389 oum
583 2337 681 2390 vosne
699 2335 733 2388 ad
760 2333 902 2402 imagines
920 2336 1029 2402 refero,
1057 2334 1224 2389 0010100-

62 2407 195 2461 citantar.
235 2406 324 2473 Unde,
343 2407 448 2474 inquit,
468 2406 709 2474 00011001001000
727 2408 874 2473 sanguine.
912 2405 985 2471 Scis,
1013 2405 1127 2476 opinor,
1151 2403 1223 2460 haec

63 2478 161 2532 omnia
179 2495 215 2532 ex
231 2479 351 2536 Homeri
368 2478 473 2548 Νεκυίᾳ
492 2477 591 2547 Odyss.
609 2475 642 2529 λ’.
670 2493 729 2531 0000
748 2476 911 2560 desumpta:
939 2476 990 2529 ubi
1016 2476 1128 2531 animae
1145 2492 1223 2529 mor-

62 2557 180 2603 tuorum
199 2549 419 2624 0100ος010010
437 2551 536 2604 fusum
554 2547 732 2614 advolabant,
756 2563 810 2602 nec
828 2548 887 2600 mei
906 2564 939 2601 eo
958 2547 1106 2623 degustato
1124 2548 1223 2618 prolo-

63 2619 117 2690 qui
135 2620 291 2690 quidquam
314 2629 457 2690 poterant.

134 2691 206 2748 lbid.
242 2689 414 2762 Pherecydes
430 2689 533 2761 Syrias
550 2689 677 2761 primum
697 2689 771 2745 dicit
788 2688 898 2745 animos
916 2688 1058 2745 bominum
1071 2705 1133 2744 esee
1150 2707 1221 2745 aem·

60 2759 211 2829 pitaram]
246 2762 335 2817 Recte
360 2771 395 2815 tu
417 2763 535 2833 quidem
558 2769 587 2814 01
609 2760 694 2814 10010
721 2762 836 2830 reponis
853 2760 976 2831 Syrias,
1006 2761 1085 2831 quod
1100 2763 1173 2828 fuse,
1196 2761 1222 2814 si

63 2833 137 2884 'bene
156 2831 287 2895 memini,
304 2834 491 2902 persequitur
508 2831 673 2883 Holstenius
691 2831 726 2883 01
743 2830 948 2901 Porphyrium.
986 2830 1042 2885 Sed
1054 2831 1133 2884 aliud
1151 2830 1221 2902 quid

61 2903 226 2956 leviculum
244 2920 310 2955 sane
328 2911 428 2967 restat,
456 2903 503 2955 cui
522 2910 618 2954 tamen
637 2901 752 2954 curatio
777 2901 935 2955 adhibenda
961 2911 1011 2955 est.
1050 2902 1160 2972 Quippe
1178 2902 1222 2957 le·

62 2974 189 3048 gendum
207 2971 346 3026 Primae
365 2972 448 3038 dicit,
466 2989 525 3026 non
540 2974 672 3041 primam.
697 2971 777 3036 Quod
795 2975 854 3026 iam
873 2972 1092 3027 etLambinum
1110 2972 1219 3026 vidisse

61 3044 155 3101 video.
191 3045 236 3097 Ita
259 3045 364 3115 passim
388 3043 553 3113 Scriptores
576 3043 653 3096 boni.
690 3043 797 3095 Noster
819 3043 867 3095 his
893 3043 963 3113 ipsis
989 3043 1107 3096 Tuscul.
1131 3043 1156 3109 1,
1175 3043 1219 3100 25.

61 3113 121 3168 Aut
156 3113 187 3167 ui
202 3115 314 3185 primus
332 3115 459 3168 omnibus
477 3114 560 3168 rebat
579 3111 711 3181 imposuit
735 3113 858 3167 nomina.
895 3116 929 3181 V,
949 3119 975 3169 1.
1004 3115 1057 3170 Qui
1080 3113 1171 3185 primi
1188 3129 1221 3167 ee

62 3186 100 3240 ad
113 3133 309 3255 pdiloaoplee'ne
327 3185 454 3239 studiana
470 3187 655 3239 contulerunt.
692 3184 727 3248 V,
746 3188 773 3239 1.
792 3185 851 3238 Nec
868 3202 922 3250 eos,
942 3201 960 3238 a
979 3184 1153 3254 0011000110
1170 3183 1220 3239 bo-

61 3255 165 3311 minum
182 3260 322 3312 00011οε10
342 3256 511 3327 primisset,
530 3257 618 3322 fuisse
634 3252 816 3324 philosophos
836 3257 1026 3311 arbitrantur.
1063 3257 1097 3322 V,
1116 3259 1143 3311 4.
1166 3256 1220 3311 So-

62 3333 264 3451 proterentem
281 3329 394 3400 primus
413 3323 623 3396 Philosophiam
640 3326 784 3380 devocavit
802 3342 820 3380 a
838 3329 922 3382 coelo.
957 3327 1114 3396 Nunquam
1131 3327 1220 3381 aliter

77 3416 92 3454 ο
135 3401 204 3453 itur.

95 3418 205 3524 qulbid.
244 3469 417 3541 Pythagoras
437 3499 470 3510 -
488 3471 579 3525 tenuit
598 3483 731 3539 magnam
748 3465 831 3522 illam
849 3468 1007 3535 Graeciam,
1028 3484 1090 3521 curn
1107 3468 1218 3522 bonore

62 3548 89 3594 et
112 3539 277 3610 disciplina,
301 3549 360 3596 tam
385 3541 471 3596 etiam
498 3536 692 3608 auctoritate]
729 3540 808 3594 Illud
836 3559 951 3594 mecum
974 3539 1132 3610 perpende,
1158 3555 1219 3593 eam

61 3611 183 3675 honore,
209 3618 266 3664 tum
292 3614 473 3667 auctoritate.
513 3613 596 3678 Quasi
623 3629 692 3665 vero
710 3612 801 3664 honos
829 3620 858 3665 et
877 3611 1030 3665 auctoritas
1058 3628 1105 3664 res
1124 3618 1219 3665 essent

63 3681 190 3737 multum
208 3681 366 3735 disiunctae
385 3690 415 3736 et
432 3683 538 3737 diversi
556 3683 641 3754 plane
660 3683 790 3759 generis:
810 3682 844 3736 10
862 3682 1027 3735 huiusmodi
1041 3683 1120 3736 enim
1137 3699 1220 3735 usur-

62 3751 128 3823 pari
147 3751 240 3804 solent
258 3767 307 3804 eae
324 3754 485 3822 particulae
503 3771 563 3808 cam
582 3763 611 3807 et
629 3761 695 3808 tam.
734 3755 795 3807 Hoc
813 3755 949 3838 primum.
987 3753 1063 3806 Turn
1089 3763 1119 3807 et
1144 3752 1219 3805 illud

61 3822 192 3876 vicissim
215 3820 372 3886 considera,
396 3821 501 3878 bonore
527 3832 554 3879 et
577 3825 745 3894 disciplina:
778 3825 829 3878 ubu
851 3824 907 3880 110
935 3824 1118 3894 copulantur,
1146 3830 1219 3874 tam·

62 3910 150 3965 quam
173 3892 197 3944 si
225 3901 347 3967 cognata
371 3903 463 3947 essent
488 3905 517 3948 et
540 3897 788 3962 coniunctissima,
821 3914 894 3964 quae
920 3895 972 3946 vix
995 3895 1087 3947 ullam
1112 3893 1219 3945 habent

62 3964 237 4018 affinitatem
255 3971 304 4015 aut
322 3963 552 4023 similitudinem.
589 3969 732 4033 Profecto,
752 3966 775 4018 si
793 3965 868 4018 hanc
883 3965 1056 4018 sententiam
1074 3971 1219 4016 consecta-

63 4045 112 4089 tus
129 4035 232 4087 fuisset
250 4042 361 4098 auctor,
380 4034 434 4087 hac
451 4038 548 4106 potius
565 4038 719 4091 verborum
737 4044 883 4089 structura
901 4053 966 4086 usus
986 4043 1074 4087 esset:
1095 4049 1157 4088 cuna
1175 4032 1219 4086 m·-

61 4105 190 4174 00101100,
209 4107 366 4161 tumetium
383 4103 486 4167 bonore
505 4115 531 4160 et
542 4109 725 4173 auctoritate3
744 4106 793 4159 001
811 4106 844 4158 10
861 4114 979 4177 recepto
995 4105 1096 4158 ordine
1111 4104 1218 4173 100010

63 4194 160 4230 ornnes
187 4178 298 4231 0011000
321 4178 516 4231 consentiunt.
560 4176 699 4251 Agnoscis
724 4179 791 4243 iam,
823 4177 937 4247 opinor,
968 4176 1105 4229 orationis
1131 4173 1218 4228 huius

62 4248 147 4300 vitia:
168 4266 240 4317 quae
259 4257 356 4301 tamen
374 4248 461 4301 facile
481 4247 634 4300 deterseris
652 4249 706 4302 hac
724 4249 786 4302 levi
805 4247 1011 4302 ernendatione·
1040 4246 1218 4317 Pythagoras

63 4346 97 4357 -
116 4318 204 4372 tenuit
220 4335 353 4386 magnam
371 4319 451 4374 illam
463 4315 624 4385 Graeciam,
644 4336 705 4374 cane
722 4334 816 4372 more
834 4325 860 4372 et
874 4316 1036 4388 disciplina,
1055 4328 1113 4373 turn
1132 4317 1217 4372 etiam

62 4389 239 4445 anctoritate.
274 4391 344 4445 Noli
362 4390 503 4458 dubitare,
524 4390 596 4460 quin
614 4390 655 4445 ita
674 4389 826 4462 scripserit
845 4381 961 4458 Cicero,
985 4390 1036 4460 qui
1055 4389 1216 4461 saepissime
