2856 5084
490 264 639 328 -Lluntt
666 263 711 343 V,
733 264 782 329 te.
1060 254 1063 258 ’
1177 270 1237 339 us

83 429 173 499 diem
194 429 320 494 Cinnae
340 429 524 495 multorum
547 439 581 491 et
602 430 770 492 clarorum
784 429 939 491 virorum
961 431 1040 493 totis
1060 434 1235 501 aetatibus.

83 513 231 589 Laelius,
254 515 283 575 si
305 512 412 597 digito
435 531 532 594 quern
553 512 731 598 attigisset,
753 530 875 593 poenas
889 510 1046 578 dedisset.
1068 515 1113 576 At
1130 515 1235 581 Cinna

83 597 232 681 collegae
265 596 338 667 sni,
371 594 518 656 consulis
548 591 610 656 Gn.
642 592 784 670 Octavii,
817 593 968 676 praecidi
1000 606 1100 679 caput
1123 600 1236 679 iussit,

82 678 118 742 P.
143 676 267 754 Crassi,
296 679 337 743 L.
368 675 535 753 Caesaris,
563 675 848 739 nobilissimorum
877 677 1061 756 hominum,
1093 700 1236 761 quorum

81 762 192 823 uirtus
212 762 325 823 iuerat
345 759 436 822 domi
455 759 661 840 militiaeque
677 759 829 843 cognita:
851 757 901 824 Μ.
913 759 1064 840 Antonii,
1087 766 1236 831 onmium

76 876 201 888 ,ηιμ-

80 920 147 970 Post
172 918 295 982 sortasse
321 917 375 970 duo
395 918 559 971 Ounlllou.
579 904 713 971 Misisti.
740 916 815 975 Gud.
835 916 909 1002 Aug.
930 919 1071 973 omittunt
1094 939 1133 988 se,
1159 926 1236 994 quod
1295 989 1298 996 Ι

81 987 178 1052 facile,
198 988 296 1042 eadem
313 988 423 1058 syllaba
441 987 637 1052 antecedente,
664 988 798 1042 excidere
816 997 921 1058 potuit.
959 990 1094 1044 Ceterum
1112 1010 1170 1047 non
1188 997 1237 1052 de·

83 1066 151 1112 sunt
169 1060 300 1130 exempla
318 1059 414 1112 omissi
433 1058 464 1109 in
482 1057 536 1111 bac
554 1059 767 1111 constructione
786 1060 966 1129 pronominis
983 1063 1133 1117 reflexivi:
1153 1069 1236 1121 cuius

82 1148 148 1183 usus
167 1131 297 1200 exempla
315 1129 437 1204 collegit
454 1128 546 1183 Beier.
576 1129 609 1182 ad
629 1129 690 1183 cic.
710 1129 745 1182 de
764 1129 818 1182 eff.
838 1131 894 1183 111.
914 1133 957 1186 26.
978 1135 1021 1188 98.
1040 1150 1070 1203 p·
1088 1139 1150 1191 set.
1180 1138 1236 1194 Sed

81 1215 142 1255 sete
159 1199 266 1254 habent
284 1201 339 1254 duo
359 1201 429 1256 Oxx.
449 1203 523 1253 Mon.
544 1205 569 1256 1.
588 1199 641 1253 Ed.
660 1203 689 1256 P.
714 1201 786 1253 Eius
803 1201 867 1254 loco
886 1202 971 1254 habet
989 1208 1017 1257 el
1027 1203 1093 1258 Cod.
1108 1208 1193 1261 Vind.
1209 1216 1233 1267 1.
1248 1217 1251 1221 ’

82 1275 149 1326 Mox
168 1272 236 1326 eod.
256 1271 347 1326 liehd.
367 1275 527 1325 consulatus
550 1269 602 1324 tui
620 1288 687 1325 non
705 1279 901 1340 anteponeret.
937 1273 990 1326 Est
1015 1276 1102 1328 etiam
1121 1284 1236 1348 autepo.

83 1348 173 1395 neret
199 1343 231 1394 in
255 1343 341 1396 Codd.
371 1347 444 1396 idon.
468 1347 491 1396 1.
519 1350 548 1395 et
566 1342 649 1395 Vind.
669 1347 694 1396 l.
731 1343 842 1395 Absunt
859 1343 945 1396 verba
962 1346 1044 1398 modo
1072 1357 1236 1414 quattuora

82 1413 153 1467 eoa.
172 1413 247 1467 Gud.
267 1418 292 1469 2.
330 1418 395 1468 Post
420 1413 526 1468 Cinnae
548 1413 646 1488 pergit
669 1413 737 1466 Cod.
758 1417 831 1469 lllon.
854 1419 879 1470 1.
904 1431 970 1467 cum
992 1434 1050 1469 uno
1069 1419 1119 1472 Ox.
1143 1423 1236 1477 claro-

81 1501 145 1538 rum
162 1487 284 1540 virorum
300 1489 454 1549 maltorum,
474 1484 576 1538 omino
595 1489 628 1537 et.
667 1483 812 1538 scribitur
829 1492 880 1538 tol
897 1486 1037 1541 attolitur
1054 1489 1086 1541 in
1110 1492 1177 1560 sola,
1201 1503 1236 1548 ut

80 1556 207 1623 videtur,
226 1557 279 1609 Ed.
299 1556 374 1611 Ale:
404 1557 455 1626 qui
472 1556 589 1608 videtur
607 1571 760 1625 operarum
778 1573 869 1610 error.
906 1558 965 1611 Mr.

153 1625 276 1694 Laelius,
295 1630 323 1683 si
341 1626 434 1695 digito
453 1642 532 1697 quem
550 1625 716 1694 attigisset]
752 1627 799 1690 „i.
820 1644 845 1680 e.
865 1628 890 1680 si
913 1629 962 1682 vel
980 1631 1100 1685 minima
1124 1634 1237 1690 affecis-

81 1706 124 1753 set
141 1697 257 1751 iniuria.
290 1702 326 1751 Μ.
347 1699 417 1752 Cato
441 1699 472 1750 in
491 1697 538 1751 Or.
558 1714 630 1766 quae
658 1697 829 1750 inscribitur
851 1715 905 1769 pro
928 1699 1011 1766 Dote,
1036 1704 1077 1756 ita
1094 1707 1236 1777 seriptum

81 1769 218 1838 reliquit:
238 1771 272 1822 in
290 1770 430 1823 adulterio
447 1783 557 1821 oaorem
575 1774 651 1821 taam
668 1767 696 1821 si
712 1769 887 1836 prandisset,
913 1773 972 1825 sine
998 1771 1106 1828 iudicio
1124 1776 1237 1844 impune
1298 1788 1307 1805 ·

81 1841 278 1895 necarem-uta
296 1847 330 1907 te,
349 1841 376 1894 si
393 1840 580 1903 adulterares,
600 1838 693 1906 digito
710 1857 766 1894 non
785 1842 900 1894 auderet
918 1845 1065 1912 attingere,
1084 1863 1172 1918 neque
1187 1850 1237 1903 ine

81 1911 154 1966 est.“
172 1912 306 1966 Beroald.
342 1913 434 1964 Locus
452 1910 568 1964 Catonis
587 1919 629 1963 est
648 1912 679 1962 in
696 1911 730 1963 A.
750 1913 872 1982 Popmae
892 1912 1063 1969 collectione
1077 1918 1237 1994 Fragmen-

81 1992 178 2036 torum
197 1982 310 2035 Catonis
335 1982 468 2051 (Franeq.
490 1982 625 2045 16208.)
647 2000 676 2053 p.
699 1984 758 2038 1⁰5.
782 1983 850 2038 coll.
873 1993 970 2036 annot.
993 2003 1022 2055 p.
1042 1990 1095 2043 210
1112 2007 1171 2059 sq.;
1204 1992 1236 2044 in

81 2055 117 2106 ll.
136 2055 248 2124 Meyeri
266 2055 411 2128 Fragmm.
431 2055 520 2107 Oratt.
540 2054 650 2105 nomm.
671 2053 781 2116 (Turio.
802 2055 879 2111 1832.
899 2056 939 2118 8.)
955 2073 983 2125 p.
995 2059 1027 2112 tl
1047 2076 1088 2126 sq.
1107 2060 1158 2113 ubi
1176 2062 1235 2117 vid.

81 2126 305 2182 annotationem.
342 2125 487 2179 Scribitur
505 2132 601 2176 autem
620 2124 660 2177 ibi
680 2124 772 2191 digito
791 2152 825 2164 -·
844 2128 1033 2194 contingere.
1061 2129 1148 2185 Dedit
1164 2133 1235 2187 item

81 2199 215 2266 Meyerus
238 2199 354 2266 inpoene
370 2213 430 2266 ,pro
457 2194 575 2262 impune.
612 2194 694 2247 Dixit
722 2205 819 2248 autem
842 2195 943 2250 Cicero
970 2201 1103 2254 exemia
1130 2202 1237 2271 digitis

81 2269 281 2334 attingere,
306 2268 441 2320 adiuncta
464 2266 625 2319 locutione:
660 2265 837 2333 primoribus
859 2267 950 2320 labris
975 2278 1101 2336 gustare,
1127 2272 1159 2322 in
1186 2275 1235 2328 Or.

80 2354 137 2406 pro
156 2338 254 2391 Coelio
272 2341 316 2401 12,
344 2341 389 2393 28.
427 2336 606 2390 Sententiam
630 2335 689 2389 loci
713 2339 804 2390 nostri
828 2337 955 2408 explicat
978 2341 1066 2392 etiam
1091 2343 1236 2398 Victorius

80 2409 422 2464 Vam,Lectt.X11.ll.
451 2425 479 2477 p.
500 2408 562 2462 295.
589 2407 718 2476 itemque
744 2407 870 2462 Turneb.
902 2407 1071 2464 Adversarr.
1100 2414 1162 2467 Vll.
1190 2419 1234 2473 ld.

80 2497 109 2548 p.
129 2481 192 2535 226.
213 2479 255 2531 ed.
275 2480 362 2531 Paris.
384 2480 460 2534 158⁰.
480 2480 498 2530 s.
520 2494 559 2530 m.
579 2477 732 2531 Ruhnken.
757 2477 864 2532 Dictat.
889 2479 925 2534 ad
947 2479 1064 2535 Terent.
1089 2484 1163 2538 Eun.
1185 2487 1234 2541 1v.
1299 2482 1303 2491 ’

81 2553 108 2604 6.
128 2551 154 2604 2.
175 2567 203 2620 p.
223 2552 282 2605 230.
303 2550 345 2604 ed.
365 2550 467 2601 Bruns.
487 2548 632 2602 scribitur
649 2549 680 2600 in
699 2549 766 2602 eod.
785 2549 869 2616 vind,
889 2549 1056 2620 1.-siquem
1073 2555 1179 2624 digito,
1204 2559 1236 2610 in

80 2622 155 2697 Aug.
175 2637 252 2691 quem
270 2622 299 2673 si
317 2621 425 2688 digil03
444 2635 511 2672 mox
530 2626 559 2672 ul
577 2636 648 2672 cam
666 2635 685 2672 a
703 2622 841 2690 college
858 2621 921 2693 sai,-
939 2621 976 2674 in·
988 2640 1047 2677 uno
1065 2627 1116 2682 Ox.
1136 2634 1164 2680 et
1180 2644 1235 2700 pro

79 2698 117 2744 at.
138 2724 171 2736 -
208 2691 370 2757 „Consulis
387 2700 458 2762 puto
476 2691 623 2766 glossema,
642 2691 819 2762 adscriptum
837 2692 872 2745 ad
890 2692 1048 2763 collegae.“
1069 2695 1101 2749 P.
1120 2699 1233 2754 Manat.

81 2790 114 2802 -
133 2763 241 2816 Eadem
263 2772 306 2816 est
329 2763 496 2816 coniectura
522 2761 694 2815 Gothofredi
721 2771 750 2815 et
774 2781 863 2837 marg.
883 2765 998 2818 Lambb,
1036 2768 1105 2820 Veri
1127 2770 1159 2822 id
1176 2788 1236 2824 non

79 2851 139 2887 esse
157 2834 253 2886 simile
272 2835 314 2886 sit
331 2833 458 2890 Woliius
486 2832 518 2883 in
536 2832 652 2897 scholis,
678 2833 792 2887 laudato
811 2834 915 2899 Vellei.
935 2838 992 2888 Pat.
1014 2838 1051 2889 ll.
1071 2841 1118 2894 22:
1145 2840 1176 2895 t‘n
1193 2843 1236 2897 iia

80 2905 188 2959 Consul
206 2904 340 2958 Octavius
358 2902 405 2956 air
423 2902 561 2956 lenissimi
579 2905 677 2968 animi,
696 2905 774 2958 iussa
793 2905 898 2959 cinnae
916 2908 1082 2972 interlectos
1104 2918 1155 2963 est:
1184 2913 1234 2965 nbi

79 2976 152 3029 item
170 2978 200 3028 in
219 2975 361 3047 proximis
380 2983 471 3040 erant,
491 2975 542 3044 qui
560 2975 704 3027 consulatu
727 2976 763 3028 ad
780 2994 808 3028 v.
828 2991 858 3029 se
877 3003 911 3014 -
929 2977 1111 3032 abdicaverat
1136 2995 1235 3036 neees'-

78 3048 184 3101 sarium
203 3063 262 3101 non
280 3047 493 3101 existimarent:
512 3045 570 3097 vid.
590 3045 632 3097 ed.
652 3047 766 3099 Kreusii
783 3063 813 3117 p.
834 3050 895 3103 lto.
932 3048 1108 3120 Quamquam
1126 3070 1180 3130 ego
1198 3073 1235 3117 ex

77 3117 134 3171 hoe
160 3118 268 3171 Velleii
291 3118 355 3170 loeo
380 3133 473 3185 neque
497 3115 633 3169 delendae
654 3118 734 3169 vocis
762 3118 889 3184 romulis,
918 3136 1012 3190 neque
1039 3121 1235 3182 defendendae

77 3206 173 3242 ansam
190 3189 336 3260 petierim.
375 3187 492 3240 Sufficit
510 3204 571 3240 esse
589 3187 619 3239 id
636 3187 755 3240 verbum
775 3189 807 3240 in
825 3190 955 3243 omnibus
972 3192 1065 3259 libris,
1087 3188 1117 3251 eft
1134 3207 1234 3268 aptum

119 3261 195 3314 idem
223 3278 290 3314 esse.
328 3258 360 3312 Si
387 3259 503 3321 deesset,
531 3275 589 3311 non
611 3258 794 3312 obtruderem
818 3260 961 3316 Ciceroni.
1000 3263 1110 3334 Scripsi
1137 3277 1234 3322 autem

77 3327 822 3467 ..(000,.0·,0.1.000
847 3332 1233 3478 00οε00

17 3526 19 3531 ,
77 3473 136 3527 aidi
154 3474 227 3527 sibi
245 3479 326 3543 capet
343 3474 440 3527 iussit.
477 3473 519 3526 Ea
536 3472 624 3524 verba
642 3473 752 3525 omittit
771 3472 856 3537 cut,
875 3477 949 3531 Mon.
968 3477 995 3531 2.
1014 3476 1101 3530 habet
1117 3477 1232 3550 prendi,

79 3544 152 3598 Gud.
172 3548 198 3601 2.
223 3544 349 3614 deludi
376 3543 597 3610 tessitcaped.
634 3543 709 3596 Tum
727 3562 802 3597 unus
824 3545 874 3597 Ox.
894 3546 975 3600 Post
1002 3548 1110 3611 crasa.
1139 3552 1232 3609 'Hune

77 3614 210 3668 Crassum
228 3617 260 3667 in
277 3615 416 3669 seditione
435 3616 562 3668 Mariana
586 3632 616 3667 se
635 3615 730 3684 ipsum
752 3633 803 3667 sua
817 3634 912 3669 mann
935 3617 1115 3674 interfecisse
1138 3627 1233 3679 refert

76 3687 182 3739 Cicero
199 3683 299 3739 delur.
318 3686 370 3738 111.
390 3689 416 3740 3:
437 3686 524 3755 idque
543 3693 629 3757 caput
647 3695 742 3739 totum
760 3687 795 3740 de
808 3686 859 3740 his
878 3688 961 3742 rebus
980 3690 1008 3744 le
1046 3692 1142 3748 ndum.
1169 3695 1233 3750 Duo

77 3759 149 3811 Oxx.
177 3755 284 3808 habent
310 3755 575 3822 clarissimorum,
602 3774 676 3809 unus
700 3762 767 3810 'cum
789 3758 874 3812 Vind.
893 3762 918 3815 2.
948 3770 995 3814 et·
1024 3779 1069 3819 on.
1089 3769 1114 3821 l.
1141 3766 1232 3830 fuerit

76 3844 132 3900 pro
149 3829 260 3894 fuerat3
278 3828 422 3895 posterior
438 3826 611 3895 militiaeque
627 3829 806 3895 cogitata,
835 3831 886 3884 Ox.
907 3831 959 3886 ille
977 3833 1102 3887 militiae
1127 3850 1232 3889 enro-

75 3901 201 3968 gitala.
221 3897 311 3950 ltehd.
331 3897 501 3967 militiaeque
523 3914 609 3967 eque
630 3903 752 3968 cognita,
779 3901 829 3953 ubi
853 3902 946 3954 neseis
971 3912 1073 3955 utrum
1100 3904 1231 3959 consulto

76 3973 114 4023 sit
133 3968 459 4094 intmductaffgmia
482 3969 546 4035 ista,
571 3987 607 4022 an
630 3986 666 4023 ex
687 3971 860 4047 repetitione
886 3973 1118 4027 antecedentium
1143 3977 1232 4045 sylla-

14 4041 19 4052 ‘
75 4043 177 4096 barum
196 4048 266 4095 orte.
340 4056 365 4094 r.
459 4093 461 4097 Α
1023 4068 1026 4075 ·
1226 4076 1230 4085 ·

147 4113 280 4168 Consulis
305 4111 356 4166 Gn.
384 4111 512 4178 Octauii]
548 4112 674 4164 Primam
691 4128 801 4178 vocem,
828 4114 904 4167 sieut
921 4115 1056 4180 arbitror,
1083 4117 1230 4172 immerito

75 4185 225 4239 delendam
250 4191 381 4237 statuunt
403 4183 552 4235 Manucius
580 4191 609 4235 et
633 4183 794 4235 Lambinus.
832 4184 877 4237 lta
899 4193 979 4236 certe
1004 4186 1166 4256 loquuntur
1182 4191 1232 4242 Li·

75 4256 141 4311 -viul
159 4256 257 4320 XXXI,
278 4258 320 4311 14.
341 4265 370 4326 et
387 4254 516 4307 Velleius
533 4253 702 4306 Paterculus
718 4253 768 4305 lib.
789 4255 826 4306 11.
847 4265 907 4324 cap.
927 4256 1064 4322 xx11,2.
1098 4259 1134 4321 D,

147 4328 190 4382 M.
210 4326 335 4392 Antonii,
360 4327 482 4381 omnium
505 4321 738 4397 eloquentissimi]
776 4324 848 4379 Cum
869 4324 976 4379 Cinnae
999 4337 1099 4383 noster
1124 4331 1235 4391 adseris

75 4398 123 4453 bet
140 4399 262 4455 Antonii
285 4398 410 4464 eaedem,
433 4398 481 4450 vir
506 4396 559 4449 ille
587 4394 790 4458 disertissimus
815 4396 894 4450 iussu
911 4398 996 4452 Marii
1014 4403 1160 4464 confossus
1176 4411 1229 4471 est,

103 4528 182 4573 cicero
197 4530 261 4574 Tute.
276 4532 344 4586 Disp.
363 4532 396 4574 al.
411 4531 489 4574 Moser
514 4530 538 4575 Τ,
555 4529 603 4571 tlt.
961 4506 982 4571 8
