2856 5084
202 229 265 351 aas
553 235 999 345 mcmnuwnurnnn

163 496 166 501 .
202 448 296 501 deesse
318 445 430 499 viderat
454 445 488 499 de
513 461 563 498 suo
586 445 757 515 impertivit.
800 445 880 519 Ergo
904 445 1001 515 placet
1027 442 1158 497 Lambini
1187 441 1357 495 coniectura

202 519 297 587 quin,
329 516 406 586 quod
427 525 457 569 et
480 515 557 568 idem
581 515 682 581 efficit,
713 525 742 569 et
766 516 801 574 ad
825 526 935 569 ceteros
962 516 1073 568 codices
1097 514 1215 584 propius
1234 513 1355 566 accedit.

202 588 304 640 Adhuc
321 595 417 639 tamen
434 588 596 639 haeremus:
625 587 790 655 quidecim
809 587 863 638 sibi
882 586 947 640 vult
971 601 1059 640 eorum
1084 582 1224 637 bonorum?
1264 584 1357 649 Quae·

202 676 269 710 nam
296 676 329 711 ea
352 659 586 722 sunt‚.obsecro?
617 674 674 709 non
701 658 778 709 enim
804 657 883 708 dicit.
920 659 998 730 Lege
1021 672 1090 710 vero
1120 664 1214 708 totum
1240 653 1356 708 locume
1407 679 1411 691 ·

201 730 284 783 Nemo
309 735 348 781 est
374 729 451 794 enim,
476 729 553 795 quin
579 743 732 780 verorum
757 729 879 779 bonorum
907 728 1020 780 animum
1041 733 1119 792 putet
1144 740 1201 777 esse
1223 726 1356 778 iudicem.-

201 815 308 868 eumque
325 799 540 865 condocefeciat,
559 806 589 850 ut
608 815 640 850 ea
657 815 723 865 quae
742 799 810 850 bona
828 801 936 850 malaue
962 798 1106 850 uideantur
1128 796 1216 864 possit
1241 802 1357 848 contem·

201 886 273 922 nere.
311 870 397 922 Vides
420 871 475 921 iam
499 871 605 922 claram
632 870 841 939 oppositionem
868 869 934 922 fieri
961 870 1039 921 inter
1062 884 1127 920 uera
1154 869 1222 919 bona
1241 875 1271 917 et
1290 882 1358 934 quae

126 968 128 972 >
202 942 271 995 bona
289 941 444 992 uideantur:
473 941 600 1009 quamsi
619 941 703 992 tollas
722 941 856 992 eteorum
875 957 941 991 cum
958 941 1008 991 vul
1031 939 1162 1013 olegas3=
1186 937 1264 988 nihil
1288 941 1355 989 cru·

202 1011 275 1075 dius,
300 1012 403 1074 laxius,
429 1010 548 1062 dilutius
574 1011 632 1062 dici
660 1018 761 1080 potest,
788 1026 874 1079 quam
899 1011 973 1062 illud
1025 1016 1171 1062 ontemnere
1194 1024 1262 1076 quae
1287 1008 1356 1060 bona

201 1082 351 1136 uideantur.
390 1081 526 1135 Ceterum
544 1097 609 1134 vera
627 1082 705 1145 bona,
731 1081 874 1142 iuvenalis
893 1080 950 1133 Sat.
971 1083 1004 1136 X.

369 1151 502 1204 Omnibus
519 1153 549 1204 in
568 1154 655 1205 terris
672 1168 741 1220 quae
759 1159 822 1204 sunt
841 1168 858 1204 a
878 1152 1005 1204 Gadibus
1022 1166 1107 1219 usque

366 1223 512 1277 Auroram
530 1231 556 1274 et
574 1223 706 1289 Gangem,
722 1222 808 1290 pauci
827 1225 995 1289 dignoscere
1011 1228 1125 1288 possunt

368 1296 443 1345 Vera
460 1294 532 1346 bona
551 1300 631 1362 atque
649 1293 711 1346 iilis
729 1296 842 1346 nautium
861 1295 982 1359 diuersa,
1002 1299 1107 1345 remota

369 1364 489 1417 Erroris
507 1365 615 1416 nebula.
637 1412 641 1418 ὁ

202 1435 309 1487 Noster
326 1433 458 1489 Academ.
479 1436 503 1497 Ι,
522 1438 547 1489 2.
585 1435 649 1503 saue
668 1431 739 1486 enim
757 1433 897 1487 Zenonem
915 1449 1046 1504 sequere3
1073 1447 1205 1499 magnum
1233 1438 1275 1484 est
1293 1432 1357 1498 effi-

123 1569 127 1576 ·
202 1521 274 1570 cere,
293 1511 323 1557 ut
341 1505 404 1574 quis
422 1505 573 1572 intelligat,
600 1505 666 1573 quid
685 1506 723 1557 sit
741 1504 812 1558 illud
829 1523 932 1557 verum
957 1511 982 1556 et
1002 1503 1119 1570 simplex
1137 1503 1254 1568 bonum,
1281 1504 1355 1572 quod

203 1591 259 1629 non
276 1578 369 1640 possit
387 1576 420 1628 ab
440 1574 580 1628 honestate
597 1578 717 1643 seiungi.
755 1577 841 1640 Haec,
866 1576 924 1627 nisi
949 1574 1031 1628 vaide
1053 1575 1152 1637 fallor,
1182 1582 1265 1626 extra
1282 1590 1356 1626 con·

202 1647 374 1698 troversiam
397 1647 489 1716 posita
513 1656 590 1699 suntt
622 1646 806 1716 quamobrem
832 1648 856 1697 si
875 1646 986 1699 Nonius
1010 1653 1142 1714 receptae
1168 1645 1289 1697 lectioni
1308 1662 1356 1714 pa·

202 1718 374 1781 trocinatur,
394 1735 488 1786 neque
506 1719 550 1783 (ut
568 1735 649 1787 saepe
668 1718 717 1781 fit)
737 1718 770 1769 ab
790 1717 947 1770 editoribus
966 1724 1118 1785 corruptus
1138 1725 1194 1781 θεῖς
1215 1724 1244 1768 et
1258 1716 1311 1768 ille
1328 1724 1356 1768 et

202 1787 329 1841 Librarii
346 1788 497 1855 vapulent«
947 1793 949 1797 ⁴

274 1856 345 1910 lbid.
384 1857 576 1927 Maximosque
594 1858 735 1913 doloribus
753 1861 877 1924 affectus,
897 1875 943 1911 eos
960 1856 1038 1927 ipsos
1051 1856 1225 1911 inventorum
1244 1873 1355 1910 saeorum

202 1928 337 1981 memoria
356 1934 382 1981 et
401 1929 596 1983 recordatione
615 1931 765 1996 confutat]
802 1931 858 1980 Vix
877 1930 984 1994 dubito,
1013 1926 1085 1997 quin
1110 1937 1138 1982 et
1157 1929 1212 1979 tibi
1232 1937 1262 1980 et
1279 1937 1355 1981 cete·

202 2001 243 2052 ris
262 1999 419 2052 editoribus
437 2000 534 2051 durius
554 2001 629 2053 illud
646 2001 740 2052 visum
758 2002 804 2065 sit,
824 1998 947 2066 confutat
967 2000 1092 2063 dolores:
1113 2000 1160 2051 sed
1179 2016 1246 2050 cum
1262 2016 1357 2051 emen·

202 2070 280 2123 datio
303 2086 361 2122 non
384 2080 575 2137 succurreret,
605 2072 722 2124 silentio
745 2073 944 2123 transmissum
967 2079 1018 2123 est.
1057 2070 1122 2123 Scio
1148 2071 1286 2138 equidem¹
1299 2069 1354 2121 hoc

201 2141 365 2194 defensores
384 2157 449 2194 snos
466 2140 643 2206 habiturum,
663 2141 714 2211 qui
732 2143 829 2193 omnia
847 2150 926 2194 recta
943 2159 1040 2210 prava,
1070 2157 1142 2210 quae
1162 2141 1193 2191 in
1212 2140 1356 2194 codicibus

200 2214 348 2276 feruntur,
373 2211 437 2264 albo
463 2212 574 2265 calculo
600 2212 785 2282 comprobare
812 2212 918 2264 solenti
951 2213 1000 2264 sed
1023 2212 1071 2263 cui
1090 2210 1199 2264 indoles
1226 2218 1257 2264 et
1275 2227 1357 2281 sapor

202 2282 387 2336 Ciceroniani
409 2284 549 2335 sermonis
578 2284 710 2357 cognitus
730 2291 781 2348 est,
808 2282 864 2335 hoc
882 2283 914 2335 ab
941 2283 1021 2333 illius
1040 2300 1126 2334 manu
1144 2299 1204 2335 esse
1223 2298 1281 2334 non
1300 2281 1356 2333 nisi

203 2354 393 2406 invitissimus
412 2354 561 2408 fatebitur.
598 2355 749 2406 Videamus
769 2355 878 2406 Graeca
896 2353 1029 2423 Epicuri,
1054 2354 1088 2404 ad
1113 2371 1185 2422 quae
1208 2353 1259 2405 hic
1284 2353 1357 2404 allu-

144 2467 146 2471 .
203 2424 262 2478 dit:
297 2418 544 2492 Ἀντιπαρετὰττετο
563 2429 633 2477 πᾶσι
657 2419 761 2484 τούτοις
784 2424 814 2478 td
837 2423 904 2477 nard
929 2424 1025 2492 ψυχὴν
1048 2428 1152 2494 χαῖρον
1180 2425 1225 2477 ἐπὶ
1249 2429 1283 2488 τῆ
1300 2423 1355 2476 τῶν

203 2491 453 2564 γεγονότωνὴμῖν
475 2494 661 2561 διαλογισμῶν
683 2491 787 2563 μνήμῃ.
827 2495 900 2560 Quid
918 2504 1011 2549 autem
1038 2504 1080 2547 est
1104 2477 1357 2566 dvseaupaedrtuu,

203 2584 240 2619 an
258 2565 428 2630 confutare?
447 2565 524 2616 nihil
543 2568 646 2626 minus.
685 2566 758 2631 Quid
783 2582 851 2640 ergo
871 2569 931 2618 est?
964 2583 1067 2634 nempe
1092 2566 1122 2617 id
1148 2566 1253 2635 ipsum,
1282 2565 1358 2634 quod

203 2652 256 2706 pro
274 2653 343 2687 vera
361 2635 447 2687 huius
461 2636 524 2695 ‚loci
544 2637 741 2690 emendatione
760 2637 910 2701 substituo,
929 2638 988 2690 Eos
1006 2639 1081 2704 ipsus
1099 2638 1275 2689 incentorum
1293 2652 1356 2688 suo-

203 2723 267 2759 rum
289 2706 425 2759 memoria
450 2713 476 2760 et
499 2708 696 2761 recordatione
721 2712 934 2775 compensat.
972 2708 1017 2759 Ita
1043 2716 1140 2760 noster
1164 2707 1205 2760 De
1224 2706 1297 2769 Pin.
1317 2708 1355 2771 11,

203 2780 248 2836 30.
276 2777 324 2830 ubi
352 2779 474 2835 Graeca
488 2779 542 2830 ista
567 2780 690 2850 Epicuri
715 2779 835 2831 verbum
863 2779 897 2830 de
923 2778 1010 2830 verbo
1042 2783 1158 2831 vertere
1184 2778 1356 2847 profitetur3

204 2835 510 2917 Cornpensadatur
535 2856 635 2914 tamen,
665 2850 769 2918 inquit,
796 2865 857 2900 cum
882 2846 927 2900 bis
959 2848 1087 2902 omnibus
1116 2848 1207 2901 animi
1233 2848 1355 2914 laetitia,

203 2936 287 2990 quam
306 2921 449 2988 capiebam
466 2924 602 2975 memoria
619 2921 759 2974 rationum
778 2921 1001 2988 inventorumque
1019 2927 1183 2973 nostrorum.
1221 2920 1261 2970 Et
1288 2935 1355 2971 mox

205 2991 325 3044 ibidem:
357 2993 676 3058 compensabatur,
702 2990 801 3060 inquit,
829 3007 889 3042 cum
916 2989 1032 3043 summis
1058 2991 1204 3044 doloribus
1228 2988 1355 3043 laetitia:

205 3061 246 3113 Et
264 3061 384 3113 iterum:
413 3062 544 3115 Rationes
562 3069 622 3115 tuas
641 3069 668 3115 te
686 3061 767 3115 uideo
785 3077 1013 3128 compensare
1031 3079 1092 3114 cum
1109 3061 1175 3114 istis
1202 3061 1355 3114 doloribus.

152 3154 156 3158 ‚
205 3131 280 3196 Quid
305 3130 362 3191 iam
386 3133 519 3193 videtur?
555 3134 730 3189 Librariisne
755 3133 941 3185 oscitantibus
966 3150 1001 3184 an
1027 3134 1083 3203 ipsi
1101 3132 1238 3185 Ciceroni
1261 3131 1358 3201 potior

205 3201 263 3254 erit
287 3201 390 3253 fidesi‘
409 3205 505 3259 Porro·
525 3203 651 3256 eiusdem
677 3204 761 3256 verbi
788 3204 925 3272 frequens
953 3203 1027 3271 apud
1049 3204 1127 3257 hunc
1155 3221 1221 3254 usus
1246 3207 1298 3265 e'st,
1327 3202 1357 3252 in

205 3271 296 3323 simili
315 3273 474 3337 sententia3
501 3280 534 3324 ut
552 3274 617 3325 Fin.
636 3275 671 3338 V,
693 3277 733 3329 18.
772 3275 808 3326 m
830 3290 892 3325 cum
910 3272 1044 3329 maximis
1068 3272 1145 3326 curis
1171 3278 1198 3326 et
1216 3271 1358 3326 laboribus

106 3403 113 3410 Ἰ
205 3358 390 3412 compensare
408 3359 470 3395 eam
489 3359 570 3412 quum
588 3353 628 3399 ex¹
640 3344 777 3400 discenda
791 3343 902 3412 capiant
920 3345 1098 3411 uoluptatem.
1127 3345 1168 3396 De
1188 3346 1253 3397 Nat.
1270 3344 1355 3396 Deor.

205 3413 230 3478 1,
249 3415 275 3469 9.
312 3414 369 3466 Illa
387 3416 552 3468 multarunt
570 3414 742 3477 incommoda
759 3418 790 3470 in
808 3416 874 3480 uita,
893 3421 923 3468 at
945 3430 979 3466 eu
997 3417 1135 3482 sapientes
1153 3415 1358 3468 commodorum

205 3486 436 3554 compensatione
460 3485 576 3538 leniant.
613 3486 656 3539 Dc
682 3486 757 3539 Orat.
783 3486 843 3553 111,
870 3490 894 3540 4.
931 3486 969 3538 Et
998 3485 1099 3539 summi
1128 3486 1237 3539 iabores
1267 3483 1358 3538 nostri

132 3565 139 3570 ·
204 3569 305 3622 magna
323 3557 497 3626 compensati
515 3557 611 3624 gloria
630 3555 810 3625 mitigantur.
847 3558 889 3609 De
908 3556 1102 3628 Senecteap.
1117 3559 1143 3611 2.
1162 3555 1357 3610 Resistendum

204 3626 340 3748 spnpctuti
362 3633 414 3693 est,
443 3626 555 3698 eiusque
579 3627 652 3681 vitia
671 3627 827 3695 diligentia
857 3627 1063 3698 compensanda
1094 3634 1164 3685 eunt.
1205 3629 1245 3680 Et
1275 3643 1356 3698 saepe

204 3714 283 3748 ars.

276 3765 342 3837 Gap.
363 3770 408 3823 33.
447 3767 506 3821 Hoc
530 3770 590 3821 toro
617 3770 706 3823 multa
733 3769 768 3823 ab
796 3767 944 3838 Epicureis
969 3768 1164 3837 disputantem
1192 3784 1294 3838 eaeque
1311 3785 1357 3821 uo-

205 3837 328 3906 luptates
346 3839 518 3907 singillatim
537 3845 737 3906 extenuantem
757 3856 874 3908 quarum
890 3856 1058 3907 generanon
1069 3846 1252 3906 contemnunt,
1273 3857 1358 3909 quae·

170 3927 172 3930 ’
205 3918 278 3961 runt
296 3910 538 3981 temerantiam]
576 3911 686 3963 Vitiosa
703 3912 764 3963 sine
781 3911 866 3964 dubio
885 3912 985 3965 oratio.
1024 3912 1162 3976 Quorsum
1180 3912 1266 3970 ¹enim
1284 3909 1358 3962 illud

204 3986 311 4034 mmen:
340 3999 405 4034 cum
431 3983 509 4035 inter
539 3997 594 4045 non
616 3989 787 4051 contemnere
811 3991 840 4034 et
865 3998 1001 4052 quaerere
1030 3982 1112 4034 nulla
1138 3982 1177 4034 sit
1204 3981 1355 4051 oppositio.

206 4052 296 4125 Lege,
314 4060 363 4104 ant
380 4051 454 4106 Non
472 4060 605 4121 quaerunt
623 4059 716 4106 tumen
734 4053 855 4123 copiam,
874 4052 1114 4122 autSpernunt
1133 4059 1225 4106 tamen
1239 4051 1355 4120 copiam.

279 4122 351 4174 lbid.
389 4124 527 4179 Quocirca
544 4139 645 4191 corpas
662 4125 788 4191 gaudere
805 4130 864 4176 tam
883 4125 943 4190 diu,
963 4125 1025 4177 dum
1041 4129 1217 4191 praesentem
1235 4124 1357 4177 sentiret

207 4193 394 4315 uptuptatem]
419 4194 473 4248 Vel
492 4212 528 4248 ex
545 4195 657 4248 ratione
675 4203 840 4265 temporum
857 4203 936 4267 patet
954 4195 1109 4269 legendum
1128 4212 1186 4248 esse
1204 4195 1299 4249 senti
1305 4199 1356 4258 at,

207 4279 224 4315 e
255 4281 298 4316 stc
317 4273 431 4316 sterum.
808 4278 810 4283 ·

278 4333 348 4385 lbid.
384 4334 431 4386 Ita
447 4340 597 4402 perpetuas
616 4342 641 4388 et
658 4341 802 4388 contestas
819 4335 975 4403 voluptates
1001 4336 1032 4390 in
1051 4334 1176 4402 sapiente
1198 4336 1263 4402 fore
1288 4351 1358 4388 sem-

203 4418 266 4470 per,
283 4419 344 4457 cum
361 4405 528 4473 exspectatio
546 4412 725 4475 speratarum
743 4407 912 4477 uoluptatum
927 4412 1124 4475 perceptarum
1141 4408 1277 4461 memoria
1295 4406 1358 4457 iun·
