2856 5084
187 271 209 335 s
339 259 350 299 ··
397 237 631 336 ciceronis
651 269 898 340 rosetum.
922 270 1150 340 nrsrursr.

185 450 261 495 mos
283 417 414 517 quoque
436 434 567 498 dederit
588 445 623 499 et
644 456 825 519 corporum
853 432 1025 498 doloribus
1053 445 1288 522 congruentes,
1309 443 1345 498 et

139 517 165 570 4·
189 518 369 598 separatim
402 520 471 580 suis
499 519 680 604 angoribus
709 528 743 582 et
775 520 935 582 molestiis
964 520 1163 602 implicatos.
1211 517 1276 580 Sed
1307 520 1344 578 in

259 699 414 768 Corporum
432 701 577 756 doloribus
595 702 793 776 congruentis]
818 703 853 756 in
870 703 976 755 ultimo
991 703 1079 756 verbo
1097 703 1233 756 mendum
1250 703 1344 757 latere

186 770 348 838 suspicatur
364 771 399 826 D.
418 773 588 838 Lambinus:
621 791 688 824 nam
713 790 779 826 cum
797 774 943 843 significat
961 774 1063 828 Cicero
1086 782 1218 826 naturam
1236 774 1343 828 dedisse

187 839 268 892 nobis
287 841 397 895 animos
416 841 469 908 [et]
486 858 524 896 'cx
542 858 698 913 corporum
716 844 861 897 doloribus
879 844 1009 898 dolorem
1027 843 1229 898 contrahentes
1247 843 1289 912 [et
1308 863 1344 898 ex

186 910 246 962 suis*
271 921 326 965 etc.
357 915 439 983 quasi
462 914 581 967 dixisset
604 917 807 981 συναλγοῦντας
837 924 867 968 et
890 916 1114 982 συμπάσχοντας,
1141 923 1170 983 et
1193 934 1250 968 una
1277 932 1343 967 cum

186 982 354 1051 corporibus
373 983 501 1038 dolentes
519 1002 691 1054 sensumque
710 985 839 1056 corporis
857 986 1098 1056 participantem]
1126 983 1180 1039 illa
1202 1002 1261 1038 vox
1277 986 1343 1040 viro

186 1052 300 1105 erudito
320 1070 378 1107 non
395 1055 513 1109 videtur
529 1054 605 1107 hanc
632 1055 797 1125 exprimere
815 1055 1002 1122 sententiam,
1032 1065 1209 1127 quapropter
1226 1057 1343 1126 reponit

185 1137 332 1193 corporum
352 1123 497 1181 doloribus
513 1131 692 1192 coaegrentes
704 1143 753 1179 seu
766 1133 1002 1194 coaegrescentes‚
1021 1128 1070 1180 vel
1082 1134 1342 1196 congrcvescentes,

184 1193 234 1245 vel
251 1196 457 1264 contengentes.
495 1193 600 1260 [Addit
617 1197 716 1250 hamb.
734 1193 896 1273 congruere
921 1215 988 1250 cum
1010 1196 1057 1250 his
1075 1197 1272 1262 Ciceronianis
1290 1198 1343 1250 illa

184 1263 361 1319 Lucretiana
378 1266 429 1318 lib.
449 1263 475 1322 3.
496 1267 568 1332 [836.
588 1266 684 1336 sqq.]‘
954 1309 958 1314 .

350 1335 466 1390 Praeter
484 1339 557 1390 enim
575 1352 657 1406 quum
676 1336 750 1407 quod
764 1337 871 1391 morbis
887 1343 945 1390 tuns
963 1338 1093 1404 corporis
1111 1336 1217 1406 uegrit,

351 1405 475 1462 Advenit
492 1406 535 1470 id,
560 1407 631 1474 quod
649 1423 710 1460 earn
729 1407 763 1460 de
786 1409 872 1462 rebus
889 1423 970 1474 saepe
989 1407 1096 1473 futuris

351 1475 494 1542 Munerat,
512 1476 596 1546 inque
614 1482 688 1530 metu
706 1478 780 1530 male
798 1476 878 1531 babet
903 1477 1033 1547 curisque
1050 1476 1182 1546 fatigat]

185 1544 236 1598 Fr.
255 1545 353 1599 autem
371 1548 518 1617 Fabricius
535 1548 685 1623 vulgatam
706 1548 865 1602 lectionem
890 1548 1009 1613 retinet,
1036 1557 1065 1600 et
1084 1549 1126 1601 ita
1143 1549 1279 1620 explicat,
1309 1559 1342 1602 ut

185 1616 263 1670 dicat
280 1617 396 1670 Tullius
422 1619 576 1682 severeri,
605 1636 652 1684 ne,
680 1627 714 1670 ut
740 1635 872 1690 corpora,
901 1621 942 1672 sie
965 1619 1074 1671 animos
1098 1635 1213 1690 quoque
1239 1629 1342 1674 natura

184 1687 273 1756 nobis„
284 1688 396 1741 dederit
414 1688 584 1754 imbecillos,
619 1689 670 1758 qui
696 1704 850 1760 corporum
873 1688 1017 1743 doloribus
1045 1697 1208 1759 congruant,
1235 1692 1265 1744 id
1289 1701 1341 1757 est,

180 1759 367 1825 *conveniant
391 1760 433 1813 ita
449 1769 483 1813 ut
500 1758 664 1813 animorum
682 1759 794 1814 dolores
813 1777 872 1813 non
890 1759 970 1815 secus
989 1769 1074 1830 atque
1093 1777 1248 1831 corporum
1267 1762 1342 1815 into-

184 1827 319 1884 terabiles
345 1831 413 1882 sint.
454 1831 486 1885 si
511 1830 693 1884 aCiceronis
715 1849 802 1883 manu
824 1831 884 1885 fuit
915 1840 1032 1902 recepta
1056 1831 1208 1901 scriptura,
1240 1833 1342 1885 malim

185 1896 298 1953 animos
323 1917 470 1970 corporum
493 1900 639 1954 'doloribus
664 1907 854 1969 congruentes,
887 1917 934 1954 eos
961 1919 1019 1956 esse
1044 1903 1095 1971 qui
1122 1903 1340 1973 perturbantur,

185 1985 252 2022 cum
270 1971 370 2025 dolent
388 1987 518 2042 corpora,
539 1980 567 2025 et
585 1971 708 2042 'proinde
725 1989 792 2025 cum
803 1971 949 2026 doloribus
962 1989 1116 2042 corporum
1135 1974 1341 2042 quodammodo
1390 1975 1402 1987 ⁵

186 2042 370 2095 concordant.
407 2041 455 2119 dt,
479 2043 606 2112 nequid
628 2042 818 2106 dissimulem,
834 2041 977 2095 Tullium
994 2043 1147 2112 reliquisse
1165 2053 1246 2112 puto,
1279 2061 1342 2097 cor·-

182 2128 284 2180 porum
302 2109 446 2167 doloribus
463 2117 681 2170 corruentes.
718 2111 838 2165 Minima
848 2123 927 2166 certe
940 2121 982 2166 est
1000 2115 1137 2178 mutatio;
1157 2132 1229 2184 quae
1243 2123 1341 2168 tamen

165 2180 216 2237 'et
232 2183 373 2252 loquendi
391 2184 509 2237 modum
527 2192 557 2237 et
574 2200 690 2237 sensum
709 2183 892 2237 commodum
909 2183 1083 2263 suppeditat.
1120 2184 1157 2239 D.
1232 2217 1234 2222 -

255 2277 445 2340 etcorporum
468 2271 837 2340 doloribnscongruentes]
867 2269 953 2324 Goth.
978 2271 1010 2324 in
1028 2288 1138 2347 marg.;
1165 2272 1235 2324 fort.
1260 2287 1341 2324 coce-

184 2342 365 2410 grescentes's,
392 2344 429 2396 al.
449 2345 642 2411 coaegrenteis
663 2343 712 2396 vel
736 2341 1053 2410 mandanaucensi.
1073 2342 1339 2410 compungentes.“

184 2414 220 2468 In
237 2415 295 2467 alia
311 2414 364 2467 Ed.
386 2413 476 2468 Goth.
496 2424 538 2466 est
555 2413 746 2481 confregientes
773 2415 805 2466 in
823 2414 905 2467 lectt.
924 2431 1016 2490 marg.
1053 2413 1148 2480 „Cave
1165 2412 1267 2482 probes
1285 2414 1340 2465 Da-

183 2484 251 2537 visii
270 2485 452 2549 sententiam,
479 2501 552 2554 quae
570 2485 716 2539 Ciceronis
740 2485 913 2538 sententiam
934 2485 1078 2555 pervertit
1095 2493 1231 2555 apertam.
1268 2485 1340 2536 Vult

185 2555 264 2608 enim
282 2555 360 2607 nihil
377 2555 466 2620 aliud,
490 2572 589 2624 quam:
621 2572 680 2608 non
698 2555 790 2608 solum
809 2571 898 2624 quum
917 2570 1020 2625 corpus
1038 2555 1127 2620 dolet,
1155 2553 1234 2616 dolet
1253 2553 1340 2607 etiam

184 2625 306 2691 animus,
334 2624 382 2679 sed
400 2626 457 2677 suis
477 2642 592 2695 quoquo
610 2634 640 2678 et
657 2625 787 2696 propriis
806 2623 947 2677 molestiis
965 2625 1128 2694 implicatus
1147 2623 1222 2676 est.“
1246 2624 1337 2677 Bonis.

57 2709 68 2731 r
117 2727 118 2730 =
183 2696 306 2761 „Animi
322 2711 470 2763 corporum
489 2695 632 2751 doloribus
651 2700 835 2764 congruentes
859 2701 926 2746 sunt
950 2695 1011 2762 qui,
1048 2711 1115 2746 cum
1137 2693 1252 2746 doleant
1275 2711 1340 2747 cor-

85 2785 93 2795 ’
205 2783 264 2832 ora,
292 2767 391 2819 dolore
409 2767 495 2819 simul
513 2767 683 2820 afficiuntur
707 2783 796 2837 eaque
819 2764 931 2828 ratione
950 2782 1016 2817 cum
1035 2764 1202 2835 corporibus
1221 2779 1339 2818 concor-

183 2783 262 2891 dant.
287 2837 385 2892 Variis
402 2838 493 2891 modis
511 2839 661 2922 ingenium
674 2853 762 2890 ¹suum
781 2835 911 2890 exercuit
927 2835 1095 2888 Lambinus:
1114 2835 1246 2888 infaustis
1258 2852 1338 2901 vero,

182 2917 217 2961 ut
235 2909 396 2979 saepissime
414 2910 496 2973 solet,
515 2908 620 2962 avibus.
657 2907 710 2962 Sin
728 2913 1005 2966 autem-contuentes
1027 2907 1165 2982 legamus,
1183 2905 1339 2960 videndum

184 2979 253 3044 erit,
272 2979 297 3032 si
316 2986 372 3048 qua
398 2979 517 3054 adiungi
541 2979 742 3049 exemplorum
765 2977 920 3039 auctoritas
945 2977 1043 3047 possit.
1080 2977 1170 3043 Quam
1194 2976 1243 3029 diu
1269 2993 1339 3030 vero

182 3067 217 3102 ea
236 3067 281 3103 res
299 3049 374 3101 mihi
392 3050 468 3103 haud
484 3051 552 3104 satis
571 3050 723 3113 constabit,
739 3048 897 3107 lectionem
916 3048 1063 3123 vulgatam
1087 3047 1232 3101 retinebo:
1256 3063 1339 3114 quum

179 3119 351 3188 praesertim
374 3121 539 3190 parimodo
560 3120 816 3189 loquatnrcicero
842 3118 919 3171 infra
936 3135 961 3172 c.
980 3121 1029 3174 24:
1057 3135 1118 3172 cum
1136 3150 1169 3162 -
1189 3117 1284 3171 sideru
1305 3145 1338 3156 -
1382 3138 1383 3143 ¹

182 3192 288 3244 uiderit
307 3217 338 3228 -
357 3191 433 3244 caelo
452 3189 626 3246 inhaerentia
644 3207 705 3245 cum
722 3188 821 3245 mundi
838 3195 912 3242 rnotu
935 3205 1135 3256 congruere
1158 3190 1177 3242 i.
1199 3208 1224 3243 e.
1251 3188 1339 3240 simul

183 3277 250 3329 cum
270 3276 302 3313 eo
321 3261 448 3316 moveri:
474 3270 509 3314 ut
533 3262 564 3313 in
582 3261 613 3313 h.
632 3261 653 3314 1.
674 3277 735 3315 cum
760 3260 905 3314 doloribus
927 3262 1082 3330 con'gruere
1104 3268 1147 3314 est
1166 3259 1254 3312 simul
1272 3276 1337 3311 cum

183 3331 220 3384 iis
238 3331 368 3392 dolere.“
396 3331 495 3397 [Addit
520 3333 661 3386 Handius:
690 3331 785 3386 Tacit.
805 3331 886 3401 hist.
906 3332 928 3383 1.
949 3335 979 3386 7:
1010 3334 1084 3398 forte
1107 3337 1284 3398 congruerat,
1308 3335 1339 3383 ut

184 3402 280 3456 clodii
298 3404 398 3456 Macri
414 3409 440 3455 et
457 3402 569 3456 Fonteii
586 3403 732 3471 Capitonis
750 3403 849 3455 caedes
865 3399 1084 3466 nunciarentur.]
1106 3402 1251 3468 Wopkens.
1271 3400 1291 3455 l.
1311 3416 1336 3452 c.

139 3511 142 3515 r
181 3460 324 3536 ,',Frustra
341 3480 488 3526 tentavere
507 3474 623 3543 quidam
646 3475 768 3526 verbum
791 3479 987 3545 cpngruentes.
1025 3469 1128 3524 Sensus
1147 3481 1198 3536 est,
1228 3471 1337 3522 animos

135 3600 139 3608 ,
183 3543 236 3612 qui
254 3543 384 3614 corporis
402 3542 745 3613 doloribusafflciuutur,
762 3552 796 3596 ut
813 3562 870 3595 une
888 3543 1010 3607 doleant,
1029 3541 1208 3610 habeantque
1226 3540 1338 3594 dolores

182 3629 249 3665 cum
266 3628 387 3684 corpore
406 3615 601 3667 communes.“
619 3614 697 3669 Ern:
726 3615 820 3667 Nemo
838 3615 956 3674 ⁴mosmit
979 3613 1030 3677 vix
1054 3611 1148 3681 ipsum
1165 3610 1338 3664 Lambinum

106 3745 109 3748 ‚
183 3691 314 3752 quatuor,
348 3702 420 3754 quae
444 3686 577 3754 protulit,
602 3685 699 3738 verbis
722 3685 796 3744 serio
821 3683 881 3735 sibi
908 3683 1003 3736 videri
1029 3682 1156 3751 potuisse
1189 3683 1336 3758 corrigere

181 3753 369 3814 librariorum
388 3771 527 3820 errorem,
558 3773 625 3808 num
643 3756 699 3809 duo
720 3763 864 3826 postrema
891 3753 951 3804 eius
968 3752 1066 3816 verba,
1087 3760 1337 3819 'congraoescentes

182 3831 211 3878 et
229 3823 426 3894 consurgentes
450 3826 621 3879 auctoritate
644 3826 730 3896 plane
754 3824 956 3890 destituantur,
982 3823 1111 3894 primum
1135 3825 1250 3900 legatur
1266 3824 1337 3892 qui·

180 3896 256 3961 dein,
277 3906 305 3950 et
322 3896 376 3950 hac
395 3898 457 3969 ipsa
475 3898 506 3949 in
524 3914 566 3960 re,
586 3896 635 3950 sed
652 3896 727 3966 apud
744 3895 961 3955 Tertullianum
978 3895 1075 3946 Anim.
1096 3896 1126 3950 5:
1146 3911 1246 3963 corpus
1263 3909 1336 3946 cone-

178 3967 291 4036 poets‘tur
315 3968 436 4037 uniusne,
463 3967 510 4022 cui
536 3967 661 4035 afflictae
681 4000 714 4010 -
734 3964 912 4034 coaegrescit.
951 3964 1030 4030 Quod
1053 3975 1150 4018 autem
1175 3967 1207 4016 in
1223 3963 1286 4016 Ed.
1309 3968 1334 4017 l.

179 4039 366 4109 scriptionem
375 4044 572 4108 'congruentes
590 4038 718 4092 defendit
727 4037 807 4090 Festi
826 4036 1017 4106 explicatione
1038 4034 1057 4101 [z
1066 4051 1220 4104 congruere
1233 4033 1337 4087 dictum

180 4114 222 4162 est
241 4126 260 4161 a
276 4111 405 4178 gruibus,
424 4128 493 4178 quse
510 4126 541 4164 se
559 4128 612 4165 non
629 4112 793 4178 segregant,
812 4105 872 4160 sios
885 4123 945 4160 cum
957 4106 1052 4161 notant
1069 4106 1128 4159 sine
1138 4122 1199 4158 cum
1213 4120 1336 4174 pascun-

180 4177 254 4244 tur:]
272 4189 389 4250 poterat
404 4182 511 4235 fulcire
529 4183 593 4235 loco
613 4180 707 4235 Solini
727 4198 752 4233 c.
768 4183 813 4235 lo:
835 4177 886 4248 qui
905 4177 939 4231 de
956 4179 1075 4253 gruibus
1093 4177 1222 4247 loquens,
1252 4175 1290 4228 Ut
1309 4176 1337 4228 si

179 4264 257 4316 cuae,
276 4251 400 4320 scripsit,
420 4253 581 4318 defecerint,
609 4255 809 4319 congruont
828 4250 975 4303 universae
993 4248 1162 4319 turmasque
1179 4246 1335 4300 sustollunt.

180 4319 237 4373 Sed
255 4323 372 4374 frustra.
395 4322 454 4374 vid.
474 4323 556 4375 modo
574 4323 666 4376 Vossii
683 4321 812 4392 Etymol.
839 4321 873 4372 L·
885 4321 917 4372 L.
929 4338 957 4372 v.
975 4334 1050 4386 grus
1068 4327 1143 4372 extr.
1162 4326 1192 4372 et
1209 4317 1335 4371 Doeder-

179 4389 249 4442 lein.
276 4392 348 4447 Lat.
368 4391 499 4460 Synon.
519 4411 548 4444 u.
567 4393 722 4463 Etymol.
742 4393 780 4447 11.
808 4408 837 4460 p.
859 4392 919 4444 122.
956 4389 1022 4452 Mr„
1274 4395 1277 4405 '
