2856 5084
106 249 148 312 dd
313 242 542 308 CICERONIS
564 241 809 310 TUSCULAN.
832 244 1059 311 DISPUTAT.

106 419 195 490 sunt,
224 411 414 475 tolerabilia
440 408 552 488 ducat,
573 432 613 475 ex
642 430 707 493 quo
733 429 795 474 nec
823 412 926 474 timor
955 431 1032 474 cum
1061 432 1124 476 nec
1150 434 1194 476 an
1244 420 1266 480 r

107 496 267 578 attingat:
289 493 444 574 idemque
464 494 493 554 si
514 494 600 578 nihil
621 497 844 576 concupiscat,
867 497 957 558 nulle
978 499 1137 558 efferatur
1156 503 1267 562 animi

106 578 204 638 inani
222 577 409 659 voluptate3
431 573 511 658 quid
533 584 593 655 est,
616 597 678 639 cur
698 578 728 640 is
751 597 818 640 non
838 578 955 640 beatus
976 576 1044 642 siti
1073 588 1107 641 et
1126 583 1157 642 si
1178 581 1266 647 hacc

106 661 236 721 virtute
255 659 457 736 efficiuntur,
493 657 573 740 quid
602 667 664 734 est,
699 678 761 721 cur
790 661 901 724 virtus
933 663 1008 742 ipsa
1034 681 1096 743 per
1127 683 1166 726 se
1193 683 1265 726 nou

107 741 226 803 efficiat
248 738 380 803 beatosl

65 832 85 895 7
190 823 519 906 inquietorum
548 821 618 887 dici
648 843 716 885 non
744 832 864 906 potest,
898 826 979 906 quin
1011 827 1049 905 ii,
1083 828 1143 908 qui
1174 827 1264 891 nihil

672 969 919 977 ——-—-.--—--

105 1045 190 1083 nemo
218 1045 345 1081 assensus
372 1036 430 1093 est,‚
452 1046 625 1098 quamquam
653 1028 713 1080 illis
739 1028 834 1082 verbis
867 1034 1045 1098 ταυτολογίαν
1079 1030 1170 1084 inesse
1206 1051 1264 1104 pro
1309 1083 1315 1093 ,

105 1118 198 1155 omnes
216 1116 301 1153 casus
318 1097 452 1152 Ῑιηηιαηοε
479 1100 596 1169 scripsit
612 1099 709 1156 Wolf.
729 1100 761 1152 in
779 1100 893 1157 scholis.
930 1102 976 1155 Er
994 1120 1045 1172 φηο
1063 1111 1143 1155 recte
1161 1116 1264 1159 monet

105 1172 202 1227 Kiihn.
231 1171 341 1223 dictum
369 1187 427 1223 esse
451 1187 504 1239 pro
531 1171 573 1223 ito
598 1177 634 1222 ui.
672 1171 707 1223 In
729 1171 795 1226 Cod.
821 1172 919 1225 Duisb.
944 1181 986 1226 est
1012 1189 1073 1227 eum
1098 1175 1263 1231 nectimur.

105 1245 159 1296 Pro
184 1244 307 1309 attingat
332 1249 375 1293 est
400 1241 520 1309 attingit
544 1243 575 1293 in
595 1241 680 1295 Codd.
701 1242 774 1295 Gud.
793 1246 820 1298 2.
849 1251 879 1295 et
896 1244 981 1297 Vind.
1002 1249 1035 1309 13
1066 1248 1211 1313 attingant
1231 1249 1265 1301 in

106 1313 173 1368 cod.
194 1313 283 1365 Rehd.
320 1311 364 1364 Ad
383 1313 626 1381 constructionem
644 1322 811 1383 sequentem
828 1312 956 1383 idemque
974 1317 1002 1368 si
1019 1312 1100 1379 nibil,
1126 1334 1183 1386 qua
1201 1318 1265 1372 eius

106 1386 202 1437 forma
225 1382 347 1435 relativa
369 1383 473 1435 transit
500 1384 531 1435 in
560 1384 812 1436 demonstrativam
839 1384 918 1449 (cum
944 1385 1027 1454 sequi
1054 1386 1186 1441 deberet:
1214 1390 1266 1456 qui

107 1455 182 1510 idem
200 1452 274 1508 eiiii
290 1453 477 1521 concupiscat)
494 1454 588 1508 Kiilm.
617 1456 713 1510 laudat
730 1456 764 1508 V.
783 1459 808 1512 3·
828 1458 854 1511 8.
879 1455 929 1507 ubi
953 1472 1064 1523 eumque
1081 1473 1142 1511 cum
1159 1458 1267 1515 Leonte

105 1525 235 1596 ponitur,
254 1542 321 1578 cum
339 1534 484 1595 exspectes
502 1534 706 1594 perrecturum
719 1526 889 1580 Ciceronem
906 1527 939 1579 in
954 1529 1169 1582 constructione
1188 1531 1267 1585 rela-

106 1597 179 1648 tiras
197 1596 248 1648 ubi
266 1595 325 1648 vid.
345 1613 410 1647 ann.
434 1605 522 1648 nostr.
561 1598 620 1650 Mr.

178 1668 205 1720 si
221 1665 297 1720 nibil
313 1665 506 1735 concupiscet]
526 1667 592 1720 (lod.
612 1669 700 1721 Marb.
720 1685 750 1720 se
773 1684 827 1738 pro
846 1670 881 1723 si.
918 1669 995 1720 Tum
1013 1669 1078 1722 Cod.
1098 1669 1173 1755 Aug.
1200 1677 1266 1728 nee.

106 1741 188 1808 leque
212 1739 345 1804 efferetur
373 1738 455 1791 inani
481 1740 627 1807 voluptate.
662 1739 735 1792 Gud.
760 1741 786 1794 2.
814 1740 901 1792 habet
925 1756 975 1793 cur
1003 1743 1092 1809 quis.
1123 1742 1209 1795 Vind.
1236 1749 1264 1801 l.

106 1811 229 1862 beatus
246 1825 313 1862 ηοη
330 1810 376 1864 sit.
402 1811 467 1862 Post
485 1809 646 1877 efficiuntur
664 1810 731 1863 Cod.
750 1809 840 1863 Rehd.
860 1810 971 1862 omittit
990 1810 1129 1880 quidest:
1149 1815 1267 1868 scilieet

108 1880 177 1950 quia
202 1880 363 1932 sufficiebat
389 1880 509 1933 librario
533 1898 653 1952 sequens
679 1897 738 1937 cur.
776 1882 811 1933 ln
834 1897 891 1933 uno
915 1890 1015 1935 contra
1039 1883 1089 1935 Ox.
1111 1883 1190 1936 deest
1207 1886 1267 1939 hoc

108 1952 201 2022 ipsum
219 1967 287 2005 cur:
317 1951 389 2003 alius
412 1950 500 2004 habet
523 1954 608 2019 efficit
628 1968 682 2021 pro
708 1952 822 2017 efficiat.
859 1954 894 2005 ln
919 1953 1153 2006 antecedentibus
1176 1956 1266 2012 Godd.

107 2025 183 2075 Mon.
203 2026 228 2077 l.
249 2031 278 2075 et
296 2021 393 2078 Duisb.
412 2021 518 2075 habent
535 2025 571 2077 ei
588 2024 676 2076 nulle.
713 2022 759 2075 Ad
776 2024 949 2077 sententiam
967 2024 1005 2075 cf.
1026 2025 1084 2077 Cic.
1110 2025 1146 2076 de
1164 2026 1219 2081 Off.
1240 2030 1265 2082 1.

107 2096 150 2150 29.
173 2096 232 2148 104.
251 2093 364 2216 ubquest
382 2108 417 2146 ne
436 2120 469 2130 —
488 2093 560 2147 elati
578 2122 612 2133 -
630 2095 771 2162 voluptate
795 2095 826 2148 io
843 2094 968 2164 aliquam
991 2095 1197 2164 turpitudinem
1214 2099 1266 2154 de-

108 2164 244 2218 ludamur.
317 2181 341 2218 r.

179 2235 208 2290 Ο.
230 2238 254 2290 7.
292 2234 382 2304 Atqui
399 2238 517 2288 alteru-m
537 2235 596 2290 dici
620 2252 675 2288 ηοη
696 2239 795 2302 potest,
820 2235 885 2304 quin
908 2234 933 2291 ii
950 2235 999 2305 qui
1017 2236 1086 2302 etc]
1122 2239 1266 2302 „Videtur

107 2306 158 2359 hic
181 2305 317 2358 mendum
342 2306 462 2358 subesse.
509 2308 640 2377 Namque
665 2306 722 2358 hoc
748 2306 837 2360 sentit
862 2306 975 2360 cicero:
1009 2308 1135 2360 alterum
1161 2313 1265 2386 negari
1309 2372 1323 2382 ⁸

107 2393 165 2429 non
183 2385 286 2446 potest,
306 2378 377 2446 quin
396 2376 429 2443 ii,
448 2379 498 2448 qui
516 2378 593 2429 nihil
610 2386 750 2443 metuant,
771 2386 824 2430 etc.
843 2376 918 2430 beati
936 2379 994 2430 sint
1012 2387 1067 2430 etc.
1104 2379 1198 2446 Quare
1216 2383 1266 2435 vel

108 2449 149 2500 sic
167 2448 323 2521 legendum
338 2448 464 2514 videtur,
491 2452 608 2502 alterum
627 2448 758 2516 negari
776 2464 831 2502 ηοη
845 2453 946 2516 polest,
975 2449 1041 2519 quin
1065 2458 1119 2503 etc.
1144 2453 1195 2504 vel
1213 2453 1264 2519 sic,

106 2520 230 2640 qlterom
247 2536 315 2573 ηοη
333 2518 391 2573 dici
409 2525 582 2588 coeperest,
610 2519 676 2587 quin
698 2519 724 2573 ii
742 2527 797 2573 etc.
830 2522 971 2589 quomodo
996 2521 1068 2573 olim
1092 2521 1266 2578 edidimus.“

133 2590 202 2643 amb.
230 2608 290 2642 cur.
317 2609 373 2643 sec.

178 2661 268 2729 Atqui
295 2663 415 2723 aiterum
442 2660 503 2715 dici
527 2679 579 2715 ηοη
598 2662 704 2731 potest]
751 2663 784 2714 D.
812 2662 966 2716 Lambinus
995 2664 1145 2717 rescribit:
1174 2665 1266 2736 Atque·

106 2734 227 2785 alterum
244 2749 311 2787 ηοη
329 2732 389 2787 dici
406 2749 460 2786 ηοη
476 2739 574 2801 potest,
600 2735 650 2786 vel
668 2734 759 2800 Atqui
785 2734 906 2787 alterum
933 2734 1061 2800 negari
1084 2752 1140 2790 ηοη
1162 2744 1264 2805 potest.

107 2801 164 2856 Sed
181 2803 262 2857 locus
284 2804 410 2857 remedio
435 2821 493 2856 non
516 2805 636 2880 indiget.
674 2805 710 2858 D.

177 2892 265 2962 Atqui
289 2894 408 2948 aiterum
432 2893 493 2947 dici
516 2898 691 2962 conpotem,
723 2892 788 2961 quin
814 2891 845 2947 di
867 2895 940 2961 etc]
975 2895 1054 2960 „Vix
1078 2896 1144 2948 satis
1169 2897 1262 2954 latine

105 2961 177 3016 haec
199 2965 257 3016 dici
280 2965 354 3016 mihi
376 2965 521 3018 videntur.
564 2966 652 3018 Recte
675 2974 770 3017 sonat:
799 2964 858 3018 dici
884 2981 940 3020 ηοη
960 2973 1061 3034 potest,
1087 2967 1167 3038 quio:
1200 2987 1260 3023 non

105 3051 175 3087 vcro
192 3045 272 3088 recte
297 3034 345 3101 (ut
362 3037 476 3106 opinor)
502 3039 622 3090 alterum
646 3035 706 3088 dici
730 3052 785 3089 ηοη
800 3041 901 3104 polest,
927 3040 1000 3107 quin.
1021 3069 1055 3079 —
1091 3038 1149 3092 Aut
1167 3038 1263 3123 igitur

106 3104 183 3159 illud
201 3108 331 3172 alierum,
350 3116 399 3160 aut
413 3105 470 3159 hoc
488 3107 554 3175 quio
572 3106 732 3159 tollendum
751 3125 809 3160 esse
828 3124 938 3160 censeo.
966 3109 1121 3161 Lambinus
1134 3114 1263 3167 coniecit

105 3176 276 3251 legendum:
298 3181 414 3231 alterum
431 3180 486 3230 ηοη
505 3179 565 3251 dice¹
581 3193 634 3232 ηοη
649 3183 748 3247 potest,
765 3179 814 3230 vel
829 3180 950 3231 alterum
967 3178 1070 3246 negari
1087 3196 1142 3234 non
1156 3188 1259 3249 potest.

106 3248 181 3314 Quid
198 3265 267 3301 vero
291 3248 345 3301 hae
371 3248 554 3301 coniecturae
579 3250 614 3301 ad
636 3249 734 3301 locum
758 3250 969 3302 restituendum
992 3251 1109 3316 faciant,
1143 3253 1263 3308 omnino

106 3334 165 3371 non
190 3319 285 3372 video.
322 3320 466 3389 Equidem
491 3320 533 3372 sic
560 3320 635 3372 mihi
661 3322 723 3373 fere
751 3321 877 3390 persuasi
906 3322 1075 3374 Ciceronem
1098 3323 1261 3393 scripsisse:

104 3390 192 3459 Atqui
210 3391 330 3442 alterum
348 3389 407 3442 dici
425 3407 481 3444 ηοη
497 3397 598 3459 polest,
618 3392 706 3458 quod
724 3389 763 3458 li,
783 3392 831 3461 qni
848 3390 923 3446 nibil
939 3399 1061 3446 metuont
1079 3430 1086 3443 .
1107 3429 1115 3445 .
1136 3433 1142 3445 .
1163 3431 1170 3447 .
1189 3394 1264 3452 eiiii

104 3461 298 3528 concupiscunt
318 3497 438 3517 .....
458 3461 535 3515 beati
552 3462 641 3516 siut.“
659 3463 803 3516 Pearcius.
841 3464 994 3529 „Pearcius
1019 3463 1147 3539 corrigit
1170 3468 1262 3534 quod

47 3597 55 3604 ἢ
104 3531 138 3584 ii.
159 3532 235 3583 illud
253 3530 354 3601 (quin
371 3531 411 3597 ii)
437 3549 495 3584 non
520 3551 578 3586 esse
596 3535 742 3587 Latinum.
771 3535 859 3587 immo
887 3536 980 3605 quod
1005 3534 1030 3587 ii
1052 3551 1111 3587 non
1129 3545 1172 3588 est
1190 3538 1262 3592 bene

104 3603 250 3654 Latinum.
275 3604 344 3655 Ero.
382 3604 486 3670 „Quin
513 3602 639 3658 ii‘beate'
663 3605 721 3658 sint
751 3621 804 3675 pro
833 3621 879 3659 eos
906 3605 1002 3659 beatos
1025 3621 1082 3658 ηοη
1105 3623 1173 3660 esse.
1212 3609 1262 3663 Sic

105 3675 172 3743 quin
190 3682 254 3742 post
272 3689 352 3741 nego,
371 3675 497 3743 suspicio
516 3684 569 3729 cet.
596 3678 743 3730 interdum
764 3692 817 3744 pro
836 3693 927 3729 accus.
949 3693 975 3727 c.
995 3676 1100 3728 infin.“
1124 3676 1260 3734 scheller.

105 3744 300 3810 „insolentius
319 3763 385 3799 sane
403 3747 536 3816 loquitur
553 3765 606 3818 pro
626 3748 686 3801 dici
703 3764 757 3801 oon
772 3753 874 3815 potest,
893 3763 949 3810 eos,
969 3746 1019 3815 qui
1034 3774 1068 3784 —
1087 3775 1120 3786 -
1140 3750 1262 3815 efferan-

105 3821 162 3880 mr,
195 3818 290 3870 beatos
313 3834 367 3870 ηοη
391 3833 458 3871 esee.
502 3818 557 3871 Sed
585 3819 746 3872 rectissime
771 3835 800 3870 se
823 3818 908 3870 habet
937 3816 1022 3870 Codd.
1051 3818 1173 3873 lectic.“
1210 3821 1260 3876 Or.

103 3887 191 3952 „Dici
208 3905 263 3942 ηοη
287 3894 392 3955 potest,
421 3891 485 3956 quio
505 3890 632 3943 -idem
656 3893 718 3945 fere
742 3898 794 3954 est,
824 3889 901 3960 quod
930 3888 1057 3943 dubitari
1084 3907 1140 3944 ηοη
1160 3898 1262 3959 potest,

104 3958 173 4026 quio
192 3959 251 3996 —“
268 3957 360 4014 Kalhu.
396 3960 518 4012 Ponitur
536 3961 612 4030 quin,
638 3980 727 4031 quum
744 3961 839 4030 aliqua
859 3969 901 4012 est
919 3960 1067 4026 dubitatio,
1093 3962 1134 4013 ita
1152 3971 1260 4032 tamen,

103 4037 137 4080 ut
155 4048 187 4082 ea
204 4047 263 4082 non
282 4031 382 4095 obstet,
403 4048 458 4100 quo
477 4032 571 4085 minus
590 4034 678 4086 alicui
697 4033 856 4085 sententiae
866 4032 1063 4084 assentiamus:
1083 4049 1142 4084 acc.
1158 4051 1182 4085 c.
1203 4035 1259 4089 inf.

101 4100 232 4169 ponitur,
251 4119 340 4171 quum
358 4101 470 4172 aliquid
486 4104 536 4156 vel
553 4105 619 4157 ficri
638 4104 686 4157 vel
704 4105 813 4156 factum
831 4121 889 4156 esse
906 4103 956 4156 vel
973 4105 1084 4155 factum
1109 4103 1149 4154 iri
1167 4105 1259 4179 signi-

102 4169 214 4223 ficatur.
252 4173 332 4237 Quod
348 4190 417 4226 vero
436 4173 466 4225 h.
485 4175 504 4226 1.
527 4184 569 4227 est
587 4174 647 4229 dici
664 4181 833 4243 conpotem,
861 4173 926 4241 quin
950 4182 1029 4226 certe
1055 4173 1153 4244 paullo
1179 4176 1259 4230 inso-
1297 4224 1301 4229 .

69 4274 72 4278 -
102 4240 219 4306 lentius,
246 4244 374 4296 conferri
398 4254 491 4314 potest
515 4263 582 4297 cum
604 4246 750 4298 locutione
767 4245 845 4298 haud
868 4246 909 4297 ita
927 4245 1064 4297 insolenti
1087 4247 1183 4312 facere
1200 4264 1257 4302 nen

99 4327 223 4380 possum,
242 4313 311 4382 quio
325 4345 367 4380 -‚
387 4334 458 4386 quae
478 4325 519 4369 est
536 4317 611 4386 Epp.
628 4317 663 4369 ad
681 4317 910 4370 Famm.Vl.13.
933 4318 999 4369 Non
1018 4317 1112 4368 minus
1131 4317 1257 4381 insolen-

102 4392 148 4435 ter
167 4383 241 4436 dixit
259 4383 361 4440 Cicero
380 4387 425 4443 Or.
447 4405 499 4458 pro
518 4388 613 4441 Flacc.
633 4390 683 4445 27:
704 4387 766 4456 quis
783 4386 910 4456 ignoret,
931 4387 995 4458 quin
1014 4391 1073 4443 tria
1088 4389 1257 4444 (ἕνηεηοηηηη
