2856 5084
139 259 202 327 368
428 254 651 322 EXGURSUS
672 258 717 322 V.
740 258 826 321 adl.
849 260 899 324 tt.
922 262 992 323 100.

141 429 291 489 mutuatur
307 421 358 472 sub
375 421 478 474 usuris.
515 423 589 475 Nam
607 422 692 476 αἰτεῖν
710 439 769 476 non
786 422 873 477 aliter
890 422 1000 475 Graeco
1017 419 1171 492 accipitur,
1200 433 1284 488 quam

140 492 281 563 quomodo
301 491 371 547 dixi.
409 492 447 544 At
465 492 517 544 ille
535 495 669 546 αἰτεῖσθαι
686 510 753 545 cum
771 492 857 548 αἰτεῖν
874 493 1012 547 confudit.

215 563 339 617 Veraura
366 562 373 575 ‘
396 560 457 613 itur
479 563 612 615 Ciceroni
635 564 721 627 idem,
748 564 825 631 quod
849 573 982 616 mutuum
1008 561 1152 615 faenebre.
1189 561 1284 627 Atque

141 635 182 686 ita
199 635 303 702 passim
321 579 396 702 apdd
414 650 479 685 eum
495 631 568 685 haec
586 650 641 686 vox
659 634 811 702 accipitur.
831 633 960 686 Secunda
977 633 1009 682 in
1027 635 1147 684 Verrem
1167 627 1219 693 [11.
1230 628 1282 692 70]

140 704 358 771 inspiciebamus
375 701 524 772 Syracuat'o
542 703 738 771 acominocio
756 704 894 768 confector
911 703 1021 757 tubulos
1038 699 1202 780 societatis,
1214 714 1283 768 quoe

139 775 345 842 significabant,
364 773 459 826 multis
476 775 625 827 nominibus
642 790 688 825 eoa
704 771 828 826 domines
845 790 989 826 weuram
1009 788 1027 824 o
1048 773 1219 837 cnrptnono
1244 770 1284 833 s·

139 846 222 910 cisse,
242 846 288 913 qui
302 843 448 912 pecuniam
470 844 557 898 Verri
578 845 726 898 dedissent.
763 844 796 896 Id
814 853 865 908 est,
892 844 944 913 qui
965 843 1059 894 inulta
1084 842 1217 893 usuraria
1234 856 1283 891 no-

139 916 218 968 mina
240 918 377 977 fecerant,
405 922 433 965 et
459 916 610 984 pecuniam
636 932 653 966 a
676 914 776 965 multis
802 916 919 966 foenore
943 919 1137 981 sumpserant,
1163 920 1197 962 ut
1222 927 1282 962 eam

138 987 226 1038 Verri
251 985 358 1037 darent.
395 986 430 1037 ln
453 1002 485 1038 ea
507 1001 559 1053 pro
583 987 615 1036 L.
639 985 743 1037 Flacco
768 983 824 1049 [to.
849 985 920 1050 48.];
957 985 1036 1036 Fecit
1060 983 1157 1034 eudem
1184 979 1280 1043 omnio,

140 1071 209 1124 quoe
226 1055 316 1108 nostri
334 1053 470 1108 debitores
486 1056 589 1108 solent:
607 1056 719 1120 negauit
737 1072 765 1106 ee
785 1056 893 1107 omnino
911 1068 1054 1106 casurum
1078 1052 1158 1104 ilium
1181 1051 1280 1114 fecisse

139 1126 253 1179 Romae.
290 1126 434 1178 Fusiorum
453 1123 521 1198 [leg.
541 1125 687 1189 Fufiorum]
712 1141 742 1176 ee
760 1125 914 1189 affimavit
937 1139 1075 1192 nunquam
1098 1120 1211 1174 omnino
1234 1137 1281 1173 no·

138 1213 200 1248 men
219 1197 339 1249 audisse.
376 1195 478 1258 idest,
506 1195 646 1246 infitiatus
665 1203 707 1246 est
724 1195 861 1258 debitum,
889 1203 918 1247 et
939 1194 1056 1267 negavit
1078 1209 1106 1244 se
1125 1192 1281 1260 quidquam

138 1268 258 1320 foenore
276 1285 292 1317 a
309 1265 403 1319 Fusiis
423 1262 532 1328 [Fufiis]
550 1265 699 1333 accepisse.
736 1264 815 1317 Idem
833 1281 886 1333 pro
904 1267 940 1316 Μ.
961 1264 1057 1316 Coelio
1076 1261 1114 1326 [7,
1135 1261 1205 1326 17.]:
1228 1261 1280 1312 To·

138 1337 220 1389 dulus
245 1336 293 1405 qui
319 1339 349 1389 in
364 1334 461 1402 patris
478 1341 613 1403 potestate
637 1343 685 1400 eet,
710 1336 802 1387 nullos
824 1335 942 1399 conficit,
973 1348 1118 1388 uersurum
1141 1346 1280 1400 nunquam

138 1407 245 1458 omnino
269 1407 336 1471 fecit
359 1405 454 1457 ullam.
492 1406 527 1457 ld
553 1413 605 1468 est,
634 1423 781 1473 nunquam
804 1423 850 1456 aes
875 1405 1001 1460 alienum
1019 1403 1089 1457 tecit
1116 1401 1166 1455 sub
1186 1418 1289 1474 usura.

136 1475 172 1527 In
189 1476 330 1544 Epistolis
355 1474 388 1525 ad
406 1473 535 1526 Atticum
558 1474 658 1526 multis
681 1475 753 1528 locis
779 1492 839 1528 eam
863 1490 964 1527 vocem
980 1473 1037 1526 hoc
1063 1489 1147 1525 sensu
1164 1488 1281 1540 usurpa·

138 1544 192 1596 vit.
212 1547 308 1597 Unum
326 1553 411 1612 atque
430 1545 552 1597 alterum
570 1543 696 1600 afferam.
714 1545 777 1596 Lib.
797 1545 868 1597 XVI.
887 1545 979 1614 Epist.
1000 1548 1028 1598 1:
1054 1542 1156 1598 Omnia
1173 1547 1279 1606 nostru,

138 1616 229 1682 quood
253 1616 311 1668 erio
328 1615 441 1678 Romae,
465 1615 507 1667 ito
525 1614 628 1680 gerito,
652 1615 757 1683 regalo,
785 1621 816 1666 ut
833 1614 941 1667 nitito
958 1631 1001 1666 me
1023 1619 1153 1679 expectes.
1193 1614 1280 1667 Quan-

137 1699 217 1752 quam
236 1685 308 1737 enim
332 1685 440 1752 reliquo
462 1684 535 1736 sotis
552 1690 617 1752 opta
640 1686 758 1737 suntad
782 1685 950 1749 soluendum,
975 1690 1062 1736 turuen
1087 1684 1118 1748 fit
1135 1699 1226 1750 saepe,
1251 1687 1280 1734 ut

136 1749 173 1819 οἳ,
191 1757 240 1823 qui
256 1755 362 1817 debent,
387 1770 440 1804 non
463 1754 649 1820 respondeant
674 1755 713 1806 od
730 1760 842 1823 tempus.
879 1755 997 1821 Siquid
1022 1753 1157 1808 eiusnodi
1174 1751 1280 1806 oecide-

136 1825 185 1889 rit,
204 1841 237 1876 ne
255 1826 320 1892 quid
338 1823 377 1877 sit
395 1823 448 1875 titi
463 1821 521 1876 ned
538 1823 615 1889 famei
630 1827 735 1891 potius,
753 1841 808 1877 non
824 1826 905 1878 modo
922 1841 1048 1890 oneuro,
1072 1839 1169 1875 oerum
1193 1820 1279 1875 etiam

136 1895 303 1960 venditione,
327 1893 355 1946 ei
379 1893 420 1945 tto
438 1910 485 1946 ree
502 1901 589 1962 coget,
615 1911 666 1946 noe
687 1895 851 1949 vindicabis.
887 1895 953 1948 Non
970 1896 1055 1947 modo
1077 1893 1203 1962 pecunia
1221 1894 1279 1945 foe·

136 1981 208 2018 nore
225 1973 344 2035 sumpta,
363 1964 394 2016 id
412 1972 464 2030 est,
482 1982 607 2030 versura,
627 1965 675 2017 sed
693 1966 789 2025 etiam,
808 1965 832 2016 si
850 1965 888 2016 sit
906 1982 985 2034 opus,
1003 1965 1145 2017 bonorum
1163 1978 1279 2016 suorum

135 2035 302 2088 venditione
328 2051 459 2086 nummos
488 2036 592 2088 confici
618 2035 697 2098 vult,
730 2035 833 2103 quibus
863 2036 1021 2088 creditores
1051 2050 1114 2086 suos
1141 2033 1276 2086 absolvat.

134 2105 217 2158 Item.
238 2105 291 2159 lib.
311 2105 359 2167 IV,
378 2105 431 2174 Ep.
452 2104 481 2156 l:
501 2107 545 2158 De
563 2104 651 2174 Oppio
668 2105 774 2168 factum
793 2111 842 2167 est,
860 2111 890 2156 ut
908 2106 992 2167 uolui,
1015 2110 1042 2155 et
1059 2105 1184 2157 maxime
1206 2103 1278 2172 quod

134 2175 236 2228 Dccc
253 2176 398 2242 operuisti,
426 2189 496 2242 quae
514 2174 618 2243 quidem
636 2192 687 2242 ego
705 2175 799 2242 utique
816 2175 861 2226 vel
877 2188 993 2226 versura
1011 2175 1088 2238 facto
1111 2175 1183 2228 solui
1207 2173 1277 2237 uolo,

133 2262 168 2298 ne
198 2252 317 2298 extremo
348 2246 454 2297 erectio
478 2253 635 2297 nostrorum
664 2245 804 2318 nominum
835 2251 1011 2313 exspectetur.
1053 2243 1124 2294 Vult
1151 2242 1278 2295 debitum

135 2314 210 2365 illud
227 2316 301 2368 solvi
319 2315 367 2365 vel
384 2331 502 2368 versura
519 2316 604 2377 iacta,
623 2315 653 2368 id
672 2324 723 2378 est,
743 2323 889 2366 contracto
906 2317 1035 2367 foenore.
1061 2313 1143 2366 Idem
1161 2321 1191 2365 et
1204 2313 1277 2382 apud

133 2383 303 2436 Terentium
322 2393 373 2447 est,
398 2393 431 2435 ut
449 2385 520 2435 olim
539 2385 728 2452 exposuimus,
752 2400 867 2436 casuro
885 2386 1000 2448 aoloere,
1023 2383 1122 2448 idest,
1148 2384 1276 2447 foenore,

133 2462 219 2522 atque
237 2462 270 2505 ut
288 2454 418 2520 loquitur
435 2453 486 2504 hie
503 2454 614 2517 Cicero,
632 2469 747 2506 onsuro
766 2457 849 2520 facto.
886 2454 970 2523 Apud
989 2453 1109 2506 eundem
1133 2468 1277 2505 casuram

133 2525 226 2586 facere
246 2522 405 2590 inquis-*timo
423 2525 537 2587 foenore
554 2523 670 2589 dicitur,
689 2525 770 2592 epist.
789 2525 861 2575 xlv.
880 2524 929 2574 lib.
950 2523 1022 2575 XVI.
1045 2555 1076 2564 -
1104 2523 1169 2576 Non
1187 2524 1276 2587 modo,

132 2594 182 2644 aed
208 2592 381 2660 iniquisaimo
404 2594 519 2656 foenore
545 2607 686 2644 versuram
704 2596 798 2657 socen
814 2593 951 2644 Aurelius
975 2599 1086 2644 coactus
1112 2600 1161 2645 eat.
1197 2592 1276 2664 Ergo

132 2663 157 2713 si
175 2662 257 2730 copia
275 2678 332 2712 non
350 2662 467 2712 daretur
485 2662 569 2730 aequi
586 2663 722 2726 foenoris,
742 2664 829 2714 etiam
848 2663 1037 2729 iniquissimo,
1066 2663 1123 2726 illi,
1149 2662 1276 2730 quinon

131 2740 246 2801 poterat
264 2739 437 2799 exspectare,
456 2738 504 2782 aut
522 2749 584 2783 rem
602 2731 731 2795 differre,
751 2741 813 2785 erat
830 2749 948 2783 versura
965 2732 1125 2783 facienda.“
1147 2763 1179 2773 —
1200 2733 1276 2785 Haec

131 2801 290 2854 Salmasius
311 2803 342 2852 in
360 2800 435 2852 libro
453 2801 495 2853 De
512 2801 593 2853 lttodo
612 2803 771 2854 Usurarum
789 2820 818 2870 p.
838 2805 890 2857 297
903 2828 936 2838 -
947 2805 1008 2857 301.
1045 2802 1130 2853 Plura
1148 2803 1226 2854 idem
1245 2804 1275 2855 in

132 2872 218 2924 Notis
247 2873 282 2923 ad
305 2871 519 2924 Tertullianum
543 2871 579 2923 de
602 2871 694 2922 Pallio
720 2890 748 2940 p.
769 2875 820 2925 112
843 2889 903 2940 sqq.
939 2871 994 2935 (ed.
1017 2872 1103 2922 Paris.
1129 2875 1207 2926 1622.
1236 2874 1274 2937 8.)

136 2943 263 2997 Verauro
288 2942 375 2994 etiam
402 2959 519 2993 usuram
543 2958 576 2992 ac
600 2942 701 2992 foenus
720 2941 864 3015 significat
882 2949 936 2993 etc.
964 2949 993 2993 et
1017 2942 1048 2992 in
1074 2942 1275 2998 confutatione

130 3012 401 3063 Animadversurum
419 3011 540 3064 Antonii
558 3011 702 3063 Corcoetii
722 3011 753 3076 [i.
773 3028 797 3063 e.
816 3011 947 3079 Dionysii
966 3009 1085 3074 Patavii]
1110 3011 1145 3063 nd
1162 3011 1275 3066 Claudii

131 3079 262 3132 salmasii
280 3083 368 3132 Notas
387 3081 418 3130 in
435 3081 649 3132 Tertullianum
668 3080 702 3132 de
720 3081 818 3133 Pallio.
847 3080 972 3132 Auctore
990 3081 1144 3132 Francisco
1164 3082 1274 3134 Franco

130 3148 158 3201 J.
179 3150 209 3201 C.
237 3149 267 3212 [i.
287 3166 311 3200 e.
332 3149 375 3200 cl.
395 3149 544 3216 Salmasio]
572 3150 759 3223 Middelburg·
781 3153 858 3207 1623.
878 3152 903 3204 8.
928 3169 956 3219 p.
977 3152 1152 3206 tlt-12⁰.
1192 3151 1219 3208 J.
1239 3153 1270 3204 F.

132 3219 262 3271 Gronov.
282 3218 316 3269 de
335 3218 478 3270 Sestertiis
496 3238 524 3289 p.
544 3221 712 3274 535—537.
750 3220 929 3272 Camerarius
955 3220 989 3271 ad
1014 3228 1145 3272 nostrum
1162 3221 1272 3273 locum:

131 3324 152 3354 „
163 3288 289 3342 Vereura
308 3289 444 3356 quaedam
462 3298 491 3340 et
509 3290 570 3358 ipsa
587 3290 728 3341 mutuatio
747 3299 798 3353 est,
818 3307 882 3341 cum
901 3289 1028 3341 debitum
1044 3298 1128 3342 vetus
1146 3291 1178 3341 in
1196 3291 1274 3343 aliud

130 3375 237 3411 novum
255 3360 391 3422 vertitur,
410 3367 520 3410 mutato
540 3356 692 3423 creditore,
711 3366 739 3412 et
756 3359 810 3412 hac
828 3360 939 3412 ratione
957 3360 1038 3427 quasi
1056 3360 1102 3412 die
1120 3360 1219 3426 dilato,
1241 3368 1274 3413 ut

130 3428 282 3483 Terentius
301 3429 427 3496 explicat
446 3427 572 3493 [Phorm.
591 3428 625 3483 V.
643 3431 669 3482 2.
691 3429 745 3493 15.]

297 3498 370 3554 Quid
386 3498 454 3563 fiet?
478 3498 509 3549 in
528 3498 621 3550 eodem
638 3495 762 3550 laetitae
781 3500 855 3551 lutor
872 3499 1105 3561 oorauroooloe'e:

252 3613 258 3633 s
293 3569 523 3689 {V'm‘emffwd
539 3568 641 3632 fuerat,
659 3567 689 3622 in
707 3568 781 3622 diem
798 3570 902 3622 malum
922 3570 1004 3634 obiit,
1022 3572 1126 3637 plagae
1136 3578 1272 3636 crearunt,

322 3652 333 3687 e
386 3654 416 3690 oa
434 3653 498 3691 tore.

128 3708 186 3763 Ubi
211 3707 270 3759 rid.
289 3655 442 3758 Donldrtunli.
478 3708 522 3762 cf.
548 3707 635 3760 etia‘m
657 3709 776 3762 Festum
793 3727 821 3778 p.
842 3708 945 3762 CCCV.
972 3710 1015 3762 ed.
1035 3708 1141 3782 Scalig.
1168 3710 1223 3779 (ap.
1242 3712 1270 3762 P.

128 3779 278 3833 Santandr.
306 3779 383 3832 1593.
409 3778 447 3840 8.)
483 3777 617 3830 Breviter
639 3778 778 3831 Ernestus
805 3778 1034 3832 melancie:
1064 3780 1215 3844 „Versura
1232 3788 1273 3834 est

127 3850 234 3902 sumtio
252 3848 393 3918 pecuniae
411 3854 540 3899 mutuae:
571 3848 648 3900 unde
667 3849 737 3901 duae
755 3850 863 3901 formae
886 3849 1032 3917 loquendi,
1057 3867 1180 3918 quarum
1203 3850 1273 3902 alte-

128 3937 195 3971 rum
214 3927 243 3971 et
261 3935 338 3970 nunc
360 3917 476 3988 quidam
502 3916 577 3970 male
602 3917 783 3993 intelligunt.
819 3919 915 3969 Prima
933 3927 975 3971 est
992 3918 1068 3970 Cael.
1088 3922 1114 3972 6.
1142 3920 1226 3971 Font.
1248 3924 1272 3975 l.

126 3991 210 4041 Vorr.
231 3988 269 4053 11,
290 3991 331 4044 70.
361 3988 455 4040 Flace.
480 3990 525 4045 20.
551 4004 700 4041 versuram
723 3990 819 4040 facere
844 3989 878 4040 ab
903 3988 1006 4057 aliquo,
1032 4005 1104 4056 quae
1127 3989 1274 4062 significat

128 4058 312 4128 simpliciter,
329 4058 480 4126 pecuniam
499 4057 532 4109 ab
550 4057 648 4127 aliquo
667 4074 779 4110 sumere
796 4066 942 4122 mutuam,
962 4058 1052 4110 altera
1069 4066 1111 4110 est
1128 4058 1190 4111 Att.
1205 4061 1238 4110 V.
1248 4063 1273 4114 l.

127 4145 249 4180 versura
264 4130 345 4194 foetu
365 4127 486 4182 solvere.
504 4126 586 4179 Tusc.
606 4129 628 4180 1.
648 4129 698 4183 42:
727 4143 844 4182 oerauru
868 4127 1018 4184 dissolvere
1041 4126 1074 4179 h.
1093 4144 1118 4181 e.
1146 4128 1275 4183 debitum

128 4197 239 4252 solvere
258 4198 308 4262 ita,
326 4204 361 4250 ut
378 4197 411 4249 ab
430 4196 488 4251 alio
506 4197 628 4253 sumas.“
664 4199 725 4253 Mr.
