2856 5084
218 255 279 322 180
382 257 388 269 ⁰
414 249 642 317 CICERONIS
664 248 909 316 TUSCULAN.
931 250 1164 317 DISPUTAT.
1267 289 1271 299 -

217 421 265 485 bil
299 422 441 492 bonum,
474 418 539 479 nisi
570 417 757 497 honestum,
789 427 828 479 ut
847 417 980 492 Stoici:
1015 415 1108 480 Nihil
1140 418 1274 489 bonum,
1303 419 1373 480 nisi

217 503 434 585 voluptatem,
474 507 514 560 ut
547 500 730 582 Epicurum
774 499 872 562 Nihil
908 502 1043 578 bonum,
1077 501 1141 561 nisi
1169 502 1373 571 vacuitatem

218 585 355 662 doloris,
386 592 426 645 ut
458 581 707 663 Hieronymus:
740 583 836 646 Nihil
867 583 1004 658 bonum,
1041 579 1107 644 nisi
1129 590 1270 646 naturae
1302 585 1374 666 pri·
1420 674 1421 677 Ἴ

212 778 333 840 ptatem,
362 774 393 820 ut
419 767 571 836 Epicnrnsr
607 762 679 818 nibil
694 765 800 830 donum,
824 764 884 819 nisi
910 763 1060 831 honestum,
1088 772 1118 818 ut
1139 765 1239 821 Stoici.
1276 769 1375 821 Monet

113 873 115 877 -
216 842 312 902 Wolf.
333 840 364 891 in
383 838 499 903 scholis,
527 837 562 889 ad
589 834 665 889 nibil
691 836 789 889 bonum
808 835 938 911 intelligi
956 836 1059 890 debere
1084 853 1157 891 ease:
1193 839 1270 907 quod
1293 845 1374 891 certe

217 928 303 966 nemo
322 910 464 962 docendus
490 907 602 972 fuisset,
628 906 686 958 nisi
710 907 782 958 Ern.
807 906 840 958 in
857 925 938 977 seqq.
967 924 1002 959 ex
1020 907 1086 962 Cod.
1108 908 1206 962 Guelf.
1236 908 1374 978 (quocum

217 984 291 1036 facit
309 999 381 1034 unus
401 980 464 1044 Ox.)
484 978 617 1032 edidisset
635 977 762 1045 voluptas
781 1007 812 1019 -
832 980 969 1043 vacuitas,
989 995 1074 1046 quem
1094 987 1208 1031 secutus
1228 978 1371 1032 estNobb.

218 1057 263 1107 Ita
281 1053 360 1108 enim
377 1053 532 1103 Ernestus:
562 1049 809 1114 „Nominativum
828 1064 882 1122 ego
899 1065 1002 1101 verum
1019 1056 1100 1118 puto,
1124 1067 1191 1101 nam
1213 1051 1374 1104 sententiae

218 1132 367 1196 ponuntur
385 1121 512 1175 absolute
531 1119 632 1184 [certe,
659 1119 684 1169 si
702 1118 858 1171 lectionem
876 1127 977 1172 contra
994 1118 1084 1171 libros
1102 1120 1226 1190 optimos
1244 1129 1376 1174 mutave-

218 1195 294 1261 risa]
320 1202 350 1247 et
368 1194 409 1248 ita
426 1191 563 1244 convenit
580 1189 685 1242 melius
708 1189 813 1242 ultimo
829 1189 913 1242 bonis
940 1189 1012 1254 frui.
1050 1191 1084 1242 ln
1107 1192 1203 1261 primo
1231 1189 1305 1246 nibil
1327 1192 1377 1246 bo-

219 1283 294 1330 num,
313 1265 369 1318 arisi
387 1261 529 1316 tonsarum
547 1262 608 1313 sine
627 1259 713 1313 dubio
732 1260 957 1334 intelligendum
976 1266 1025 1313 est.
1062 1262 1137 1314 Tum
1157 1279 1224 1315 cum
1242 1263 1376 1316 Bentleio

220 1346 250 1390 et
267 1335 382 1389 Davisio
400 1334 497 1386 addidi
517 1330 634 1396 doloris,
654 1329 792 1400 probante
809 1329 968 1386 Buherio.“
993 1331 1028 1383 ln
1047 1331 1113 1384 God.
1134 1335 1207 1385 Mon.
1221 1337 1246 1387 1.
1266 1341 1310 1386 est
1327 1349 1378 1388 uo·

220 1409 383 1476 luptatnm.
415 1404 514 1476 Pergit
534 1402 619 1457 Vind.
641 1406 664 1455 1.
692 1405 724 1452 ut
742 1399 961 1472 Eppcbnrei,
988 1401 1062 1455 Gud.
1081 1404 1107 1459 2.
1127 1409 1159 1455 ut
1177 1402 1232 1456 uit
1250 1404 1378 1474 Eppon-

219 1494 277 1532 rue.
305 1476 358 1528 Ed.
378 1476 407 1526 P.
426 1480 457 1527 ut
477 1472 638 1540 Epicuri.
676 1472 737 1524 Mn.
1423 1473 1426 1482 '

290 1548 347 1600 nisi
363 1543 531 1598 vacuitatem
549 1541 682 1609 doloris]
718 1543 892 1608 „Victorius
910 1545 971 1596 Lib.
992 1545 1016 1597 Ι.
1044 1545 1173 1597 Variarr.
1198 1545 1290 1599 Lectt.
1311 1563 1375 1616 cap.

223 1622 282 1674 118,
304 1617 373 1690 [leg.
387 1615 440 1682 le]
461 1622 584 1666 testatur
602 1632 617 1666 a
634 1612 770 1682 plurimis
788 1614 871 1666 libris
889 1616 1005 1685 scriptis
1022 1616 1118 1668 abessa
1136 1632 1238 1669 vocem
1257 1618 1375 1683 doloris,

220 1699 255 1742 ut
272 1688 311 1740 sit
328 1687 458 1758 praecisa
473 1684 595 1753 lectio.“
613 1684 676 1736 Fre.
697 1685 781 1737 Febr.
818 1686 862 1737 Ita
879 1687 1019 1740 nimirum
1037 1687 1199 1741 Victoriusz
1226 1690 1286 1754 „ln
1305 1687 1378 1740 Asu·

221 1762 288 1814 lana
305 1759 358 1812 Ed.
378 1758 507 1810 additum
526 1763 568 1808 est
584 1753 706 1820 doloris,
726 1754 802 1824 quod
820 1757 896 1808 abest
914 1757 1064 1826 ascriptis
1087 1757 1219 1827 pluribus
1245 1759 1328 1811 libris
1347 1767 1378 1813 et

222 1833 256 1885 ab
275 1831 310 1882 iis
329 1829 380 1898 qui
398 1828 593 1898 superioribus
611 1826 788 1896 temporibus
808 1827 904 1879 excusi
922 1829 1013 1880 fuere.
1051 1828 1106 1893 Qui
1125 1831 1203 1880 enim
1220 1827 1269 1881 illi
1287 1836 1376 1884 curae

205 1903 422 1974 praebuerunt,
450 1907 483 1950 ut
508 1898 645 1968 suspicor,
670 1897 768 1949 locum
785 1914 919 1950 mancum
935 1906 1078 1968 putantes,
1109 1899 1151 1950 ita
1175 1909 1377 1966 correxerunt,

221 1976 250 2027 le
273 1980 352 2026 entes
370 1969 430 2025 nisi
448 1972 614 2025 vacuitatem
633 1967 749 2022 doloris.
786 1970 848 2022 Nec
863 1977 964 2021 tamen
981 1978 1110 2022 veterem
1126 1969 1208 2023 illem
1219 1971 1378 2025 lectionem

222 1991 349 2098 arbitror
366 2040 562 2106 damnandam,
580 2057 614 2092 ac
631 2057 690 2093 non
704 2040 953 2110 necessariaparte
966 2040 1133 2114 aagendam,
1153 2049 1186 2093 ut
1196 2042 1235 2094 sit
1252 2041 1379 2112 Hicesiae,

223 2117 359 2184 frequens
389 2114 483 2186 figura
518 2112 550 2162 in
578 2111 782 2164 consuetudine
808 2110 960 2180 loquendi:
997 2120 1056 2164 non
1081 2111 1176 2164 multo
1204 2113 1282 2165 enim
1309 2128 1380 2183 quo·

224 2203 281 2256 que
299 2193 364 2256 post
382 2183 496 2253 inquit:
531 2196 647 2250 cumque
662 2197 698 2234 ea
717 2181 862 2235 descendet
878 2181 910 2234 in
928 2187 1054 2249 taurum,
1078 2198 1137 2234 non
1155 2183 1258 2236 addens
1275 2182 1381 2237 Piala·

223 2257 310 2321 ride's,
337 2255 423 2307 ilium
441 2261 538 2305 tamen
567 2252 698 2336 intelligi
716 2253 824 2305 volens.
862 2251 916 2304 Est
938 2252 1031 2377 gitur
1055 2254 1185 2322 praecise
1209 2254 1240 2307 id
1256 2255 1378 2319 dictum,

245 2326 367 2379 uomodo
385 2323 527 2377 nonnulla
543 2340 678 2394 usurpari
696 2323 781 2376 solita
799 2322 923 2376 ostendit
964 2324 1042 2376 icero
1060 2324 1092 2374 in
1110 2323 1156 2376 111
1173 2324 1262 2378 Libro
1285 2325 1320 2378 de
1338 2327 1377 2379 N.

188 2401 190 2405 ’
224 2345 259 2449 b.
279 2397 325 2448 his
342 2395 454 2450 verbis:
487 2400 528 2461 ut,
553 2392 581 2446 ei
604 2394 668 2464 quie
689 2393 772 2447 dicat
789 2389 997 2447 Atheniensium
1019 2409 1079 2448 rem
1100 2394 1240 2461 publicam
1259 2394 1379 2450 evanlio

226 2467 302 2536 regi,
320 2467 395 2521 desit
412 2464 500 2518 ittudr
531 2464 726 2533 Ariopagi:
759 2463 803 2517 sie
827 2477 890 2517 nrm
915 2464 1034 2520 dicimus
1049 2466 1225 2532 providentia
1249 2467 1381 2522 mundum

228 2535 441 2601 administrari,
461 2536 556 2588 deesse
574 2534 747 2589 arbitrator:
768 2535 924 2588 deorum.
962 2537 1023 2590 Mr.

289 2606 371 2663 'ntitt
395 2608 501 2672 tonum,
528 2605 586 2660 nisi
611 2605 808 2671 vacuitatem]
842 2606 955 2670 „Abest
972 2606 1006 2657 ab
1024 2605 1155 2660 omnibus
1171 2624 1236 2662 mss.
1256 2609 1380 2662 Palatin.

196 2741 199 2751 ι
228 2679 312 2741 Febr.
333 2678 451 2741 doloris,
480 2677 557 2746 quod
573 2676 669 2746 primo
688 2677 793 2729 adiecit
810 2675 935 2729 Asulana
957 2677 1079 2739 editio.“
1105 2676 1186 2732 Geblt.
1224 2679 1258 2736 in
1276 2679 1329 2732 Ed.
1353 2684 1379 2734 1.

226 2749 303 2804 hanc
320 2755 454 2820 posuerat
471 2747 685 2801 annotationem
701 2747 834 2799 Davisius
853 2746 923 2810 (non
940 2756 1056 2818 recepta
1072 2765 1143 2804 voce
1160 2748 1295 2817 doloris)=
1319 2750 1382 2804 Do·

229 2819 303 2875 loris
321 2820 468 2872 nimirum.
497 2818 662 2870 Lactantius
679 2817 745 2870 Div.
765 2817 836 2872 Inst.
855 2819 905 2871 lib.
926 2819 978 2874 111.
997 2837 1059 2891 cap.
1080 2824 1108 2875 t:
1119 2834 1265 2874 summum
1282 2822 1382 2874 bonum

227 2890 322 2961 posuit
339 2889 525 2959 Hieronymus
541 2889 573 2942 in
591 2904 645 2943 non
669 2889 794 2945 dolendo.
823 2887 957 2943 Clemens
978 2890 1061 2944 Alex.
1080 2889 1185 2944 Strom.
1205 2890 1244 2943 11.
1263 2910 1292 2962 p.
1312 2895 1381 2948 3⁰32

229 2963 249 3018 ὅ
265 2981 293 3017 τι
309 2955 466 3034 Ἱερώνυμος
484 2955 499 3013 ὁ
519 2959 734 3032 Περιπατητικὸς
751 2959 828 3020 τέλος
845 2961 898 3027 μὲν
915 2952 986 3015 sirm
1002 2957 1034 3016 ed
1053 2954 1194 3031 ἀοχλήτως
1212 2967 1272 3030 ζῇν.
1308 2962 1381 3016 vide

187 3098 189 3100 ,
231 3042 260 3086 et
278 3032 338 3086 cic.
359 3032 394 3085 de
412 3033 496 3084 Finn.
518 3031 556 3084 11.
577 3036 620 3086 11.
639 3047 672 3084 ac
688 3030 774 3084 Tusa.
793 3031 830 3083 11.
850 3036 876 3087 6.
896 3032 988 3084 Editt.
1009 3033 1126 3102 quidem
1140 3040 1211 3084 vett.
1227 3033 1277 3085 hic
1294 3032 1382 3103 plene

230 3119 263 3157 re
284 3111 449 3155 raesentant
482 3102 657 3155 vacuitatem
685 3101 807 3167 doloris,
843 3102 893 3156 sed
922 3103 1109 3157 adversantur
1138 3118 1237 3155 onmes
1264 3103 1381 3156 omnino

230 3121 334 3245 nisti,
360 3173 481 3241 ideoque
508 3173 626 3226 dubium
651 3187 709 3224 non
735 3173 862 3238 videtur,
886 3173 1036 3242 quinilla
1055 3189 1147 3228 roxa
1170 3173 1382 3228 correctoribus

231 3243 364 3296 manarit.
392 3243 456 3295 Vid.
475 3244 504 3294 P.
523 3243 647 3309 Victorii
663 3244 744 3296 Varr.
765 3245 899 3296 baetti·
922 3244 986 3300 18.‘⁴
1021 3246 1081 3299 Mr.

257 3352 259 3358 ψ
302 3312 359 3368 nisi
376 3314 544 3367 vacuitatem
565 3314 690 3380 doloris]
727 3313 839 3367 Ultima
860 3330 917 3367 vox
935 3316 966 3367 in
989 3315 1117 3390 vulgatis
1141 3330 1199 3368 non
1224 3324 1382 3386 comperet,

232 3402 286 3440 nec
305 3403 367 3438 eam
385 3384 503 3438 Codices
521 3402 536 3437 a
558 3391 687 3438 noscunt.
715 3382 774 3438 Nos
792 3385 875 3436 illam
891 3392 929 3438 'ex
948 3386 1120 3440 editionibus
1139 3387 1277 3454 Ascensii,
1297 3387 1383 3439 Eras-

232 3457 283 3524 mi,
302 3451 422 3526 aliisque
439 3402 586 3508 veteriffus
604 3459 671 3509 c'um
689 3454 733 3508 ct.
752 3455 884 3508 Bentleio
902 3458 1067 3509 censuimus
1085 3457 1249 3513 addendam.
1285 3457 1323 3510 D.

248 3579 251 3584 .
302 3525 361 3581 nisi
377 3527 550 3591 vacuitatem,
568 3532 598 3578 nt
614 3525 813 3595 Hieronymus]
849 3526 971 3592 „baudo
988 3528 1152 3581 Bentleium
1177 3537 1207 3582 et
1223 3526 1382 3591 Davisium,

233 3593 309 3668 quod
326 3597 640 3651 addideruntchoriss
658 3597 745 3666 idque
764 3597 914 3651 est-etiam
932 3598 963 3649 in
982 3598 1052 3652 cod.
1072 3597 1165 3674 Reg.“
1198 3595 1287 3651 Boot
1374 3632 1379 3639 -

290 3667 362 3722 'nisi
384 3667 549 3722 vacuitatem
574 3666 732 3733 doloris,
759 3673 790 3720 nt
814 3668 1017 3738 Hieronymus]
1055 3669 1162 3722 Omissa
1186 3669 1298 3728 doloris
1325 3684 1383 3722 non

232 3740 361 3810 praecise
380 3738 463 3792 modo
480 3738 613 3808 loquitur
631 3739 742 3803 Cicero,
761 3745 794 3790 ut
811 3739 925 3792 volebat
942 3740 1100 3807 Victorius,
1119 3739 1167 3793 sed
1180 3739 1284 3792 mutila
1297 3739 1384 3810 plane

234 3818 264 3864 et
281 3810 428 3864 decurtata
446 3817 488 3862 est
506 3810 567 3862 eius
585 3809 687 3875 oratio,
706 3805 798 3877 atque
811 3810 851 3861 ita
868 3808 961 3875 hians,
979 3818 1013 3862 ut
1031 3811 1200 3864 Ciceronem
1218 3827 1277 3863 non
1296 3825 1385 3895 agno·

234 3898 303 3936 scas.
341 3880 405 3950 Ipse
433 3880 474 3932 ita
496 3878 629 3950 loquitur
654 3878 689 3932 de
713 3879 798 3931 Finn‘.
818 3881 856 3933 11.
875 3880 911 3936 5:
939 3879 968 3933 si
984 3880 1058 3934 enim
1075 3882 1150 3937 idem
1169 3880 1241 3935 dicit
1265 3880 1386 3952 [Epicu-

234 3953 312 4020 rusJ,
332 3952 407 4022 quod
424 3949 618 4021 Hieronymus,
638 3949 689 4018 qni
706 3956 798 4003 censet
815 3965 951 4004 summum
967 3954 1065 4006 bonum
1083 3968 1142 4006 esse
1159 3951 1219 4006 sine
1244 3952 1304 4005 nlla
1327 3967 1386 4005 mo-

235 4023 317 4078 lestia
335 4023 443 4078 vivere:
471 4038 523 4075 cur
539 4023 643 4076 mavult
661 4021 754 4075 dicere
775 4020 950 4090 voluptatatis,
973 4039 1063 4092 ¹quam
1084 4023 1311 4082 vacuitatem
1327 4023 1385 4078 do·

232 4093 353 4148 ioris?
381 4101 411 4145 et
438 4109 462 4144 c.
485 4096 532 4147 ll:
560 4119 592 4130 -
626 4099 657 4144 ut
683 4090 830 4161 Aristippo
853 4095 996 4161 voluptas.-
1031 4093 1209 4162 Hieronymo,
1243 4093 1385 4147 doloris

232 4165 412 4219 eracuitas:
452 4163 606 4228 Carneadi,
636 4163 698 4228 frui
718 4162 871 4234 principiis
896 4165 1085 4231 naturalitus,
1122 4172 1190 4218 esset
1221 4171 1383 4218 extremum.

232 4234 314 4301 Quod
330 4249 401 4287 vero
419 4234 460 4287 ait
477 4234 566 4287 Bouh.
588 4250 646 4288 esse
666 4233 775 4288 doloris
793 4235 824 4292 in
848 4235 914 4294 cad.
934 4237 974 4288 Re
998 4274 1015 4302 .‚
1045 4237 1075 4288 id
1095 4236 1200 4288 falsum
1225 4243 1275 4291 est.
1313 4235 1386 4288 Tam

164 4366 172 4378 ⁶
232 4322 277 4368 sae
299 4321 315 4358 a
339 4310 435 4356 autem
463 4323 530 4358 eum
553 4306 652 4357 virum
676 4304 708 4356 in
733 4305 905 4367 auctoritate
927 4254 1040 4365 Codicis
1062 4307 1147 4380 Regii
1176 4305 1386 4376 interponenda

233 4323 298 4429 salii
316 4372 457 4439 videmus,
483 4383 526 4443 ut,
555 4376 685 4431 consulto
711 4393 776 4428 eum
800 4391 1007 4445 nonnunquam
1026 4396 1042 4429 a
1059 4395 1129 4432 vero
1157 4379 1315 4443 recessisse,
1339 4376 1388 4429 ad·
