2856 5084
462 333 464 339 .
539 274 879 342 ADDITAMENTA.
1096 273 1117 303 ⁶
1228 277 1291 347 403

137 443 222 496 unius
245 441 403 497 mutatione
426 441 652 505 Lindemannus,
677 451 711 495 ut
735 456 841 507 nomen
864 438 953 493 silvae
976 441 1008 494 Ι..
1028 441 1167 494 Postumii
1189 442 1291 499 Albini

137 515 216 568 clade
236 514 362 578 infamis,
382 531 467 583 quam
486 512 576 576 Galli,
595 512 625 564 id
643 513 719 582 quod
736 511 801 564 niv.
820 511 923 564 xxlll.
943 512 986 566 24.
1006 518 1138 577 testatur,
1157 511 1290 570 Litanam

136 585 283 647 vocabant,
302 584 437 638 Ciceroni
455 584 633 646 restitueret,
662 600 716 654 pro
739 580 866 635 Latini
885 580 1017 634 Albinum
1032 581 1109 636 haud
1128 585 1211 639 dubie
1229 585 1289 639 Li·

136 662 218 709 tuna
235 656 368 710 Albinum
386 672 444 707 esse
463 653 660 725 reponendum
679 653 797 728 egregie
824 651 921 705 docuit
940 652 971 704 in
988 653 1090 706 libello
1107 655 1288 727 scholastico,

137 727 218 780 cuius
235 726 306 780 haec
326 734 367 778 est
386 725 553 795 inscriptio:
586 725 618 778 F.
638 721 828 778 Lindemunui
844 723 975 777 Proluss'o
993 724 1026 776 de
1046 724 1133 778 Clade
1150 726 1290 782 Romano·

135 814 197 850 rum
215 797 246 850 ia
264 799 338 850 siloa
356 795 469 850 Litana.
508 795 550 848 Ad
574 795 778 848 illustrandum
800 794 896 847 locum
921 794 952 846 in
969 795 1054 848 Tusc.
1075 798 1097 849 1.
1117 800 1161 853 37.
1199 800 1290 852 Zitta·

134 868 294 935 viae11826·
316 871 340 923 8·
361 885 407 937 pp.
427 869 453 921 4.
490 868 585 937 Atque
603 866 679 919 hanc
704 866 901 919 coniecturam
926 882 979 935 per
1006 883 1034 919 se
1053 867 1205 921 admodum
1223 887 1290 940 pro-

135 938 269 1003 babilem,
288 939 378 1013 magis
397 939 483 990 etiam
501 936 673 991 confirmare
696 937 836 1020 potuisset
859 936 923 988 loco
941 937 1004 989 biv.
1023 939 1214 1004 xxvllme.
1239 941 1289 993 ubi

134 1009 223 1063 iidem
242 1011 313 1069 iere,
344 1024 415 1078 quos
434 1009 535 1061 Cicero
560 1007 731 1084 nominavit,
759 1024 776 1059 a
795 1005 929 1075 Scipione
954 1019 1214 1062 commemorantur
1232 1011 1296 1073 Ra,

133 1096 284 1133 manorum
311 1080 509 1148 imperatores,
536 1078 613 1131 bollo
630 1078 738 1131 Punico
760 1077 883 1130 secundo
910 1077 1069 1132 interfecti.
1098 1079 1288 1147 „[Flaminio,

133 1150 273 1216 Paullo,
293 1148 466 1214 Graccho,
485 1148 666 1203 Postumio
684 1147 833 1213 Albino,
853 1149 897 1202 M.
915 1149 1110 1216 Marcello,
1131 1151 1163 1207 T.
1175 1152 1288 1208 Quintio

135 1219 283 1290 Crispino,
303 1221 353 1276 Gn.
373 1219 482 1285 Fuluio,
501 1218 733 1287 Scipionibus
751 1250 796 1284 -,
820 1224 860 1271 tot
880 1224 939 1271 tam
951 1220 1045 1281 ⁴clatris
1069 1222 1289 1291 imperatoribus

132 1308 197 1345 uuo
215 1291 307 1346 bello
326 1288 587 1360 absumptiss]“
612 1291 760 1359 Kreyssig.
780 1290 820 1354 (J.
838 1288 906 1354 Th.)
924 1291 956 1341 in
975 1290 1085 1348 Comen.
1105 1293 1139 1344 de
1157 1293 1289 1347 Sallustii

132 1362 205 1414 Hist.
226 1365 258 1418 1..
279 1363 331 1415 111.
352 1363 500 1435 Fragmm.
526 1361 634 1414 iterum
661 1361 704 1415 ed.
727 1360 829 1414 Misen.
852 1363 929 1417 1835.
955 1365 980 1418 8.
1005 1379 1034 1431 p·
1054 1366 1098 1418 65.
1119 1390 1153 1401 -
1187 1365 1290 1418 Refert

132 1434 165 1486 R.
185 1432 318 1486 Klotzius
337 1432 368 1482 in
387 1434 477 1485 Praef.
496 1432 549 1484 Ed.
568 1431 670 1484 Tusco.
690 1429 756 1495 maj.
776 1431 867 1501 p.1x.
887 1440 1033 1485 auctorem
1051 1431 1137 1485 huius
1157 1436 1290 1489 emenda·

130 1504 217 1554 tionis
242 1521 299 1556 esse
321 1503 354 1554 D.
374 1503 408 1554 F.
429 1501 462 1559 A.
482 1502 659 1567 Menckium,
690 1502 884 1566 Bremenscm‚
911 1503 962 1570 qui
989 1519 1051 1554 eam
1079 1505 1289 1578 excogitaverit
1313 1556 1325 1563 ,

132 1573 190 1625 iam
217 1582 283 1627 ante
309 1572 361 1624 hos
383 1573 492 1647 viginti
519 1588 618 1638 annos,
650 1571 825 1641 eandemque
851 1572 909 1624 iam
938 1573 1153 1641 quatuordecim
1185 1575 1289 1630 abhinc

133 1661 229 1711 annos,
249 1643 369 1698 laudatis
388 1643 491 1698 iisdem
512 1642 585 1697 locis
604 1660 670 1696 cum
689 1642 720 1697 G.
737 1643 839 1696 Beiero
858 1643 1126 1702 communicaverit.

581 1747 608 1814 1.
630 1750 682 1816 ae.
703 1735 737 1832 'p
761 1750 834 1814 311.
855 1730 857 1733 ’

206 1875 240 1887 -
264 1866 319 1904 uon
347 1851 471 1903 deterret
498 1848 650 1918 sapientem
673 1865 760 1915 mors,
784 1880 817 1893 -
844 1863 898 1918 quo
920 1849 1013 1903 minus
1031 1877 1065 1890 -
1093 1853 1140 1907 rei
1161 1855 1290 1922 publicas

135 1920 268 1986 consulat,
294 1927 326 1973 et
348 1921 544 1988 posteritatem
562 1951 594 1964 -
616 1921 654 1973 ad
677 1936 707 1973 se
726 1925 805 1988 putet
825 1918 975 1989 pertinere.
1011 1921 1079 1975 Non
1096 1926 1226 1993 poenitet
1244 1943 1291 1980 re·

135 2007 167 2044 ce
189 1999 253 2043 tum
277 1999 304 2044 et
327 2008 380 2060 pro
410 1991 536 2043 lectione
565 1996 607 2056 ut,
640 1992 770 2060 quamvis
792 1989 916 2059 optimos
945 1989 1018 2045 haec
1041 1993 1132 2046 libros
1158 2005 1288 2066 occupet.

131 2008 254 2114 videtur
279 2062 358 2114 enim
381 2068 411 2114 ut
434 2061 578 2114 correctio
602 2061 686 2114 valde
710 2061 829 2130 antiqua
857 2057 983 2113 hominis
1013 2066 1206 2138 grammatici,
1237 2069 1290 2138 qui

130 2139 195 2203 post
219 2131 395 2201 prohibendi
418 2131 553 2195 verbum,
583 2149 649 2184 cum
675 2139 806 2185 secutum
830 2140 903 2183 esset
925 2146 977 2201 quo
1007 2132 1111 2197 mainus,
1138 2136 1290 2191 immutata

133 2203 347 2256 constructione
366 2204 398 2254 in
415 2205 540 2255 formam
557 2202 761 2255 affimativam
780 2208 810 2256 et
827 2211 964 2272 sequente
983 2203 1076 2258 altero
1095 2206 1289 2263 Coniunctivo

132 2273 245 2340 (putet),
264 2275 451 2326 necessariam
471 2274 558 2325 etiam
578 2273 767 2338 existimaret,
786 2271 909 2342 ideoque
927 2273 1078 2341 facillima,
1102 2285 1136 2329 ut
1154 2278 1208 2330 sibi
1226 2281 1291 2349 qui·

132 2344 198 2396 dem
219 2344 380 2409 videbatur,
414 2344 612 2397 emendatione
635 2344 797 2418 corrigeret
815 2348 847 2395 ut
865 2359 919 2413 pro
935 2347 973 2409 a,
998 2362 1102 2414 parum
1120 2364 1224 2400 curans
1242 2351 1291 2403 ab·

131 2430 169 2466 ru
190 2421 249 2465 tam
267 2415 405 2466 orationis
425 2415 670 2467 constructionem
689 2423 718 2467 et
736 2414 838 2468 Tacito
862 2412 957 2485 potius
975 2417 1208 2484 convenientem,
1234 2439 1292 2491 qua

132 2432 200 2537 inde
219 2493 291 2537 esset
315 2485 435 2540 exitura.
471 2484 551 2538 Talis
576 2485 665 2538 -homo
691 2501 745 2537 cur
768 2500 826 2537 non
852 2486 1015 2538 correxerit
1038 2494 1064 2540 et
1081 2496 1111 2541 ut
1128 2489 1177 2543 vel
1195 2497 1290 2559 utque,

132 2555 257 2607 mireris.
294 2555 430 2608 Ceterum
455 2555 585 2608 Klotzius
613 2555 740 2609 servavit
762 2560 803 2620 at,
832 2555 979 2624 explicans
1003 2559 1045 2612 ita
1069 2565 1108 2625 ut,
1138 2578 1173 2614 ex
1191 2571 1290 2617 nostro

134 2626 277 2678 sentiendi
296 2634 325 2678 et
343 2625 483 2696 loquendi
501 2642 591 2681 more.
630 2626 702 2680 Mihi
720 2643 789 2678 vero
807 2641 866 2678 non
883 2628 1054 2698 propositio,
1074 2649 1159 2700 quam
1178 2632 1289 2701 dicunt,

133 2697 317 2749 consecutiva
335 2697 384 2749 vel
403 2696 579 2765 explicativa
595 2697 710 2766 requiri
727 2696 852 2762 videtur,
883 2696 932 2749 sed
948 2701 1064 2765 κλίμακα
1083 2703 1179 2771 potius
1198 2704 1291 2758 inesse
1317 2766 1319 2770 .

133 2767 294 2820 sententiae
313 2767 447 2833 dixerim,
466 2775 500 2819 ut
518 2773 544 2820 st
560 2769 688 2839 positum
705 2767 743 2820 sit
760 2783 814 2838 pro
832 2765 961 2837 adeoque.
989 2769 1072 2828 Gaul.
1092 2772 1197 2826 Handii
1216 2774 1292 2829 Tur·

133 2838 272 2890 sellinum
290 2840 312 2891 1.
334 2856 362 2908 p.
383 2841 442 2894 520.
462 2855 503 2908 sq.
830 2874 834 2879 -

550 2944 576 3008 1.
599 2946 650 3011 oo.
679 2966 712 3027 p.
732 2945 804 3010 sao.
826 2967 873 3027 sq.
971 2899 975 2908 ’

207 3070 241 3082 -
268 3046 343 3114 quad
367 3042 442 3098 enim
468 3044 584 3099 levius
609 3042 674 3099 buia
696 3046 844 3100 levitati
869 3061 968 3100 nomen
998 3044 1160 3116 imponam?
1178 3077 1212 3088 -
1246 3051 1290 3107 De

113 3112 188 3167 -hoc
206 3116 420 3185 paronomasiae
439 3115 496 3182 vel,
515 3116 539 3167 si
558 3115 655 3170 dicere
673 3116 753 3177 licet,
773 3117 977 3170 alliterationis
994 3135 1102 3191 genere
1120 3122 1195 3190 apud
1208 3120 1292 3177 Cice-

132 3200 234 3237 ronem
257 3203 316 3239 non
339 3186 535 3255 infrequente,
562 3187 722 3258 praecepit,
751 3188 891 3258 exemplis
915 3189 1021 3256 allatis,
1050 3191 1083 3244 R.
1103 3192 1235 3246 Klotzius
1259 3195 1291 3247 in

132 3254 248 3309 Annall.
268 3257 384 3310 Philoll.
405 3266 434 3310 et
452 3257 628 3333 Paedagogg.
650 3262 727 3315 1835.
749 3262 790 3314 12.
809 3278 838 3329 p·
856 3262 918 3316 423.

586 3363 613 3427 Ι.
636 3365 686 3428 42.
710 3385 743 3446 p.
765 3366 839 3430 35⁰.

207 3461 239 3514 ln
258 3464 354 3516 umbra
373 3462 469 3530 igitur
485 3462 681 3530 pugnabimus.
719 3464 779 3518 lam
797 3464 856 3521 vid.
877 3463 911 3517 ad
930 3466 1028 3519 locum
1046 3468 1186 3524 Herodoti
1203 3490 1219 3525 a
1236 3471 1292 3526 Da·

133 3531 207 3585 visio
225 3533 373 3586 laudatum
390 3535 452 3588 Vll.
472 3537 532 3590 226.
550 3534 705 3590 Baehrium
722 3535 757 3588 T.
776 3534 881 3607 111.,p.
901 3539 962 3593 781.
983 3555 1025 3608 sq.

587 3659 613 3722 Ι.
634 3661 685 3724 42.
707 3679 739 3742 p.
760 3660 834 3752 Ι346.

300 3755 365 3824 Dic,
384 3754 492 3826 bospee,
510 3757 631 3828 Spartae
648 3773 699 3811 aas
716 3765 742 3811 te
760 3756 806 3812 bic
821 3757 926 3815 uidisse
945 3762 1075 3834 iacentes,

372 3828 446 3882 Dum
464 3831 569 3884 sanctis
585 3828 701 3900 patriae
719 3829 828 3899 legibue
845 3832 1027 3902 obsequimur.

205 3899 305 3965 „Haec
323 3919 414 3970 quum
424 3900 535 3965 Cicero,
554 3900 626 3954 benc
644 3917 710 3953 sane
730 3910 815 3971 atque
835 3903 993 3978 eleganter,
1013 3923 1049 3959 ex
1061 3905 1180 3961 Graecis
1188 3909 1291 3966 latine

134 3971 253 4037 dixerit,
282 3979 379 4024 tamen
402 3987 459 4022 non
481 3989 604 4040 aequare
633 3972 769 4025 existimo
791 3975 891 4042 po‘e'tae
911 3974 1016 4028 Graeci
1034 3977 1095 4029 vim
1113 3988 1143 4032 et
1166 3983 1292 4057 gravita-

132 4051 203 4097 tem.
240 4041 327 4095 Nihil
353 4040 431 4094 enim
455 4041 490 4094 ad
516 4059 588 4106 rem,
620 4042 695 4109 visos
720 4060 779 4096 esse
802 4044 929 4096 tumulos
954 4046 987 4098 ab
1005 4047 1133 4119 hospite&
1162 4069 1219 4122 quo
1238 4054 1300 4107 etsi

133 4131 192 4167 non
209 4114 329 4168 tollitur
347 4112 377 4164 id
396 4112 472 4182 quod
490 4112 643 4165 dicendum
662 4123 734 4179 erat,
763 4115 856 4166 iacere
876 4130 922 4168 eos
940 4115 1016 4184 illic,
1041 4126 1138 4172 tamen
1161 4123 1293 4177 obscura-

134 4193 185 4236 tur
211 4183 417 4256 quodammodo
445 4183 489 4236 rei
515 4199 572 4235 non
599 4184 772 4238 necessariae
804 4185 924 4238 adiecta·
939 4189 1101 4242 mentione:
1136 4195 1291 4265 eodemque

135 4255 219 4308 modo
238 4257 371 4309 sanctitas
389 4254 489 4329 legum
507 4252 597 4340 magis
610 4254 756 4319 elucescit,
774 4255 841 4308 solis
859 4257 1014 4310 nominatis
1033 4259 1094 4313 illis
1107 4281 1179 4333 quae
1197 4265 1292 4320 abesse

136 4337 294 4396 nequeunt,
321 4328 386 4399 lege
406 4336 433 4379 et
453 4325 599 4394 obsequio,
627 4343 713 4395 quam
732 4327 837 4379 diserte
856 4326 962 4392 addito,
990 4338 1100 4386 sanctas
1119 4352 1179 4389 esse
1202 4337 1291 4413 leges,

138 4415 261 4468 quarum
278 4403 412 4452 sanctitas
439 4397 471 4451 in
495 4397 553 4467 ipsa
573 4396 647 4452 inest
666 4405 725 4451 tem
742 4414 841 4453 severa
858 4397 1023 4470 disciplina,
1050 4419 1123 4472 quae
1141 4407 1291 4478 imperata,

999 4508 1064 4571 26*
