2856 5084
578 264 771 344 niuniu,
798 268 830 330 s.
1247 257 1289 326 si

134 430 224 494 idem
245 431 497 514 Theophrastus
520 439 554 494 st
584 431 682 494 libris
705 439 739 493 et
760 429 880 492 scholis
905 429 1054 490 omnium
1074 425 1289 511 philosopho·

136 534 224 592 rum,
254 515 344 598 quod
364 518 401 576 in
423 514 627 578 Callisthene
647 534 708 576 sno
729 512 879 575 laudarit
899 512 989 574 illam
1010 513 1225 573 seutentiam:

307 597 412 663 Vita'm
432 601 521 679 regit
539 595 685 678 fortuna,
706 613 769 658 nou
790 596 962 696 sapientia.
1129 595 1133 600 ’
1219 612 1222 618 ’

135 784 314 851 facetiarum,
334 799 450 853 quorum
468 785 588 836 alterum
606 770 807 847 retractatur,
826 782 946 834 alterum
956 777 1043 832 dicta.
1062 777 1123 843 iae,
1142 774 1288 848 siquando

135 854 210 924 q‘iiid,
230 861 362 924 tanquam
379 856 475 924 aliqua
493 854 609 920 fabella,
628 860 765 906 narratur
784 879 817 890 -
836 883 869 894 -
890 864 933 903 -.·
970 851 1004 903 Ia
1022 865 1061 902 re
1079 854 1121 902 eat
1147 849 1229 900 taem
1245 850 1289 903 ri-
1337 857 1344 865 ’

137 924 268 990 dicatum,
287 927 359 994 quad
377 957 409 969 -
429 925 509 978 sumi
530 924 609 976 solet.
647 925 710 978 Nec
734 933 830 976 tamen
858 939 912 997 ego
933 923 1066 991 cuiquam
1096 927 1197 973 auctor
1214 919 1289 984 siin,

135 1004 169 1048 ut
188 996 382 1072 itacorrigat.
420 994 501 1047 Haud
522 995 600 1046 enim
618 1011 683 1047 raro
701 1003 766 1065 pust
782 995 946 1069 longiorem
970 991 1117 1063 quandam¹
1138 989 1292 1060 expositio·

136 1084 205 1119 nem
222 1067 309 1123 aliter
326 1067 426 1139 pergit
436 1066 547 1129 Cicero,
567 1082 652 1133 quain
668 1070 872 1135 perrecturum
890 1083 956 1118 eum
975 1062 1129 1128 existimes,
1146 1062 1196 1114 vel
1204 1077 1291 1131 quam

137 1156 170 1190 re
187 1155 256 1191 vera
273 1146 461 1205 perrecturus
481 1144 552 1199 erat,
572 1134 628 1186 nisi
646 1135 763 1210 longior
777 1136 828 1187 illa
840 1136 979 1205 expositio
992 1133 1208 1187 intercessisset.
1227 1132 1288 1185 Mr.

169 1231 171 1235 ·
209 1215 234 1260 et
253 1207 337 1260 libris
356 1213 382 1258 at
402 1204 505 1259 scholia
523 1206 646 1258 omnium
659 1205 912 1275 ,philosophorum
948 1205 1014 1260 (lod.
1034 1204 1108 1279 Aug.
1134 1201 1289 1258 inlibris.

136 1278 206 1332 Gud.·
234 1278 308 1330 Gud.
336 1287 365 1330 et
389 1277 471 1329 Vind.
492 1279 518 1331 2.
543 1275 645 1331 scholis
667 1276 960 1345 philosophorum
987 1277 1143 1330 omnium.
1188 1273 1290 1358 Pergit

136 1349 227 1402 Rehd.
248 1365 314 1400 cum
332 1365 389 1400 uno
408 1349 458 1401 Ox.
486 1347 546 1416 qui
570 1347 607 1401 iu.
645 1346 691 1401 Aa
715 1367 741 1401 v.
763 1347 933 1403 Callisthene
958 1364 1007 1400 auo
1024 1348 1096 1399 Ern.
1123 1352 1288 1399 annotavit:

137 1419 243 1483 „libro
263 1420 296 1471 de
315 1419 404 1471 luctu.
432 1419 495 1472 Vid.
514 1419 671 1471 Tusa-111.
692 1419 759 1474 10.“
777 1419 798 1484 §.
818 1422 861 1474 21.
888 1420 950 1471 Vid.
970 1418 1116 1472 Plutarch.
1137 1416 1174 1468 11.
1194 1435 1223 1487 p.
1243 1419 1288 1472 ut.

136 1490 312 1563 wesseling.
332 1489 367 1540 ad
384 1488 499 1541 Diodur.
519 1489 599 1541 xiil.
619 1490 663 1545 24.
683 1489 766 1566 Diog.
787 1492 882 1543 Latii.
901 1492 936 1543 V.
955 1493 998 1546 44.
1029 1519 1062 1531 -
1097 1491 1152 1542 Pro
1171 1488 1291 1541 lauda·

135 1560 188 1612 rit
207 1569 249 1612 est
267 1560 366 1612 laudat
385 1560 416 1610 in
435 1560 520 1612 Godd.
542 1560 615 1615 Gud.
635 1558 737 1625 hebd,
757 1560 946 1615 laudaverit
965 1560 1079 1613 inGud.
1099 1562 1126 1623 2,
1145 1560 1290 1613 laudaret

135 1631 167 1682 in
186 1631 253 1684 Cod.
272 1630 346 1704 Aug.
383 1631 463 1683 Unus
488 1631 538 1683 Ox.
566 1631 653 1684 habet
675 1629 865 1700 calisthene,
889 1649 962 1684 unus
988 1627 1197 1695 calisthene,
1216 1630 1291 1682 alius

133 1717 196 1754 eam
220 1717 273 1772 pro
299 1703 388 1754 illam.
433 1702 555 1777 Legitur
576 1701 643 1770 regi
665 1718 719 1774 pro
742 1703 819 1770 regit
845 1705 877 1755 in
899 1702 970 1755 Edd.
998 1702 1032 1754 A.
1057 1702 1089 1754 B.
1115 1701 1144 1754 S.
1164 1703 1198 1753 E.
1219 1701 1291 1753 Veii.

134 1781 223 1825 nostr.
248 1772 329 1824 Junt.
356 1772 420 1824 Asc.
440 1775 467 1827 2.
506 1774 540 1825 ln
565 1791 628 1826 mar
650 1812 656 1824 .
682 1773 768 1824 huius
795 1776 937 1844 scriptum
960 1773 1087 1843 reperio:
1119 1772 1293 1839 „Trimeter

136 1852 180 1895 est
198 1843 293 1894 nescio
313 1860 349 1893 an
367 1860 433 1895 casu
452 1843 593 1912 elapsus.“
628 1791 703 1910 {uae
720 1845 839 1897 videtur
855 1845 969 1898 Erasini
988 1843 1143 1910 annotatio,
1161 1852 1195 1895 ut
1212 1843 1293 1895 rides

137 1933 173 1967 ex
191 1932 255 1965 ann.
275 1913 392 1965 Davisii.
430 1914 465 1964 H.
486 1912 590 1985 Steph,
606 1915 638 1966 in
656 1915 716 1968 Cic.
736 1917 804 1968 Iiex.
824 1933 853 1985 p.
875 1918 934 1970 150.
959 1915 1048 1968 allato
1068 1914 1178 1966 Graeco
1196 1930 1292 1977 vei-su,

135 1987 218 2038 cuius
234 1985 313 2044 ,haec
338 1992 379 2036 est
404 1985 617 2054 interpretatio,
653 1987 732 2038 addit
755 1987 851 2038 videri
875 1987 991 2040 eumin
1014 1985 1203 2055 proverbium
1221 1984 1293 2036 olim

135 2057 246 2109 abiisse.
285 2055 364 2120 Quod
389 2055 424 2107 ad
450 2064 577 2108 metrum
602 2057 682 2122 addo,
711 2057 735 2108 si
760 2058 838 2131 legas
862 2059 937 2125 regi,
962 2072 1063 2109 vocem
1086 2059 1200 2122 fartum
1226 2055 1294 2108 lieri

135 2127 302 2180 Ablativum
321 2143 430 2179 casum:
460 2143 515 2196 quo
535 2129 611 2180 sacto
629 2128 742 2180 habebis
762 2128 906 2181 senarium
933 2126 1177 2198 minusprobum',
1204 2126 1294 2178 nimi-

133 2217 202 2251 rum
220 2198 252 2249 in
271 2196 334 2249 sede
352 2199 416 2267 pari
433 2197 517 2267 (pede
536 2196 649 2267 quarto)
668 2199 833 2268 spondeum.
871 2197 945 2252 Mr.¹

209 2269 304 2323 Vitam
322 2268 400 2335 ragit
419 2272 541 2335 fortuna,
561 2286 616 2322 non
636 2270 789 2337 sapientia]
818 2271 991 2335 „Graecum
1006 2285 1132 2334 versum,
1152 2267 1202 2338 qui
1217 2267 1293 2320 hano

134 2339 309 2393 sententiam
328 2341 468 2405 continet,
488 2349 516 2392 et
536 2359 623 2409 quein
640 2340 856 2409 Theophrastus
879 2341 1004 2393 mirifice
1029 2339 1170 2404 laudabat,
1192 2339 1294 2393 videor

134 2410 213 2462 mihi
238 2410 387 2480 reperisse.
412 2410 491 2462 hu'nc
516 2413 595 2463 enim
620 2429 678 2465 esse
703 2422 788 2482 puto:
816 2407 886 2481 τύχη
905 2413 939 2466 τὰ
956 2412 1045 2478 θνητὰ
1067 2407 1220 2483 πράγματ’,
1244 2408 1293 2463 οὐκ

136 2479 279 2550 εὐβουλία.
309 2480 441 2534 adversus
472 2499 558 2550 quem
580 2483 764 2548 Plutarchus,
799 2484 984 2558 gravissimus
1012 2490 1129 2548 auctor,
1160 2489 1293 2534 accurata

135 2553 378 2605 commentarium
396 2553 526 2622 scripsit.
556 2555 702 2624 proposito
722 2546 801 2608 inim
818 2554 883 2622 illo,
911 2569 1021 2607 summo
1040 2553 1133 2606 studio
1152 2554 1213 2606 eius
1230 2569 1294 2606 sen-

135 2625 258 2676 tentiam
283 2625 421 2676 refellere
434 2633 575 2676 conatur.
611 2627 665 2677 Est
690 2627 779 2680 etiam
802 2627 879 2678 inter
906 2625 1033 2679 senarios
1065 2641 1112 2679 eos
1143 2626 1293 2678 variorum

133 2693 296 2764 poiitaruin,
316 2711 386 2764 quos
405 2697 568 2762 Menander,
587 2697 685 2750 nescio
703 2699 778 2768 quis,
797 2697 949 2772 collegisse
962 2696 1127 2749 videtur‘ad
1138 2696 1293 2748 humanam

134 2766 228 2818 uitam
246 2765 459 2832 instituendam,
488 2768 564 2836 quod
587 2777 741 2838 praecepta
764 2777 793 2820 et
817 2767 916 2821 officia
940 2767 1078 2837 quaedam
1100 2767 1215 2820 tradant
1240 2768 1294 2821 lio·

131 2837 264 2890 minibus
279 2838 340 2888 ‘uon
359 2839 484 2902 inutilia,
501 2855 578 2890 nunc
597 2848 703 2904 autem,
730 2841 799 2909 quia
820 2841 919 2909 pueris
938 2856 984 2891 eos
1010 2856 1090 2892 more
1109 2840 1233 2908 quodam
1250 2838 1294 2893 le·

135 2917 212 2983 gunt
229 2908 371 3030 magistri,
390 2926 406 2960 a
424 2909 546 2979 reliquis
565 2911 765 2985 negliguntur.
805 2911 1037 2980 Theophrastum
1064 2911 1095 2961 iu
1116 2908 1294 2964 Callisthene

134 2980 255 3033 adduxit
298 2980 436 3034 laxander
454 2980 683 3050 Aphrodisiensis
702 2983 733 3033 in
750 2983 809 3033 fine
834 2982 1001 3052 posterioris
1024 2981 1095 3033 libri
1121 2980 1156 3034 de
1174 2980 1291 3033 Anima:

135 3052 233 3120 inquit
260 3052 353 3104 enim:
381 3056 561 3122 praeputiata
588 3052 619 3104 at
638 3055 818 3121 Θεόφραστος
842 3053 964 3108 δείκνυσι
990 3050 1091 3105 ταύτὸν
1115 3050 1149 3105 ὃν
1174 3053 1205 3106 τὸ
1224 3049 1289 3104 καθ’

133 3109 308 3191 εἴμαρριένην
325 3129 364 3188 τῷ
381 3125 447 3174 κατὰ
466 3130 548 3193 φύσιν
566 3121 597 3175 ἒν
619 3130 658 3189 τῴ
676 3124 863 3176 Καλλισθένει.
901 3124 994 3177 Verba
1012 3123 1100 3176 etiam
1118 3140 1221 3198 graeca
1233 3126 1291 3177 Me·

134 3193 257 3257 tradam,
288 3211 360 3262 quae
386 3194 486 3247 Cicero
512 3211 571 3247 non
594 3195 680 3279 longe
705 3197 738 3247 ab
762 3195 817 3247 hoc
844 3196 909 3248 loco
933 3197 975 3249 sic
994 3195 1209 3268 interpretatus
1231 3203 1290 3247 est:

134 3265 275 3331 Occupavi
293 3271 327 3330 te,
346 3266 460 3329 fortuna
479 3275 534 3318 etc.
554 3265 670 3318 adducit
687 3266 858 3319 Plutarchus
878 3267 909 3318 in
928 3267 1134 3318 commentario
1154 3265 1293 3320 deTran-

134 3337 283 3407 quillitate
303 3335 411 3402 Animi,
442 3338 572 3406 quamvis
599 3346 747 3390 auctorem
772 3337 871 3390 caelet.
910 3337 986 3391 Nam
1008 3345 1037 3390 et
1061 3335 1132 3407 ipse,
1158 3337 1293 3406 quamad-

134 3409 252 3461 modum
271 3408 384 3473 Ciceru,
405 3409 575 3461 sententiam
593 3409 709 3477 probat:
731 3408 809 3461 dolet
826 3418 932 3475 tamen,
950 3416 985 3461 ut
1003 3409 1141 3480 suspicari
1158 3409 1238 3474 licet,
1258 3407 1292 3461 ab
1329 3445 1331 3448 >

135 3495 169 3532 ao
188 3479 305 3544 dictam,
326 3496 412 3548 quem
431 3497 489 3532 non
507 3479 647 3532 amabat.“
687 3479 840 3533 Victorius.
1006 3490 1008 3498 '
1186 3524 1192 3537 -.

133 3586 136 3593 -
208 3547 304 3603 Vitam
330 3551 405 3618 regit
426 3553 548 3618 fortuna,
571 3567 628 3604 nan
656 3551 812 3619 sapientia]
850 3552 968 3604 Dubitat
990 3552 1138 3616 Erasmus,
1174 3569 1211 3604 an
1240 3550 1291 3605 hic

133 3622 210 3690 apud
230 3630 361 3673 nostrum
380 3622 514 3675 'senarius
533 3639 599 3674 casu
617 3622 655 3673 sit
673 3623 793 3692 elapsus.
832 3624 899 3675 Non
916 3623 1122 3677 animadvertit
1148 3623 1196 3675 vir
1215 3642 1292 3677 suin-

133 3710 197 3745 mus
216 3691 302 3744 illum
321 3710 363 3766 ex·
373 3691 497 3746 iambico
518 3694 627 3747 Graeco
646 3694 818 3746 translatum
837 3712 905 3760 esse,
926 3697 976 3764 qui
994 3695 1036 3748 sic
1054 3712 1083 3748 se
1102 3695 1201 3748 habet:

303 3765 379 3832 Τύχη
397 3768 431 3816 τὰ
449 3770 562 3833 θνητῶν
580 3766 731 3834 πράγματ’,
753 3763 802 3818 οὐκ
822 3765 954 3834 εὐβουλία.

132 3837 235 3888 Exstat
253 3834 329 3904 apud
347 3835 534 3888 Plutarchum
553 3839 616 3905 περὶ
634 3844 716 3908 τύχης
734 3855 797 3912 pag.
818 3840 878 3893 97..
898 3839 1000 3891 Exstat
1018 3838 1106 3890 etiam
1124 3836 1210 3906 :apud
1227 3835 1292 3906 Stu-

131 3907 235 3960 baeum
252 3907 354 3980 Eolog.
375 3905 458 3976 Phys.
479 3926 543 3981 pag.
565 3911 607 3962 14.
628 3917 657 3961 et
676 3909 865 3962 chaeremoni
883 3909 1033 3961 tribuitur.
1071 3907 1207 3959 imitatur
1225 3923 1292 3977 sup·

131 3978 283 4048 positicius
302 3976 356 4030 iste
375 3978 503 4030 Phalaris
521 3981 595 4048 Epp.
617 3983 659 4045 lt),
679 3982 723 4035 32.
763 3980 800 4033 D.
1133 4016 1136 4021 ·

207 4049 305 4103 Vitam
325 4049 403 4116 regit
421 4051 547 4115 fortuna,
568 4065 622 4102 nan
640 4050 788 4118 sapientia]
814 4050 894 4103 Adde
913 4050 1058 4102 aDavisio
1076 4047 1197 4108 laudatis
1215 4049 1290 4101 Len·

132 4137 198 4189 nep.
219 4121 254 4172 ad
271 4121 413 4174 Phalarid.
433 4118 527 4188 Epist.
553 4121 585 4171 li.
605 4123 637 4172 V.
663 4140 695 4192 p.
714 4124 773 4176 182.
800 4130 829 4173 et
847 4119 1056 4190 Wyttenbaoh.
1083 4120 1118 4172 ad
1143 4119 1290 4174 Plutarch.

132 4195 197 4259 περὶ
219 4191 310 4261 Τύχης
326 4211 355 4261 p.
375 4195 435 4248 665.
453 4220 486 4228 -
512 4192 610 4264 Pergit
629 4191 697 4245 Cod.
718 4192 791 4244 Gud.
812 4197 846 4244 et
864 4198 977 4257 negant,
996 4190 1069 4264 Aug.
1089 4196 1191 4259 negant
1209 4192 1290 4261 quid·

130 4278 216 4328 quam
235 4264 357 4328 abolla,
375 4264 449 4316 Gud.
470 4266 495 4318 2.
517 4263 550 4316 ab
568 4263 649 4326 illa;
682 4263 759 4316 idem
778 4263 889 4314 omittit
907 4261 1082 4330 languidius.
1109 4263 1194 4320 codd.
1215 4263 1288 4317 Gud.

131 4333 232 4385 Duisb.
251 4334 334 4385 Vind.
356 4339 379 4389 l.
399 4337 425 4389 2.
445 4334 552 4388 habent
570 4349 631 4388 essa
649 4334 760 4387 dictum.
792 4335 859 4386 lllox
877 4333 950 4386 Gud.
961 4337 987 4388 2.
1008 4333 1082 4388 nihii
1098 4335 1290 4403 intelligenda.

131 4405 219 4462 Vind.
231 4410 255 4460 l.
268 4408 293 4460 2.
313 4403 367 4458 duo
387 4406 456 4464 O'iix.
477 4406 537 4462 dici
551 4423 667 4475 posse,
687 4409 761 4463 Mon.
781 4408 806 4462 2.
824 4404 949 4475 patuisse
967 4404 1036 4460 dici.
1073 4407 1109 4459 ln
1128 4407 1195 4460 Cod.
1214 4407 1288 4482 Aug.
