2856 5084
179 278 241 343 212
374 273 607 342 CICERONIS
628 273 875 341 TUSCULAN.
898 272 1131 339 DISPUTAT.

178 444 237 525 qui
258 443 316 505 illa
338 450 484 516 coxerat,
514 442 658 504 Minime
686 443 826 503 mirum:
858 439 1070 504 condimenta
1101 439 1191 501 enim
1205 436 1332 517 ,defue-

178 533 271 592 runt.
318 526 410 588 Quae
430 523 584 587 tandem?
606 527 717 605 inquit
738 524 806 585 ille.
848 523 963 585 Labor
985 526 1020 583 in
1054 530 1189 600 venatu,
1217 521 1333 595 sudor,

177 627 295 668 cursus
318 608 358 668 ab
379 608 516 684 Eurota,
538 611 651 677 fames,
678 608 766 668 sitis:
798 606 850 666 bis
877 609 966 667 enim
988 605 1088 666 rebus
1108 602 1333 666 Lacedaemo-

176 690 312 749 niorum
353 693 469 771 epulae
506 688 720 751 condiuntur.
770 687 973 768 Atque'hoc
1001 704 1068 746 non
1095 706 1135 746 ex
1157 686 1333 748 hominum

124 771 151 826 b.
176 790 270 832 more
292 771 412 849 solum,
434 770 491 833 sed
513 773 613 832 etiam
634 791 674 832 ex
697 771 812 831 bestiis
834 770 980 852 intelligi
1011 775 1137 850 potesta
1168 787 1264 847 quae,
1293 777 1333 830 ut

175 853 333 935 quicquid
355 854 523 917 obiectum
544 861 605 929 est,
628 851 831 934 quodmodo
853 861 1009 913 anatura
1030 869 1097 937 non
1118 850 1163 912 sit
1172 851 1334 931 alienum,

341 1075 374 1088 -
395 1070 428 1083 -
448 1068 482 1081 -
500 1043 614 1109 mallus,
639 1042 696 1096 tibi
717 1047 848 1112 quattuor
871 1047 981 1110 emptus

339 1111 498 1179 librarum,
528 1128 658 1167 caenae
684 1130 809 1181 pompa
839 1120 1009 1183 caputque
1032 1109 1099 1179 fait.

173 1183 284 1238 Alexis:
305 1181 452 1254 βοτρύδιόν
470 1203 497 1236 τι
510 1190 624 1256 χορεῖον
641 1183 673 1238 ἐν
690 1192 809 1252 ποτηρίῳ
828 1181 1008 1245 ἐπιπαίζεται·
1030 1174 1158 1252 κεφαλὴ
1179 1175 1330 1249 piade&-

160 1273 225 1308 ινου
250 1255 387 1322 ylrtta1.“
422 1257 457 1308 ln
480 1272 538 1308 uno
564 1256 614 1308 Ox.
640 1263 682 1309 est
707 1257 781 1324 qaod
807 1271 907 1308 coenae
933 1261 1088 1322 ceperat,
1116 1253 1147 1305 in
1174 1251 1232 1303 alio
1255 1251 1330 1318 qaod

174 1341 276 1379 coenae
295 1325 484 1395 aspiceret,
510 1328 585 1382 lllon.
608 1331 632 1381 1.
652 1327 762 1378 orniuit
785 1332 869 1393 caput
889 1331 966 1389 crab·
994 1326 1027 1376 in
1046 1324 1120 1377 Gud.
1140 1325 1166 1377 2:
1187 1329 1231 1376 est
1253 1320 1329 1390 qaod

172 1410 255 1448 cenae
287 1402 514 1464 captaverat,
549 1413 635 1464 supra
660 1397 713 1449 lin.
741 1403 811 1449 utve
830 1437 837 1452 .
857 1436 864 1450 .
883 1433 890 1448 .
910 1402 965 1449 rat.
997 1395 1094 1448 Duisb.
1124 1392 1198 1462 quod
1224 1397 1331 1460 caput

173 1480 302 1518 coenae
326 1471 404 1530 «ταῖς
436 1468 506 1539 Reg.
534 1474 563 1519 et
580 1466 668 1518 Marb.
697 1469 771 1535 quod
788 1482 888 1521 coenae
911 1472 1046 1536 capuerat
1064 1464 1161 1531 (sic):
1180 1462 1231 1515 ubi
1247 1461 1329 1514 vides

172 1536 354 1604 reliquorum
373 1552 505 1589 errorum
523 1553 636 1589 causam
654 1546 683 1589 et
700 1540 820 1591 fontem.
857 1540 911 1590 Pro
939 1543 1008 1589 tam
1032 1538 1069 1600 s's,
1094 1533 1192 1586 Duisb.
1217 1541 1328 1586 tamea

172 1604 209 1672 ἑο,
234 1623 307 1658 unus
332 1608 382 1661 Ox.
405 1622 481 1659 cum
502 1606 539 1671 ὄσ,
568 1616 630 1659 tum
650 1608 723 1661 Gud.
744 1607 794 1678 qui
817 1621 857 1660 ea
879 1611 1000 1661 coxerat.
1038 1607 1099 1660 Mr.
1305 1645 1308 1650 -

242 1677 364 1732 Minime
381 1680 497 1732 miram:
526 1678 708 1743 condimenta]
745 1679 882 1744 „Rectius
901 1678 942 1730 sic
961 1677 1090 1746 quinque
1101 1675 1230 1729 'Palatia
1249 1672 1329 1727 Vati-

173 1749 306 1829 Quid·
332 1748 463 1800 Victorii.
501 1749 610 1871 vulpe:
640 1747 758 1801 minime
779 1749 892 1813 mirum,
924 1746 1072 1815 inquit.“
1091 1744 1174 1800 Geel.
1210 1744 1328 1798 Addunt

171 1823 263 1939 tat
276 1836 363 1941 til?
385 1818 556 1958 labidis
575 1816 1069 1943 latifastiditate
1093 1816 1210 1952 liti
1234 1815 1327 1956 aas

60 2028 62 2031 ι
173 1956 682 2024 eodd.nuise.vind.1.u10n.1.;
709 1959 834 2025 asininae,
853 1958 954 2026 inquit,
973 1957 1087 2020 mirum,
1117 1957 1167 2008 ubi
1186 1959 1275 2010 etiam
1293 1975 1328 2010 ex

173 2028 237 2080 sede
255 2047 327 2103 vaga
344 2031 473 2104 agnoscis
491 2029 622 2104 glossam.
646 2030 789 2085 DuoOxx.
803 2029 909 2082 habeut
927 2027 1041 2081 minime
1058 2042 1186 2082 raram.
1205 2026 1289 2081 Vind.
1301 2032 1325 2082 l.

174 2099 284 2151 omittit
302 2099 383 2153 enim.
412 2100 498 2152 Marb.
517 2100 605 2153 babet
623 2100 784 2166 deserant,
810 2118 884 2152 unus
903 2101 954 2154 Ox.
973 2099 1149 2163 defuerant.
1185 2099 1278 2150 Exem
1299 2097 1328 2150 la

158 2167 337 2221 ,huiusmodi
355 2170 530 2239 quaestionis
549 2171 691 2235 instantis,
716 2187 788 2239 quae
805 2169 891 2222 habet
908 2186 1008 2223 vocem
1028 2168 1151 2233 tandem,
1179 2177 1222 2220 sat
1236 2115 1329 2220 muita

173 2248 241 2291 sunt
259 2240 334 2308 apud
352 2240 530 2294 Ciceronem.
568 2240 724 2310 Complura
748 2240 823 2293 colle
845 2239 869 2291 it
891 2239 1048 2293 Tursellin.
1074 2239 1108 2292 de
1126 2239 1277 2291 Particull.
1297 2238 1326 2290 h.

172 2308 307 2431 udQuod
331 2311 463 2434 seqpiitur
486 2309 593 2434 appetit,
627 2310 736 2364 excidit
762 2310 794 2363 iu
818 2257 886 2364 Sed.
913 2310 986 2364 Gud.
1015 2309 1084 2363 eoa.
1105 2309 1179 2362 Gud.
1197 2314 1224 2365 1.
1243 2308 1329 2362 habet

171 2395 201 2432 so
224 2395 257 2432 or
296 2397 328 2432 ro
352 2398 385 2433 aa
406 2397 448 2433 cr.
521 2397 546 2433 r.

244 2397 351 2503 caiisa
376 2451 411 2503 ad
436 2449 591 2516 Eurotam]
627 2452 722 2526 Vulgo
750 2454 785 2506 ab
809 2453 926 2508 Eurota.
964 2451 1021 2507 Sed
1042 2459 1121 2505 recte
1146 2449 1328 2505 doctissimus

171 2520 331 2573 lientleius:
350 2521 474 2573 Eurotas
492 2523 569 2573 enim
588 2523 644 2589 sub¹
658 2523 728 2592 ipsis
746 2541 836 2594 prope
855 2524 973 2593 Spartae
992 2523 1139 2576 moenibus
1156 2521 1231 2575 fluit.
1256 2522 1328 2573 Vide

174 2583 241 2643 chr.
263 2589 423 2642 Cellarium
442 2592 546 2665 Geogr.
570 2592 619 2645 lib.
639 2591 678 2645 11.
698 2611 759 2663 cap.
778 2593 856 2647 x111.
882 2612 946 2669 pag.
967 2595 1027 2649 768.
1043 2629 1046 2635 ·
1064 2593 1102 2646 D.

244 2694 343 2731 careas
362 2680 401 2732 ab
422 2680 572 2746 Eurota]
609 2682 740 2746 „lllerito
760 2691 951 2735 correxerunt
967 2680 1061 2734 Bentl.
1083 2690 1113 2735 et
1127 2680 1196 2732 Dav·
1214 2679 1253 2733 ad
1269 2679 1329 2732 Ea·

172 2747 404 2802 rotam.“130ut.
430 2757 458 2803 et
476 2749 560 2815 Latt,
587 2767 709 2820 quorum
734 2753 877 2822 posterior
896 2769 957 2805 eam
976 2752 1186 2805 correctionem·
1200 2751 1326 2820 recepit.

172 2818 299 2885 „Facilis
319 2828 362 2873 est
380 2822 523 2874 correctio
544 2822 582 2874 od
600 2823 745 2888 Eurotam,
765 2840 849 2892 quam
867 2825 965 2876 fecere
976 2822 1123 2876 Bentleius
1142 2829 1171 2873 et
1183 2819 1327 2885 Davisius,

173 2899 203 2942 et
226 2890 268 2942 sic
295 2899 338 2944 est
361 2892 439 2943 alibi.
478 2891 533 2944 Sed
550 2893 703 2967 vulgatum
725 2906 828 2946 verum
854 2909 912 2946 esse
935 2902 1038 2963 potest.
1081 2893 1185 2944 Cursus
1211 2891 1329 2944 videtur

172 2960 292 3013 initium
310 2962 419 3030 cepisse
445 2981 461 3014 a
479 2963 543 3033 ripa
561 2963 698 3027 Eurotae,
725 2964 863 3032 adquam
882 2964 1014 3016 sedebant
1032 2959 1236 3033 spectatores.“
1255 2961 1325 3013 Era.

173 3031 220 3083 Cr.
242 3048 309 3083 cum
327 3030 397 3088 Dav.
426 3031 500 3084 hall.
528 3032 624 3088 Wolf.
653 3032 744 3086 Sohar
763 3034 853 3087 Nobb.
879 3035 951 3087 Tbn.
980 3034 1094 3104 recepit
1116 3033 1154 3086 ad
1180 3031 1326 3093 Eurotam,

172 3100 290 3163 addens,
319 3102 422 3154 falsam
445 3103 602 3155 lectionem
628 3105 663 3156 ab
681 3104 789 3158 Eurota
808 3113 900 3157 ortam
927 3121 985 3157 esse
1004 3121 1040 3156 ex
1057 3119 1138 3156 inore
1157 3103 1252 3176 Regii,
1280 3103 1325 3154 lit.

171 3187 200 3221 m
217 3169 333 3222 finalem
352 3172 514 3224 omittendi.
541 3174 695 3257 Egeram,
715 3175 841 3227 nondum
861 3177 990 3246 inspecta
1000 3173 1119 3227 Ernesti
1134 3172 1327 3238 annotatione,

173 3239 285 3305 iisdem,
314 3241 415 3310 quibam
434 3243 495 3307 ille,
527 3245 686 3296 renonibus
710 3255 813 3309 motus,
837 3245 979 3299 librorum
997 3245 1156 3297 lectionem
1173 3244 1326 3296 restituere

172 3309 204 3360 in
222 3311 317 3363 animo
335 3310 431 3376 babai,
450 3328 507 3365 non
525 3314 635 3366 veritus
653 3316 726 3380 fore,
755 3315 807 3385 qui
825 3332 871 3368 me
889 3315 1020 3391 frugibus
1047 3314 1173 3366 inventis
1191 3313 1228 3365 ad
1244 3313 1326 3387 glan-

171 3380 220 3434 des
247 3381 366 3435 rediisse
393 3385 574 3437 contendant.
612 3384 691 3450 Quod
714 3402 784 3438 vero
816 3403 851 3439 ex
875 3385 991 3439 silentio
1015 3384 1179 3438 collationis
1201 3392 1326 3452 quatuor

171 3451 258 3505 Codd.
278 3453 387 3506 Oxonn.
406 3454 511 3523 aliquis
529 3457 648 3507 fortasse
666 3457 787 3530 colligat
805 3473 851 3509 eos
869 3456 974 3510 habere
992 3456 1183 3518 utilititatem,
1205 3453 1236 3506 id
1252 3454 1326 3506 mibi

171 3522 290 3591 quidem
308 3525 391 3577 valde
410 3525 529 3577 dubium
548 3534 598 3589 est,
618 3536 721 3594 neque,
740 3527 797 3577 nisi
815 3526 887 3580 aliae
906 3527 1090 3581 auctoritates
1109 3524 1253 3589 accedant,
1273 3542 1287 3577 e
1309 3541 1325 3576 o

171 3593 289 3644 silentio
314 3594 363 3645 isti
389 3595 502 3663 aliquid
525 3596 631 3648 tribuo·
669 3597 749 3660 Quod
774 3613 844 3650 vero
864 3599 955 3650 estin
974 3600 1048 3650 Mon.
1068 3601 1095 3652 2.
1122 3597 1161 3650 t't'e
1180 3596 1211 3647 in
1228 3594 1298 3646 Duis
1318 3635 1324 3652 .

169 3660 229 3716 tiis
246 3679 300 3731 pro
318 3662 373 3727 bis,
402 3664 432 3715 id
455 3675 496 3719 est
522 3683 556 3718 ex
583 3669 733 3732 frequenti
756 3685 867 3720 errore:
900 3685 1071 3738 quamquam
1095 3667 1127 3719 in
1150 3664 1325 3719 contrariam

169 3741 284 3803 partem
302 3734 412 3803 saepius
430 3744 575 3805 peccatur.
612 3739 695 3804 Unus
712 3739 763 3791 Ox.
782 3738 867 3790 habet
889 3733 933 3791 iis
949 3742 1023 3794 caim
1041 3737 1173 3805 epulis,·
1195 3735 1282 3787 Vino.
1302 3740 1326 3789 1.

170 3821 236 3872 opes
253 3822 306 3875 pro
325 3808 423 3872 epulae
440 3822 507 3858 curn
525 3807 582 3859 alio
602 3807 651 3859 Ox.
690 3807 726 3861 In
743 3820 801 3860 uno
820 3809 898 3862 deest
916 3807 975 3870 boc,
995 3810 1026 3860 in
1044 3808 1142 3863 Duisb.
1161 3804 1265 3860 vocula
1282 3821 1324 3858 a.

169 3876 205 3928 ln
223 3893 302 3946 seqq.
323 3876 419 3930 minus
437 3887 571 3930 accurate
589 3877 647 3929 dici
666 3894 700 3930 ex
717 3879 814 3932 bestiis
832 3896 884 3947 pro
904 3881 1121 3944 executurum,
1143 3878 1192 3930 sed
1210 3875 1325 3941 melius,

169 3955 270 4000 monet
291 3947 343 4003 W.
363 3946 394 3998 in
412 3948 532 4007 scholis„
564 3949 626 4001 Duo
646 3951 714 4003 Oxx.
733 3966 787 4019 pro
802 3956 891 4017 potest
908 3950 1014 4003 babent
1031 3949 1103 4003 licet.
1140 3949 1201 4002 Mc.

238 4042 271 4088 ut
290 4036 426 4104 quidquid
443 4038 580 4090 obiectum
598 4038 651 4104 est]
688 4041 768 4103 „Aut
785 4055 838 4106 pro
861 4039 996 4109 quidquid
1013 4038 1167 4112 legendum
1186 4047 1229 4090 est
1247 4033 1325 4108 qaia,

167 4114 217 4158 aut
236 4106 373 4177 quidquid
389 4106 438 4158 hic
456 4109 655 4177 accipiendum
671 4125 725 4178 pro
744 4109 878 4178 quidque:
909 4118 942 4162 ut
964 4110 1039 4180 apud
1059 4108 1231 4161 Lucretium
1248 4110 1326 4162 libro

165 4175 208 4228 11:
229 4176 311 4246 inque
330 4191 396 4229 suos
415 4178 551 4247 quidquid
568 4189 669 4230 recreas
686 4192 817 4231 revocure
835 4188 959 4243 meatust
985 4190 1014 4233 et
1039 4181 1114 4231 libro
1132 4179 1186 4231 IV:
1216 4189 1327 4248 semper

164 4246 240 4299 enim
258 4263 391 4299 summum
409 4246 543 4316 quidquid
560 4248 593 4301 tle
611 4251 694 4302 rebus
712 4251 849 4316 abscedam
870 4260 898 4305 et
917 4252 993 4305 libro
1010 4253 1049 4304 V:
1073 4250 1121 4303 Sic
1138 4266 1223 4303 anam
1243 4251 1327 4321 quiti-

164 4317 232 4383 quit
248 4316 398 4383 paullatim
413 4317 558 4384 protrahit
576 4326 656 4373 aetas
674 4321 706 4372 la
724 4322 854 4375 mediam.
893 4326 1005 4376 Possem
1027 4339 1063 4375 ex
1081 4321 1243 4374 oratoribus
1264 4323 1328 4375 loca

163 4387 303 4442 excitare:
336 4386 385 4441 sed
404 4404 456 4462 ego
475 4406 512 4444 ex
529 4390 628 4445 latinis
646 4392 841 4447 locutionibus
859 4393 910 4446 ubi
935 4393 1006 4464 quid
1024 4391 1166 4448 eiusmodi
1185 4393 1328 4459 occurrit,
