2856 5084
373 271 719 352 ausunlrmuns
741 272 802 337 sn
823 271 994 338 areauna
1015 271 1041 338 1.
1224 274 1285 343 au

133 442 273 493 evincam.
310 439 366 494 Sed
383 439 463 504 haec,
498 455 555 507 quo
574 439 783 503 clariorasint,
811 447 878 491 sunt
896 437 994 508 paullo
1019 437 1104 490 altius
1122 439 1285 509 repetenda.

133 511 287 564 Sciendum
306 520 348 563 est
367 511 471 586 igitur,
503 510 636 563 iambicis
661 527 727 562 cum
745 509 914 562 Trochaicie'
937 525 1070 592 magnam
1087 511 1286 583 cognationem

133 589 163 634 et
180 581 402 635 similitudinem
426 598 497 634 essse
532 581 607 648 quod
634 581 722 633 semel
749 582 913 649 iterumque
938 580 1060 662 attingit
1078 578 1284 650 Hephaestion:

133 668 188 774 res¹
202 655 335 723 exemplo
362 652 564 705 illustrabitur.
610 652 760 717 Notissimi
791 659 859 703 sunt
883 649 1037 703 Trochaici
1063 650 1190 703 Enniani
1212 651 1286 722 a'pud

133 723 175 775 Ge
189 723 271 787 lium,
486 758 499 774 ..

297 795 359 847 Hac
376 792 430 847 etsi
446 795 478 860 fit
495 789 499 862 Ι
516 793 711 860 argumentum
744 794 853 861 stmper
870 793 899 846 in
915 808 997 861 prom
1031 795 1062 846 tat
1080 791 1176 859 situm,

298 865 340 917 Ne‘
357 866 424 934 quid
441 863 583 933 eapelcte's
602 865 708 916 amicos
743 865 816 933 quad
834 870 891 916 tute
908 879 996 930 agere
1027 862 1146 931 pdsst'es.

113 953 170 1017 *Hi
195 960 261 1004 sunt
286 967 355 1022 quos
382 956 445 1005 fere
464 951 569 1006 Graeci
587 952 783 1004 Tetrametros
809 960 912 1004 vocant
930 951 1119 1017 catalecticos,
1148 952 1209 1005 sive
1231 969 1287 1006 una
1349 1002 1351 1006 ,

133 1023 242 1094 syllaba
260 1023 434 1088 deficientes,
452 1032 486 1075 ut
505 1023 566 1092 ipse
582 1022 634 1074 hic
651 1022 744 1088 vides;
763 1039 828 1074 nam
843 1023 974 1092 dactylus
986 1031 1029 1075 est
1047 1024 1078 1075 in
1090 1031 1192 1092 quarto
1207 1022 1286 1088 locos

135 1110 193 1146 non
210 1102 245 1145 ut
263 1094 294 1144 in
313 1096 416 1146 ceteris
434 1094 626 1148 ditrochaeus.
666 1093 768 1144 larnai
794 1091 841 1144 his
863 1091 1028 1146 resalutata
1044 1111 1131 1146 unam
1149 1093 1287 1164 syllabam

132 1165 347 1234 praeposuerim
375 1164 490 1216 habebis
513 1163 610 1217 statim
637 1163 773 1217 lambiens
803 1164 998 1218 Tetrametros
1025 1165 1204 1230 acatalectos‚
1230 1163 1287 1219 hoo

134 1243 184 1301 est,
203 1236 313 1304 plenos,
331 1244 360 1289 et
378 1235 440 1287 inte
479 1252 522 1288 os:
551 1242 584 1286 ut
601 1233 683 1287 verbi
704 1235 812 1308 gratias
1240 1248 1243 1255 ·

300 1306 337 1358 Et
356 1304 405 1358 lule
423 1252 478 1358 tabi
491 1303 495 1374 Ι
510 1308 541 1371 fit
560 1301 770 1374 argumeultum
786 1306 896 1373 stmper
913 1303 946 1358 ia
961 1302 1109 1375 {prompta
1127 1305 1221 1373 situm,
1241 1320 1244 1327 ¹

301 1375 339 1430 Ut
356 1378 460 1447 utquid
477 1375 616 1446 aeripedes
632 1373 754 1445 amilcar
772 1377 845 1446 qued
862 1382 919 1428 tate
936 1373 1040 1446 agelre
1054 1376 1182 1444 possita.

132 1466 212 1540 Ergo
232 1479 267 1516 ex
284 1466 445 1536 posteriore
464 1483 570 1545 genere
588 1466 649 1530 hos,
677 1466 711 1518 de
734 1465 837 1535 quibus
863 1482 941 1518 nunc
960 1466 1080 1539 agimus,
1111 1482 1209 1518 versus
1228 1481 1286 1520 esse

132 1535 297 1588 autumabat
315 1536 446 1613 Scaliger
464 1547 493 1590 et
512 1537 563 1607 qui
582 1554 648 1589 eum
666 1537 770 1590 secuti:
803 1544 837 1589 ut
858 1545 938 1589 certe
958 1536 1077 1607 quidem
1095 1545 1172 1604 sunt,
1199 1536 1223 1590 si
1240 1553 1287 1591 re·

132 1615 243 1675 ceptam
260 1607 417 1661 lectionem
435 1608 623 1674 admittimus,

297 1679 359 1731 Heu
378 1677 516 1748 reliquias
533 1673 538 1748 l
553 1677 672 1732 sema'ssi
690 1673 788 1748 relgr's
806 1679 917 1731 denuda
936 1676 976 1732 tis
995 1678 1103 1732 dsssbus

298 1748 351 1803 Per
370 1752 475 1804 te‘rram
495 1746 593 1820 senile
618 1747 774 1819 de'tr‘bultas
796 1749 877 1817 fatale
896 1746 1083 1819 deluexdrier.

131 1837 239 1889 Verum
256 1836 289 1889 in
307 1853 339 1890 eo
357 1847 418 1892 tota
431 1839 586 1892 difficultas
605 1849 745 1904 versatur,
764 1857 800 1892 an
811 1847 927 1908 recepta
944 1838 1034 1892 lectio
1050 1839 1089 1891 sit
1100 1838 1284 1893 admittenda.

132 1907 277 1978 Equidem
296 1907 327 1960 id
344 1925 471 1984 pernego
490 1905 532 1973 *),
560 1917 646 1977 atque
667 1909 801 1979 pluribus
825 1910 860 1961 de
887 1909 998 1961 caussis.
1034 1911 1108 1962 Nam
1147 1911 1233 1976 rimo,
1260 1910 1285 1962 si

131 1978 211 2031 aliud
230 1977 386 2049 quidquam
405 1980 436 2032 in
455 1997 486 2032 re
504 1979 638 2031 literaria
664 1996 732 2032 vere
751 1979 901 2031 'affirmare
924 1995 1047 2047 possum,
1075 1979 1104 2031 id
1123 1929 1217 2048 Aquod
1234 1979 1285 2033 hos

131 2064 256 2102 summos
276 2050 352 2101 viros
370 2050 458 2125 fugit)
477 2057 622 2119 praestare
640 2049 694 2101 tibi
712 2049 813 2115 ausim,
832 2065 990 2118 numquam
1009 2067 1025 2101 a
1041 2050 1136 2102 Poetis
1154 2050 1286 2123 Tragicis

130 2137 181 2172 seu
208 2119 326 2172 Graecis
351 2121 411 2174 sive
434 2121 545 2172 Latinis
578 2129 730 2191 usurpatos
752 2136 813 2190 ⁴esse
840 2118 980 2172 Iambicos
1005 2119 1057 2171 hos
1081 2120 1286 2174 Tetrametros.

131 2190 282 2259 Siquidem
298 2191 354 2244 hoc
372 2199 501 2244 metrum
520 2198 563 2253 est
581 2191 749 2244 comoediae
766 2191 929 2262 proprium,
948 2190 980 2241 in
995 2188 1153 2266 Tragoedia
1172 2190 1288 2245 nullum

129 2261 227 2313 locum
242 2260 338 2317 habet.
374 2261 465 2331 Atqui
483 2261 535 2313 hos
552 2262 720 2330 versiculos,
743 2261 792 2313 ubi
810 2261 946 2330 Polydori
963 2259 1066 2312 umbra
1083 2260 1223 2331 loquitur,
1252 2278 1288 2314 ex

130 2331 293 2405 Tragoedia
316 2332 437 2400 quadam
463 2332 625 2401 desumptas
650 2349 709 2385 esse
727 2350 772 2385 res
791 2331 850 2400 ipsa
869 2330 990 2383 indicat:
1020 2348 1114 2402 neque
1138 2331 1288 2384 mihi'du·

82 2412 85 2416 “
134 2402 215 2453 bium
234 2410 285 2466 est,
305 2402 377 2471 quin
397 2419 431 2454 ex
448 2403 564 2455 Pacuvii
582 2400 677 2455 Iliona
696 2402 754 2454 sint
771 2401 867 2472 petiti.
904 2402 975 2466 Hoc,
997 2401 1125 2470 inquam,
1143 2402 1285 2472 primum:

132 2471 219 2541 quod,
239 2473 307 2540 quia
325 2489 383 2526 non
401 2472 487 2525 aliter
505 2480 635 2526 constare
653 2473 742 2542 possit
757 2489 842 2542 quam
860 2473 946 2546 longa
965 2479 1009 2524 tot
1027 2472 1155 2525 locorum
1172 2489 1288 2526 enume-

131 2544 254 2607 ratione,
273 2558 332 2594 non
350 2544 407 2595 iam
426 2544 559 2596 evincere
587 2544 695 2608 studeo,
724 2544 773 2597 sed
795 2542 870 2595 mihi
888 2543 968 2596 credi
993 2544 1116 2612 postulo.
1153 2543 1185 2596 ld
1205 2545 1287 2612 equi-

131 2613 197 2666 dem
215 2613 306 2665 ausim
324 2632 386 2668 inea
405 2614 461 2666 fide
479 2614 632 2685 polliceri;
657 2613 806 2683 quoddico
824 2631 927 2666 verum
944 2622 1139 2683 reperturum,
1158 2614 1288 2684 quisquis

131 2685 284 2752 utriusque
310 2684 584 2759 linguaaTragicos
608 2686 759 2738 evolverit.
797 2684 875 2736 Illud
898 2684 1000 2736 deinde
1018 2685 1175 2750 considers,
1210 2684 1288 2754 quod

132 2771 169 2807 ex
189 2756 250 2825 ipso
269 2756 407 2808 Cicerone
425 2757 589 2826 planissime
607 2764 736 2825 apparet,
760 2755 831 2807 haec
849 2771 962 2823 quoque
981 2754 1014 2806 ab
1032 2755 1133 2808 umbra
1150 2755 1288 2826 Polydori

133 2825 211 2878 dicta
230 2843 299 2891 esse,
319 2827 351 2876 in
368 2828 466 2880 eadem
484 2823 561 2896 ῥήσει
586 2843 642 2895 qua
659 2826 759 2895 priora
777 2825 838 2889 illa,

298 2897 399 2950 Mater
417 2904 443 2949 te
462 2896 578 2965 appello,
598 2911 668 2965 quae
685 2910 781 2949 curura
799 2912 895 2949 samaa
913 2910 1073 2966 suspensam
1090 2897 1165 2949 Iesus
1171 2912 1181 2960 3
1243 2929 1247 2937 ·

132 2995 162 3040 et
182 2985 300 3050 idcirco,
320 3003 386 3037 cum
405 2985 502 3054 priora
520 2985 579 3036 sint
597 2984 765 3049 Trocbaica‚
790 2984 877 3037 etiam
893 2983 966 3036 haec
985 3002 1021 3037 ex
1044 2984 1114 3037 artis
1132 2985 1198 3059 lege
1215 2985 1288 3038 Tro-

132 3056 233 3109 ch'aica
252 3058 311 3109 esse
328 3065 473 3126 oportere.
500 3056 657 3124 Reliquum
675 3064 717 3107 est
736 3054 840 3129 igitur,
860 3064 893 3107 ut
903 3056 1047 3124 sequendo
1065 3063 1144 3108 corta
1154 3055 1286 3178 vestigia,

130 3144 204 3197 qnos
223 3128 397 3196 quaerimus,
420 3137 554 3179 numeros
572 3126 643 3179 hinc
661 3143 800 3178 eruamus.
826 3125 921 3195 Atque
940 3126 987 3178 illi
1003 3126 1129 3196 quidem,
1147 3127 1230 3179 niial
1243 3143 1286 3193 or,

132 3217 182 3250 sua
200 3206 300 3268 sponte
318 3198 498 3252 exorientur.
532 3197 672 3262 Quorsum
691 3197 770 3248 enim
787 3196 862 3248 illud
879 3197 1005 3264 Regis?
1025 3198 1110 3251 Certe
1127 3198 1287 3268 Polydorus

131 3268 202 3324 haec
220 3271 255 3322 de
273 3286 302 3322 se
327 3269 472 3338 loquitur-3
498 3268 522 3318 ie
541 3277 637 3320 autem
655 3268 775 3320 minime
794 3275 857 3320 erat
874 3284 944 3320 rexz·
972 3268 1052 3333 Quod
1070 3269 1094 3320 si
1110 3269 1229 3335 fuisset3
1257 3287 1286 3321 se

131 3348 228 3392 tamen
253 3359 284 3393 re
306 3358 351 3392 em
375 3339 531 3409 appellare,
555 3339 726 3407 praesertim
747 3338 805 3390 iam
829 3347 985 3403 mortuum,
1016 3336 1190 3392 cuiusesset
1207 3356 1287 3392 arro-

131 3413 265 3484 gantiae?
294 3409 328 3476 ,*)
364 3411 442 3463 Illud
459 3425 574 3478 quoque
592 3410 667 3462 scire
685 3424 764 3473 aveo,
783 3407 948 3461 semiassi
966 3410 1036 3479 quid
1054 3410 1107 3461 sibi
1125 3410 1215 3462 velit?
1233 3410 1287 3461 Di·

130 3491 209 3546 cent,
229 3482 341 3552 opinor,
361 3481 521 3534 semiustum
532 3480 593 3532 sive
611 3478 843 3533 semiustulatum.
873 3479 963 3550 Atqui
976 3497 1069 3549 neque
1082 3482 1287 3533 tunnefectum

132 3561 176 3605 est
193 3553 242 3605 Pol
265 3554 345 3618 doro,
363 3561 397 3603 ut
415 3569 518 3622 corpus
536 3551 628 3604 luerit
646 3550 915 3604 semiustulandum:
940 3549 1160 3620 (proiiciebatur
1178 3552 1285 3622 quippe

132 3573 298 3675 volucribus
317 3631 346 3674 ct
372 3623 452 3686 feris,
480 3638 535 3675 nec
552 3622 619 3696 rogi
643 3637 697 3675 nec
722 3620 872 3690 sepulchri
897 3621 971 3673 iusta
988 3624 1167 3690 consecutus)
1192 3640 1285 3693 neque

131 3709 204 3746 vero
230 3693 383 3745 semirasus
408 3694 469 3744 ullo
494 3693 525 3745 id
551 3693 634 3745 inodo
661 3692 825 3766 significare
851 3700 954 3761 potest.
990 3693 1033 3746 Ea
1057 3695 1134 3746 enim
1152 3695 1285 3748 vocabuli

132 3764 215 3816 illius
232 3764 346 3826 vis'est,
368 3770 402 3815 ut
419 3762 453 3814 ad
471 3763 547 3816 cibos
572 3771 601 3816 et
627 3764 662 3817 ad
684 3762 856 3817 vescendum
881 3779 995 3833 semper
1020 3767 1173 3818 referatur.
1218 3767 1285 3818 Non

133 3835 231 3904 itaque
251 3833 391 3905 Polydoro
408 3833 645 3887 convenitillud
668 3832 835 3900 semiustum
872 3833 960 3887 Terei
988 3836 1084 3904 potius
1116 3843 1164 3887 aut
1188 3834 1286 3904 Thye-

132 3914 192 3958 stae
218 3904 299 3971 filiis,
330 3903 382 3973 qui
405 3903 436 3955 in
459 3905 594 3958 convivio
617 3904 667 3958 vel
696 3904 822 3958 semiassi
843 3905 893 3957 vel
909 3905 963 3957 assi
980 3905 1145 3972 parentibus
1162 3922 1286 3975 appone-

128 4022 242 4030 0——

153 4095 183 4163 *)
206 4101 242 4155 In
260 4101 336 4152 notis
356 4099 482 4167 ineditis,
510 4099 542 4152 in
559 4101 661 4169 quibus
678 4099 750 4153 haec
768 4098 912 4152 annotatio
931 4098 1086 4170 repetitur,
1104 4106 1169 4168 post
1185 4099 1284 4151 verba:

208 4173 340 4242 Equidem
364 4172 395 4225 id
415 4187 539 4240 pernego
564 4172 740 4224 omittuntur
765 4170 981 4240 quatuordecim
1008 4169 1101 4223 lineae
1128 4178 1287 4238 sequentes,

207 4261 296 4312 usque
314 4243 360 4296 ad:
387 4243 462 4297 Illud
479 4242 578 4297 danae
596 4240 758 4295 considera:
776 4242 827 4294 ubi
845 4242 955 4315 pergit:
986 4255 1087 4309 quum
1110 4255 1143 4293 ea
1161 4242 1222 4310 ipso
1240 4242 1288 4294 Gi·

209 4330 307 4368 eeroae
326 4345 358 4357 -
384 4319 564 4385 appareat.
602 4313 661 4366 Mr.

137 4397 188 4466 **)
214 4404 248 4457 ln
266 4403 342 4458 notis
359 4404 476 4458 ineditis
494 4420 547 4474 pro
565 4399 750 4471 arrogantiae
767 4400 904 4458 scribitur
927 4397 1065 4461 lassatae.
1102 4387 1176 4463 Mas
