2856 5084
221 279 284 349 ³38
444 334 449 339 .
571 275 786 341 moneant
814 275 1025 343 BENTIAEII

221 445 338 500 Tuscul.
358 444 413 510 111,
434 444 458 496 t.
486 458 555 509 ergo
580 441 631 495 boc
651 443 788 511 vituperio
809 443 853 508 sit,
879 458 989 496 necesse
1007 448 1058 494 est.
1096 440 1175 508 Quod
1193 440 1318 510 perinde
1337 452 1379 496 est

221 535 255 571 sc
273 518 299 570 si
317 516 401 580 dicas,
420 513 493 578 Quia
509 515 668 568 liberalitas
686 515 763 565 laudi
782 514 875 575 datur,
896 514 959 566 ideo
978 514 1128 587 frugalitas
1144 513 1218 564 vitio
1236 513 1378 566 vertenda

221 596 273 641 est.
309 587 401 639 ltmno
420 600 489 638 vero
507 594 664 655 utrumque
688 585 771 639 decet
797 586 827 636 in
855 585 920 637 loco
945 593 974 636 et
994 601 1104 665 prore
1129 591 1208 635 nata:
1242 592 1277 634 ut
1296 585 1377 636 enim

221 658 365 713 confidere
384 657 468 709 fortis
487 664 575 709 estet
594 657 723 720 animosi,
744 657 785 707 ita
803 655 934 707 diffidere
954 656 1030 706 cauti
1050 664 1078 706 ct
1096 652 1217 723 providi.
1248 654 1297 706 Sic
1318 656 1377 724 ipse

220 731 255 782 de
274 747 302 781 se
320 727 437 780 Tuscul.
457 728 480 792 Ι,
499 731 541 782 31.
579 725 662 780 Nihil
689 727 773 779 nimis
796 732 902 791 oportet
927 726 1079 789 confidere3
1107 735 1135 777 et
1159 726 1275 777 Tuscul.
1296 727 1331 790 V,
1351 731 1375 781 l.

219 801 332 854 Mecum
349 801 408 866 ipse
426 798 617 863 considerans,
645 796 709 850 buic
734 797 839 864 incipio
865 798 1017 848 sententiae
1041 797 1176 860 diffidere.
1215 797 1257 848 De
1276 796 1375 851 Divin.

221 874 258 936 ΙΙ,
278 874 302 926 3.
342 870 482 924 Quaeram
509 870 612 934 omnia,
642 869 770 921 dubitans
794 871 967 935 plerumque,
996 873 1022 919 et
1047 865 1119 918 mibi
1145 871 1205 934 ipse
1232 866 1375 931 diffidens.

140 944 141 948 ’
220 944 281 995 lam
300 941 375 1011 quod
393 941 467 1009 apud
484 941 611 992 Nonium
630 941 662 990 in
683 937 805 1000 Laetori,
831 939 881 989 ubi
899 939 977 989 hunc
995 938 1091 989 locum
1109 938 1214 1012 laudat,
1239 940 1376 1004 confidere

219 1013 306 1066 hodie
325 1012 444 1085 ieqitur,
471 1011 604 1079 equidem
622 1011 766 1063 editorum
783 1011 851 1062 fidei
871 1026 1012 1078 curaeque
1031 1009 1140 1073 diffido,
1169 1017 1198 1061 et
1216 1026 1323 1061 vereor
1341 1028 1375 1062 ne

220 1085 255 1137 ad
278 1073 395 1157 vulgaita
418 1082 512 1133 Tullii
535 1081 710 1149 exemplaria
736 1083 831 1133 locum
858 1081 1042 1131 refinxerint:
1072 1081 1119 1131 sed
1143 1088 1304 1149 utcumque
1329 1082 1375 1144 sit,

221 1172 278 1208 non
302 1162 345 1208 est
368 1170 400 1205 ea
418 1153 508 1205 Nonii
534 1153 697 1217 auctoritas,
726 1161 759 1204 ut
784 1150 857 1203 cum'
874 1151 1032 1203 sententiae
1057 1150 1206 1220 dispendio
1231 1151 1375 1204 codicibus

220 1227 281 1279 eius
305 1224 514 1276 adhaereamus.
1160 1264 1162 1268 .

267 1296 351 1351 dbia
389 1296 478 1347 Fores
495 1293 643 1364 patebunt,
667 1295 702 1346 de
720 1291 872 1358 improuiso
892 1291 1012 1361 Chrysis
1030 1293 1079 1345 ubi
1095 1308 1138 1344 me
1157 1292 1334 1361 adspexerit,

384 1365 500 1418 Atouria
518 1366 625 1417 obviam
644 1363 714 1418 mibi
731 1367 829 1430 veniet,
848 1365 1019 1432 complexum
1037 1371 1170 1431 exoptans
1188 1381 1286 1429 meunt,

385 1434 465 1489 Mtte
486 1451 516 1489 se
539 1437 628 1488 dedet.

385 1509 474 1561 Quam
491 1505 558 1558 iaec
575 1505 688 1573 putcbra
704 1511 788 1573 putet,
813 1504 873 1572 ipse
897 1504 954 1558 iant
981 1506 1072 1558 dicet:

384 1579 535 1632 Fortunam
553 1577 645 1646 ipsam
662 1578 771 1630 anteibo
791 1576 916 1642 fortunis
934 1575 1023 1642 meis]

220 1650 296 1702 Haec
314 1647 477 1714 cohaerent,
499 1658 527 1702 et
544 1666 658 1700 versum
677 1648 870 1700 Trochaicum
888 1647 1029 1711 efficiunt,
1048 1655 1081 1698 ut
1099 1655 1165 1698 sunt
1183 1647 1230 1698 illi
1249 1647 1373 1715 priores:

384 1718 463 1773 Mibi
479 1720 619 1773 secedet:
644 1721 786 1784 fortunam
803 1717 896 1787 ipsam
913 1717 1024 1770 anteibo
1041 1718 1164 1783 fortunis
1183 1718 1263 1772 meis.

220 1800 249 1844 et
268 1792 299 1843 in
317 1791 415 1861 priore
433 1808 518 1842 versu
536 1791 613 1865 lego,
641 1791 741 1843 Fori’
764 1791 879 1856 patebit.

278 1863 345 1933 Cap.
366 1865 409 1917 32.
446 1864 544 1926 Amor,
569 1877 646 1928 quem
670 1861 809 1913 Caecilius
845 1885 847 1887 >

448 1955 481 1969 -·
501 1933 581 1984 deum
598 1933 646 1998 qui
671 1948 725 1985 non
742 1948 875 1983 susurnam
894 1937 980 1997 putet,

384 2004 444 2057 Aut
463 2003 579 2055 stultum
598 2009 647 2055 aut
664 2019 755 2056 rerum
776 2019 836 2054 esse
854 2004 1013 2068 imperitum
1031 2001 1189 2055 existimat:

297 2110 301 2117 -
378 2074 440 2128 ‘Cui
458 2073 489 2125 in
505 2089 588 2127 manu
607 2073 670 2138 sit,¹
684 2091 760 2143 quem
778 2089 837 2125 esse
856 2073 1005 2125 dementem
1022 2072 1098 2137 velit,

300 2171 302 2173 >
385 2147 470 2201 Quem
486 2159 592 2211 sapere,
616 2161 693 2210 quem
712 2147 845 2208 insanire,
874 2144 998 2210 quemin
1015 2145 1140 2195 morbum
1158 2143 1249 2210 imici,

287 2276 289 2281 ,
385 2217 471 2271 Quem
487 2222 585 2267 contra
604 2214 707 2280 autari,
737 2231 816 2284 quem
834 2213 980 2280 arcessiri,
1000 2219 1077 2282 quem
1096 2217 1207 2282 expeti]
1376 2274 1378 2278 v

219 2286 395 2353 Gebhardus,
414 2287 615 2355 blanuscriptis
628 2287 685 2338 suis
704 2287 828 2337 nimium
839 2286 959 2351 deditus,
979 2286 1124 2337 revocavit
1143 2287 1218 2339 illud
1236 2287 1371 2352 insanire,

173 2361 175 2365 '
218 2358 301 2411 nullo
320 2376 413 2410 sensu.
445 2358 517 2410 Cum
537 2358 616 2409 enim
632 2357 714 2426 prius
732 2358 861 2419 dixisset,
880 2373 940 2410 esse
958 2357 1116 2423 dementem,
1136 2374 1190 2409 cur
1206 2358 1256 2409 hic
1274 2359 1373 2427 putide

218 2437 366 2498 repeteret
389 2428 539 2482 insanire?
576 2428 638 2480 Hoc
665 2429 690 2479 si
714 2426 879 2482 Gebhardus
909 2427 1069 2502 cogitasset,
1104 2437 1133 2480 et
1162 2428 1373 2482 antithetorum

218 2500 362 2552 rationem
379 2501 428 2552 vel
446 2516 499 2569 per
516 2498 649 2551 nebulam
667 2499 802 2565 vidisset,
835 2499 910 2568 quod
936 2500 968 2550 in
991 2499 1056 2550 aliis
1082 2498 1255 2551 editionibus
1279 2501 1373 2553 fertur

127 2573 133 2587 ⁸
218 2569 359 2624 Sanari
383 2570 469 2645 longe
489 2569 516 2622 ei
534 2571 756 2639 praeferendum
782 2570 877 2621 visum
896 2579 967 2622 esset
985 2570 1184 2623 librariorum
1202 2571 1372 2640 scripturae.

217 2641 339 2693 Versum
357 2649 454 2692 autem
471 2649 649 2711 postremum
668 2651 702 2693 tu
718 2639 915 2712 pulcherrime
942 2641 1111 2693 emendasti:
1139 2640 1186 2693 sed
1204 2642 1227 2694 si
1246 2642 1282 2694 ad
1300 2642 1374 2694 illud

218 2718 319 2765 centra
341 2712 472 2781 paullum
497 2712 662 2776 attenderis,
690 2714 737 2764 cui
760 2712 848 2764 verbo
874 2711 952 2763 nihil
978 2728 1056 2763 nunc
1083 2721 1125 2764 est
1144 2729 1201 2782 quo
1219 2713 1311 2782 possit
1329 2731 1373 2767 rs·

218 2784 309 2849 ferri3
329 2783 446 2835 omnino
463 2782 513 2834 vel
531 2783 641 2835 invitus
659 2783 794 2835 fateberis
812 2800 928 2835 versum
946 2783 1095 2856 integrum
1114 2801 1148 2835 ex
1166 2783 1222 2834 hoc
1240 2784 1305 2837 loco
1326 2801 1373 2836 ex-

218 2851 334 2918 cidisse,
368 2861 401 2905 ut
419 2870 500 2923 saepe
518 2854 634 2907 evenire
653 2854 734 2918 solet,
761 2855 942 2923 cumplures
960 2855 1109 2918 versiculi,
1134 2862 1167 2905 ut
1185 2853 1246 2919 hic,
1274 2856 1372 2907 eodem

217 2925 356 2978 vocabulo
379 2923 559 2980 inchoantur.
610 2925 754 2994 Equidem
781 2924 879 2976 locum
901 2925 980 2977 hunc
1007 2925 1203 2978 Caecilianum
1228 2926 1265 2979 ad
1294 2925 1373 2979 hune

218 2997 312 3049 ferme
331 2997 453 3049 modum
471 3005 541 3064 puto
560 2995 631 3047 olim
655 2995 806 3048 exstitisse·

384 3068 448 3138 Ego
466 3081 546 3126 vero,
569 3066 704 3119 Amorem
724 3067 803 3118 deum
822 3064 870 3134 qui
888 3082 941 3118 non
958 3081 1094 3119 minutum
1109 3073 1198 3134 putet,

383 3137 442 3188 Aut
459 3137 581 3200 stultum,
600 3144 649 3189 aut
667 3152 759 3190 rerum
777 3153 834 3189 esse
850 3139 1013 3206 imperitum
1031 3138 1181 3191 existimo:

384 3205 440 3260 cut
457 3205 489 3258 in
506 3222 590 3259 manu
609 3207 656 3272 sit,
681 3225 759 3276 quem
777 3223 834 3260 esse
852 3209 1001 3260 dementem
1019 3209 1097 3270 uelit,

383 3277 472 3332 Quem
487 3287 600 3345 sapam
627 3295 705 3348 quem
723 3280 825 3342 sanari,
845 3295 924 3348 quem
941 3278 971 3329 in
989 3280 1114 3331 morbum
1133 3276 1231 3342 iniicis

384 3347 474 3412 Quem
492 3350 556 3401 odio
575 3347 643 3414 esse,
663 3367 750 3417 quem
767 3350 924 3414 contemni,
943 3367 1029 3418 quem
1048 3348 1163 3402 excludi
1181 3352 1272 3403 foras:

384 3421 469 3474 Quem
487 3427 586 3473 contra
603 3421 704 3483 amari,
725 3436 803 3489 quem
822 3423 923 3487 expeti,
943 3437 1021 3488 quem
1040 3421 1185 3474 arcessier.

289 3488 356 3560 Cap.
372 3493 419 3546 33·
457 3490 532 3546 Ouid
551 3490 666 3558 denique
684 3488 804 3543 domines
823 3490 984 3544 doctissimi
1007 3498 1032 3544 et
1049 3490 1152 3544 summi
1166 3496 1265 3559 poetae
1289 3491 1324 3543 de
1341 3509 1373 3544 se

217 3561 286 3630 ipsis
304 3567 332 3614 et
351 3561 520 3615 carminibus
538 3563 620 3615 edant
639 3568 665 3613 et
682 3563 846 3628 cantibust']
884 3564 961 3635 Lege
986 3564 1028 3616 de
1046 3579 1086 3629 ⁸se
1103 3561 1190 3630 ipsi,
1213 3569 1248 3612 ut
1266 3560 1369 3616 Cicero

216 3631 326 3700 aliique
344 3641 457 3685 veteres
480 3650 594 3702 semper
611 3633 692 3700 loqui
711 3633 812 3684 solent.

288 3701 357 3771 Gap.
378 3705 421 3756 34.
460 3701 516 3757 Qut
534 3718 613 3756 amor
630 3703 722 3771 siquis
741 3706 830 3759 estin
848 3720 943 3757 rerum
960 3711 1071 3768 natura,
1090 3697 1368 3768 sinesotticitudine,

215 3772 277 3826 sine
295 3772 449 3838 desiderio,
469 3772 531 3825 sine
549 3789 627 3838 cura,
646 3774 707 3827 sine
724 3774 859 3844 suspirio,
877 3776 916 3827 sit
936 3775 1014 3842 sane]
1052 3775 1199 3840 Quantivis
1218 3775 1311 3844 pretii
1328 3783 1368 3828 eet

214 3844 304 3897 lectio
324 3844 482 3898 editionum
499 3852 641 3909 veterum,
662 3853 691 3897 et
709 3845 840 3897 codicum
858 3846 980 3915 aliquot,
1000 3849 1031 3896 in
1050 3847 1152 3914 quibus
1171 3854 1237 3896 tuus
1256 3845 1308 3897 ille
1327 3853 1368 3897 est

214 3923 353 3983 vetustus,
371 3914 442 3969 Sine
460 3914 679 3983 auspi-cinam·
698 3916 784 3986 idque
803 3918 851 3968 rel
864 3917 897 3968 ob
912 3936 1001 3968 unum
1015 3918 1101 3968 illum
1110 3917 1245 3969 Terentii
1261 3917 1368 3980 locum,

380 3987 415 4039 ln
433 4002 527 4038 amare
544 3985 611 4040 baec
629 3987 723 4039 omnia
740 3987 834 4040 insunt
852 3987 931 4051 uitia,
950 3989 1083 4053 iniuriae,

380 4056 573 4127 Suspiciones,
592 4057 771 4122 inimicitiae,
793 4057 934 4117 induciae.

214 4129 254 4182 Et
271 4138 367 4181 tamon
385 4137 453 4181 nota
471 4137 537 4179 sunt
554 4126 687 4197 suspiria
711 4134 865 4187 nutantum:
898 4146 967 4205 ergo
984 4138 1139 4197 utrumque
1166 4136 1208 4179 est
1226 4127 1366 4196 probum:

214 4207 247 4250 ut
265 4199 381 4264 nescias,
400 4198 461 4251 utri
479 4199 574 4268 palma
592 4199 681 4252 danda
699 4201 746 4252 sit.

284 4269 350 4340 Gap.
371 4273 414 4325 36.
447 4270 498 4322 Ira
517 4285 592 4335 cera,
612 4287 684 4340 quae
703 4271 840 4341 qttamdiu
854 4272 1003 4340 perturbat
1020 4270 1148 4334 animum,
1167 4268 1368 4323 dubitationem

213 4338 343 4408 insaniae
363 4356 417 4393 non
435 4339 534 4394 babetr·
547 4341 625 4394 cuius
643 4344 764 4411 irnpulsu
784 4341 895 4398 exsistit
911 4345 996 4396 etiam
1014 4342 1090 4395 inter
1108 4345 1214 4408 fratres
1233 4341 1290 4393 tate
1307 4343 1367 4396 tur-

211 4409 313 4479 gem]
350 4410 418 4466 stne
442 4411 528 4466 dubio
554 4412 688 4471 mendosa
710 4414 808 4481 lectio,
838 4414 925 4483 idque
952 4413 1064 4482 duplici
1088 4413 1209 4466 ratione.
1247 4410 1367 4466 Namei
