2856 5084
600 259 729 328 LIBER
748 259 796 343 V,
821 260 855 326 t.
1008 261 1012 267 ’
1249 256 1292 328 tt

135 432 275 488 nestum.
293 424 381 508 quad
408 428 462 505 sit,
495 429 581 490 nihil
611 429 705 492 aliud
736 430 783 492 eil
803 428 938 490 bouum·
986 423 1056 489 'Sed
1077 435 1187 492 tamen
1217 439 1288 489 uon
1305 429 1348 483 19.

134 517 238 594 agant
258 511 316 571 sic.
368 510 458 572 Nam
487 523 521 575 et
547 513 588 574 da
614 514 756 576 honeste
779 520 812 574 et
834 511 875 572 de
897 511 1133 573 summobono
1155 524 1290 593 sapam·

134 593 196 651 tim
216 592 298 652 libri
316 603 411 657 eunte
445 603 479 656 at
499 613 603 676 quum
624 611 665 658 er
686 613 726 658 eo
755 596 941 669 efficiatur,
963 594 1044 653 satis
1073 608 1223 676 maguam
1252 596 1290 654 ia

133 676 264 736 virtute
282 672 326 736 ad
347 677 443 739 beate
464 678 645 740 vivendum
668 693 738 740 esse
756 679 840 755 vim,
865 677 1081 737 nihilominus
1104 675 1167 736 hoc
1188 684 1292 760 agunt

133 760 323 838 separatim,
345 761 494 842 propriis
517 758 605 822 enlm
628 768 661 823 et
681 763 750 823 suis
767 759 976 846 argumentis
998 767 1032 820 st
1052 757 1289 819 admonitionis

134 839 196 900 bus
218 841 390 902 tractanda
412 864 560 925 quaeque
582 864 636 905 res
659 852 718 919 est,
741 852 835 904 tanta
851 844 1063 925 praesertim.
1099 839 1186 901 Cave
1200 843 1290 904 enim

135 930 231 1003 putes
247 925 348 985 allam
363 928 396 985 iu
415 926 626 1006 philosophia
640 939 759 987 vocem
773 927 922 986 muissam
934 925 1123 999 clariorem,
1144 923 1291 984 ullam

136 1023 207 1066 esse
228 1006 463 1088 philosophiae
485 1008 688 1088 promissum
708 1009 845 1069 uberius
868 1016 927 1068 aut
941 1008 1058 1067 maius.
1102 1006 1189 1068 Nam
1210 1004 1292 1086 quid

134 1125 353 1143 u-'—--b———

206 1186 280 1245 Nam
299 1190 325 1245 el
344 1187 378 1244 de
397 1186 509 1242 honesto
528 1188 554 1243 el
572 1187 606 1245 de
624 1207 731 1244 suniam
750 1185 830 1255 hono]
866 1189 949 1242 Prius
968 1197 995 1243 et
1012 1191 1151 1243 omittunt
1170 1186 1244 1248 Gud.
1263 1186 1291 1248 Ξ.

135 1258 211 1316 lllon.
233 1264 257 1316 l.
284 1258 374 1315 Rehd.
403 1262 489 1316 lllarb.
514 1280 587 1315 unus
614 1259 665 1320 Ox.
696 1259 842 1321 scribitur
866 1260 1016 1330 separati
1042 1257 1073 1312 in
1101 1256 1169 1315 coi
1189 1261 1292 1331 uehi,

135 1333 301 1401 seperatim
324 1330 396 1386 ilasi
419 1348 495 1384 suas.
532 1333 597 1386 Alia
621 1335 705 1404 plane
737 1342 808 1386 esset
833 1333 975 1385 sententia
1001 1332 1025 1384 si
1051 1331 1108 1384 scri
1130 1342 1193 1385 tum
1219 1341 1292 1387 esset

137 1406 272 1471 separati,
292 1422 347 1473 qua
363 1404 544 1456 correctione
561 1402 656 1457 beavit
675 1404 726 1457 ille
735 1404 914 1461 Ciceronem.
932 1398 996 1456 Vid.
1006 1352 1155 1456 Doelechii
1168 1401 1289 1459 Dtsoh,

135 1476 209 1526 Lat.
230 1475 377 1527 Graium.
396 1492 423 1544 p.
445 1470 488 1530 ¹76.
526 1470 614 1528 Recte
631 1476 798 1530 Beroaldus:
826 1484 860 1527 ut
877 1476 909 1526 in
926 1474 992 1528 aliis
1009 1472 1093 1527 libris
1111 1483 1238 1529 tractent
1256 1472 1291 1530 de

133 1544 264 1610 honesto,
284 1546 316 1597 in
335 1544 398 1597 aliis
417 1542 452 1598 da
471 1544 688 1600 summobono:
708 1555 741 1598 ut
757 1563 887 1616 quaeque
906 1546 1027 1598 ressais
1046 1547 1224 1620 argumentis
1239 1564 1292 1600 ex·

132 1615 290 1687 plicantur.
327 1615 371 1669 Ad
398 1613 571 1670 sententiam
599 1619 637 1671 cf.
656 1618 765 1670 Bardili
789 1616 821 1669 in
838 1615 949 1669 Hauffii
967 1614 1109 1692 philolog.
1129 1619 1150 1670 l.
1171 1618 1197 1673 2.
1214 1636 1244 1688 p·
1263 1620 1291 1674 3·

135 1688 285 1761 -Pergit
313 1683 380 1740 Cod.
409 1682 494 1740 tina.
516 1693 539 1743 1.
564 1696 602 1743 at
624 1706 715 1760 qaam
741 1686 815 1742 lllon.
837 1688 862 1743 1.
887 1689 950 1741 sed
974 1704 1071 1758 qaum,
1101 1687 1133 1740 in
1155 1704 1213 1740 uno
1239 1683 1289 1742 Ox.
1333 1723 1335 1727 .

134 1756 209 1810 Gud.
229 1757 257 1814 2.
278 1766 307 1812 et
324 1752 419 1810 Duisb.
440 1760 521 1811 deest
538 1775 592 1825 exp
611 1763 686 1814 Mon.
708 1765 733 1814 l.
752 1758 839 1813 habet
856 1758 989 1825 efficiant,
1008 1777 1081 1812 unus
1100 1761 1150 1814 Ox.
1176 1755 1290 1825 efficiet.

135 1825 214 1881 Illud
232 1829 392 1882 correctori
410 1830 538 1895 debetur,
565 1830 616 1901 qui
635 1849 702 1884 cum
720 1847 787 1885 casu
805 1831 957 1884 excidisset
975 1828 1178 1900 compendium
1202 1831 1292 1901 sylla·

134 1899 187 1953 bae
212 1917 256 1964 ar,
282 1900 401 1952 verbum
427 1903 559 1970 sequenti
584 1909 673 1971 agani
700 1900 971 1956 accommodandum
998 1901 1184 1955 existimaret.
1221 1896 1290 1954 cod.

135 1970 230 2023 Duisb.
249 1989 277 2027 v.
300 1969 359 2044 *aim
383 1968 469 2024 habet
494 1982 559 2044 post
582 1990 724 2042 magnam.
752 1973 839 2025 lllarb.
859 1991 957 2025 rursus
976 1964 1154 2041 seperatim.
1192 1967 1247 2024 Per
1269 1974 1293 2026 't

135 2061 209 2094 unus
234 2040 284 2095 (ix.
303 2041 439 2110 ‘propriis
461 2046 620 2099 manibus
644 2045 729 2110 enim,
761 2062 775 2096 e
797 2043 879 2120 regia
905 2042 1018 2098 seilicet
1046 2043 1140 2118 glossa
1163 2058 1290 2114 recepe.

135 2112 209 2168 Gud.
230 2112 256 2166 2.
274 2113 385 2165 omittit
403 2115 486 2167 caiae.
508 2112 574 2169 cod.
595 2119 671 2169 Mon.
693 2062 823 2189 lshahet
838 2121 928 2184 palas.
950 2147 982 2158 —
1020 2104 1055 2167 ln
1081 2126 1156 2168 nova
1173 2110 1293 2168 Forcel·

133 2183 192 2238 lini
209 2178 263 2236 Ed.
284 2181 381 2238 Germ.
406 2200 435 2255 p.
454 2186 499 2243 68.
525 2189 612 2240 verba
630 2190 689 2242 sais
715 2185 955 2240 admonitionibus
978 2187 1171 2258 explicantur:
1201 2186 1292 2259 siguis

133 2256 164 2308 et
182 2248 306 2312 iudiciis.
344 2252 424 2310 Unus
445 2256 494 2310 Os.
513 2252 599 2311 babet
617 2259 836 2328 tractandoque
855 2272 903 2310 res
922 2263 973 2323 est,
1000 2255 1075 2310 Gud.
1095 2256 1121 2310 2.
1141 2254 1293 2309 tractanda

134 2338 223 2396 quae
249 2338 295 2379 tes
320 2333 376 2381 est:
415 2340 496 2380 causa
521 2331 628 2383 erroris
646 2330 806 2384 manifesta.
831 2328 920 2381 Rehd.
941 2329 1052 2381 omittit
1077 2333 1126 2379 est.
1160 2326 1244 2378 vind.
1266 2330 1291 2383 l.

132 2412 217 2450 voces
241 2403 322 2450 tanta
336 2400 511 2467 praesertim.
544 2399 588 2452 Ad
608 2414 636 2458 v.
661 2399 791 2470 propriis
813 2401 886 2453 emm
910 2405 938 2452 et
955 2401 1016 2453 sais
1040 2392 1078 2450 ci.
1099 2397 1291 2467 supra1.li.

135 2471 203 2524 1⁰9:
224 2475 317 2522 tamen
335 2469 396 2522 sais
415 2475 441 2522 et
457 2473 586 2541 propriis
604 2472 685 2526 banis
705 2500 738 2510 —
757 2485 811 2524 aaa
836 2476 942 2526 careat.
979 2468 1040 2523 Mc.

205 2534 282 2593 'Cave
301 2541 374 2593 enim
409 2547 470 2596 ates
487 2543 576 2596 allam
593 2545 627 2597 ia
637 2534 817 2614 philosophia
829 2541 930 2607 noceas]
950 2540 1085 2606 „Malim
1105 2538 1181 2610 quod
1200 2546 1241 2592 est
1260 2539 1292 2592 in

133 2606 316 2676 membranis,
335 2628 353 2662 a
368 2556 584 2684 philosophia.“
606 2612 643 2666 Α.
664 2612 767 2668 schoa.
787 2610 860 2666 ch.
881 2612 940 2666 Cic.
960 2631 989 2681 p.
1009 2615 1070 2668 389.
1117 2610 1219 2678 „Bene
1237 2608 1292 2664 Va-

133 2683 222 2735 tican.
243 2697 262 2734 a
280 2681 469 2752 Philosophia.
500 2686 532 2738 in
549 2683 608 2738 Pal.
629 2685 723 2755 quint.
743 2685 835 2738 omnis
852 2684 1028 2756 praepositio
1047 2682 1134 2735 deest.
1144 2683 1164 2712 “
1203 2679 1290 2736 Geth

137 2818 140 2823 ⁵
208 2748 303 2808 Uliam
320 2770 335 2806 a
351 2754 530 2825 philosophia
554 2757 656 2824 racem]
692 2755 797 2832 Vulgo,
825 2755 912 2808 allam
935 2756 966 2806 in
987 2748 1166 2824 philosophia
1188 2762 1290 2808 vocem.

134 2824 195 2879 Nos
213 2833 309 2877 autem
326 2824 418 2879 Vatic.
437 2820 550 2882 Codicis
567 2829 724 2880 lectionem
744 2827 921 2896 recepimus,
951 2825 1002 2878 hic
1029 2825 1117 2892 enim,
1143 2833 1177 2878 ut
1196 2825 1227 2877 in
1245 2838 1292 2881 se-

134 2895 287 2967 quentibus
305 2897 409 2962 verbis,
427 2903 677 2967 προςωποποιεΐ-ται
692 2898 803 2967 philoso
824 2898 882 2949 hia.
920 2896 956 2952 D.

204 2967 293 3019 allam
311 2982 329 3020 a
345 2965 522 3038 philosophia
538 2964 641 3034 aecem]
678 2968 732 3035 „A
756 2916 832 3020 elidi
849 2980 903 3038 pro
921 2966 961 3034 ih,
985 2975 1019 3019 ut
1031 2966 1118 3020 habet
1134 2965 1192 3020 MS.
1210 2960 1291 3018 vati-

127 3049 195 3091 can.
216 3037 407 3108 ediditque-et
416 3036 558 3093 Davisius:
578 3041 666 3112 idque
679 3040 783 3092 melius
796 3040 935 3092 contenit
949 3038 1036 3093 verbo
1056 3039 1197 3105 emittam,
1217 3038 1291 3092 item

132 3109 220 3164 alteri
276 3109 427 3177 ilosophioe
524 3110 652 3165 issam.“
669 3111 737 3163 Era.
1264 3171 1268 3180 ,

201 3179 246 3233 ta
260 3120 559 3252 philosophiahmlhnihi
577 3198 636 3237 non
653 3180 748 3257 rnagls‘
762 3192 848 3252 quam
857 3181 970 3237 Wolfio
989 3181 1021 3232 iu
1039 3180 1147 3235 scholis
1166 3190 1196 3235 ct
1207 3181 1291 3234 Orel-

132 3252 174 3304 lio
192 3253 384 3305 necessarium
401 3256 496 3307 ‘risum
516 3261 564 3307 est
583 3253 718 3324 recipere
736 3262 837 3306 contra
853 3252 996 3306 librorum
1015 3261 1045 3304 et
1063 3253 1242 3322 optimorum
1258 3259 1292 3304 et

131 3323 328 3394 plurimorum
346 3326 549 3379 auctoritatem
566 3326 642 3378 illud
659 3340 686 3391 a,
706 3333 749 3390 ut,
766 3341 854 3394 maan
871 3325 986 3377 volebat
1003 3323 1144 3389 Davisius,
1169 3323 1291 3394 prodeat

131 3399 353 3464 προςωποποιία.
375 3398 487 3452 liabent
505 3415 523 3451 a
541 3396 656 3449 nonnisi
674 3415 748 3449 unus
767 3398 818 3449 Ox.
836 3395 911 3469 Aug.
929 3395 1001 3448 Edd.
1022 3394 1105 3448 Schz.
1125 3394 1221 3450 Wolf.
1246 3394 1291 3458 (in

131 3466 186 3518 Ed.
209 3466 246 3532 1.)
266 3467 354 3519 Nobb.
375 3468 504 3538 itemque
522 3467 638 3520 lllanuh.
657 3467 720 3537 Bip.
740 3468 808 3520 Bill.
845 3469 899 3520 Pro
922 3474 1001 3534 palea
1029 3475 1071 3519 est
1097 3482 1137 3519 aa
1158 3472 1239 3534 pates
1257 3466 1291 3518 iti

133 3536 218 3591 Oodd.
239 3537 327 3590 Rebd.
348 3547 377 3591 et
395 3540 486 3605 (luds
507 3556 584 3592 nnus
604 3540 654 3592 Ox.
677 3539 768 3591 ,habet
785 3541 875 3591 allam
897 3535 1154 3607 philosophiae
1180 3554 1288 3591 uocem:

133 3609 211 3678 quod
230 3609 349 3662 debetur
367 3612 536 3676 correctori,
557 3611 608 3680 qui
626 3628 693 3663 cum
711 3618 832 3679 propter
849 3610 1017 3662 antecedens
1036 3626 1063 3661 m
1077 3609 1229 3663 excidisset
1247 3609 1288 3676 ia,

132 3681 307 3732 sententiam
324 3681 383 3733 loci
400 3683 492 3735 vellat
511 3683 673 3735 restituere.
711 3681 773 3733 Duo
792 3681 861 3734 oxn
883 3681 1020 3750 pessimae
1044 3690 1127 3739 uotae
1147 3681 1290 3735 omittunt

132 3754 271 3815 emissam.
300 3751 368 3806 Dav.
396 3753 428 3804 in
446 3753 500 3805 Ed·
520 3756 545 3808 2.
571 3754 633 3806 sine
660 3752 804 3804 librorum
827 3753 1008 3817 auctoritate,
1033 3754 1153 3805 fortasse
1172 3752 1289 3803 iubente

130 3823 273 3889 Bentlelo,
303 3821 393 3874 edidit
409 3840 501 3877 aecem
520 3826 649 3878 emissam
667 3825 865 3877 elatiorem.
902 3825 983 3876 Unus
1002 3825 1052 3875 Ox.
1074 3823 1185 3876 omittit
1200 3820 1291 3872 verba

131 3893 262 3948 amianas
280 3894 351 3946 clar.
370 3895 420 3946 all.
448 3911 508 3947 ease
525 3893 726 3964 philosophiae,
755 3895 832 3946 idem
859 3894 1001 3945 nimirum
1028 3894 1080 3961 qni
1096 3890 1183 3942 habet
1200 3891 1290 3942 allam

129 3963 326 4035 philosophiae
354 3976 463 4028 vocem
488 3967 563 4018 mbas
588 3967 637 4018 Ox.
665 3964 751 4018 habet
775 3964 925 4026 clariore;
962 3964 1034 4014 alius
1055 3957 1291 4029 philosophia

128 4037 310 4106 proraiam
348 4039 414 4089 Mox
435 4035 511 4089 (lud.
536 4043 640 4106 atque
663 4037 763 4089 maias.
802 4038 867 4087 Post
889 4033 983 4085 asaias
1002 4033 1086 4084 Codd.
1113 4033 1188 4085 Mon.
1211 4034 1289 4082 Lat

131 4107 207 4182 Aug.
233 4109 309 4161 heus
331 4108 439 4161 habeut
461 4107 584 4182 glossam
608 4109 639 4158 iu
664 4107 818 4160 contextis:
851 4121 931 4175 qaam
959 4103 1026 4155 haec
1040 4115 1097 4154 'aaa
1120 4109 1162 4155 eet
1178 4100 1289 4154 scilicet

131 4178 216 4253 [Aug.
237 4179 310 4245 sili,]
334 4180 472 4233 virtatem
494 4177 564 4231 satis
588 4193 669 4246 posse
693 4179 731 4230 ad
754 4178 830 4230 beate
854 4175 1006 4228 uisendam
1049 4175 1177 4227 Eandem
1203 4173 1289 4227 habet

131 4251 186 4303 Ed.
207 4252 248 4316 P,
266 4252 317 4304 ssd
329 4253 521 4320 chantapia
540 4248 679 4301 virtatem.
717 4250 777 4301 Mr.

199 4325 390 4392 perfecturam
407 4340 446 4390 se,
466 4321 640 4392 paiiegilas
656 4319 716 4372 assis
738 4317 904 4388 paruisset}
941 4316 1002 4383 „ln
1025 4315 1082 4370 MS.
1110 4325 1167 4370 est:
1194 4317 1289 4382 effe-

131 4400 243 4449 aarum
261 4412 291 4448 aa
308 4393 355 4462 ei,
374 4397 421 4463 qai
440 4412 488 4460 ως
512 4404 567 4464 pro
591 4409 649 4464 qtae
670 4392 783 4466 vulgati
801 4390 918 4462 quidam
945 4387 1080 4444 mendose
1098 4387 1205 4442 habent
1222 4402 1288 4457 pte·-
