<?xml version="1.0" encoding="UTF-8"?>
<!DOCTYPE html PUBLIC "-//W3C//DTD XHTML 1.0 Transitional//EN"
    "http://www.w3.org/TR/xhtml1/DTD/xhtml1-transitional.dtd">
<html xmlns="http://www.w3.org/1999/xhtml" xml:lang="en" lang="en">
 <head>
  <title>
</title>
<meta http-equiv="Content-Type" content="text/html;charset=utf-8" />
  <meta name='ocr-system' content='tesseract 3.04.00' />
  <meta name='ocr-capabilities' content='ocr_page ocr_carea ocr_par ocr_line ocrx_word'/>
</head>
<body>
  <div class='ocr_page' id='page_1' title='image "./mtulliiciceroni02davigoog/mtulliiciceroni02davigoog_0208.png"; bbox 0 0 2856 5084; ppageno 0'>
   <div class='ocr_carea' id='block_1_1' title="bbox 582 288 1293 365">
    <p class='ocr_par' dir='ltr' id='par_1_1' title="bbox 582 288 1293 365">
     <span class='ocr_line' id='line_1_1' title="bbox 582 288 1293 365; baseline 0.011 -12"><span class='ocrx_word' id='word_1_1' title='bbox 582 288 713 355; x_wconf 72' lang='lat' dir='ltr'>LIBER</span> <span class='ocrx_word' id='word_1_2' title='bbox 734 290 779 365; x_wconf 79' lang='lat' dir='ltr'><strong>V,</strong></span> <span class='ocrx_word' id='word_1_3' title='bbox 806 289 871 357; x_wconf 73' lang='grc'><strong>37.</strong></span> <span class='ocrx_word' id='word_1_4' title='bbox 1007 326 1010 331; x_wconf 92' lang='grc'>·</span> <span class='ocrx_word' id='word_1_5' title='bbox 1231 295 1293 361; x_wconf 71' lang='grc'><strong>231</strong></span> 
     </span>
    </p>
   </div>
   <div class='ocr_carea' id='block_1_2' title="bbox 140 454 1292 786">
    <p class='ocr_par' dir='ltr' id='par_1_2' title="bbox 140 454 1292 786">
     <span class='ocr_line' id='line_1_2' title="bbox 143 454 1292 582; baseline -0.006 -62"><span class='ocrx_word' id='word_1_6' title='bbox 143 455 288 556; x_wconf 67' lang='lat' dir='ltr'><strong>nominis</strong></span> <span class='ocrx_word' id='word_1_7' title='bbox 309 456 511 582; x_wconf 64' lang='lat' dir='ltr'><strong>quaprimus,</strong></span> <span class='ocrx_word' id='word_1_8' title='bbox 534 465 693 538; x_wconf 84' lang='lat' dir='ltr'><strong>quantum</strong></span> <span class='ocrx_word' id='word_1_9' title='bbox 715 454 849 555; x_wconf 76' lang='lat' dir='ltr'><strong>densans</strong></span> <span class='ocrx_word' id='word_1_10' title='bbox 866 474 890 518; x_wconf 82' lang='lat' dir='ltr'><strong>a</strong></span> <span class='ocrx_word' id='word_1_11' title='bbox 907 459 1292 559; x_wconf 45' lang='lat' dir='ltr'><strong>.perpetuapc·reprins.</strong></span> 
     </span>
     <span class='ocr_line' id='line_1_3' title="bbox 142 537 1292 703; baseline -0.006 -20"><span class='ocrx_word' id='word_1_12' title='bbox 142 537 1192 703; x_wconf 51' lang='lat' dir='ltr'><strong>titillat·attha?*ttlllhllzli&#39;fflzhit</strong></span> <span class='ocrx_word' id='word_1_13' title='bbox 1209 560 1292 688; x_wconf 71' lang='lat' dir='ltr'><strong>il]</strong></span> 
     </span>
     <span class='ocr_line' id='line_1_4' title="bbox 140 700 1290 786; baseline 0.002 -20"><span class='ocrx_word' id='word_1_14' title='bbox 140 704 288 782; x_wconf 78' lang='lat' dir='ltr'><strong>stoteles,</strong></span> <span class='ocrx_word' id='word_1_15' title='bbox 310 703 574 786; x_wconf 80' lang='lat' dir='ltr'><strong>Theophrastus,</strong></span> <span class='ocrx_word' id='word_1_16' title='bbox 598 701 705 783; x_wconf 86' lang='lat' dir='ltr'>Zeno,</span> <span class='ocrx_word' id='word_1_17' title='bbox 727 701 915 780; x_wconf 84' lang='lat' dir='ltr'><strong>Cleanthes,</strong></span> <span class='ocrx_word' id='word_1_18' title='bbox 945 700 1166 786; x_wconf 75' lang='lat' dir='ltr'><strong>Chrysippus,</strong></span> <span class='ocrx_word' id='word_1_19' title='bbox 1194 704 1290 768; x_wconf 84' lang='lat' dir='ltr'><strong>Anti-</strong></span> 
     </span>
    </p>
   </div>
   <div class='ocr_carea' id='block_1_3' title="bbox 137 889 1290 1250">
    <p class='ocr_par' dir='ltr' id='par_1_3' title="bbox 137 889 1290 1102">
     <span class='ocr_line' id='line_1_5' title="bbox 210 889 1290 963; baseline 0 -19"><span class='ocrx_word' id='word_1_20' title='bbox 210 898 342 962; x_wconf 63' lang='lat' dir='ltr'><strong>wentam</strong></span> <span class='ocrx_word' id='word_1_21' title='bbox 360 893 467 946; x_wconf 73' lang='lat' dir='ltr'><strong>demant</strong></span> <span class='ocrx_word' id='word_1_22' title='bbox 483 907 504 944; x_wconf 83' lang='lat' dir='ltr'><strong>c</strong></span> <span class='ocrx_word' id='word_1_23' title='bbox 519 895 653 960; x_wconf 77' lang='lat' dir='ltr'><strong>perpetua</strong></span> <span class='ocrx_word' id='word_1_24' title='bbox 670 891 895 961; x_wconf 81' lang='lat' dir='ltr'><strong>peregrinatione</strong></span> <span class='ocrx_word' id='word_1_25' title='bbox 914 889 1049 958; x_wconf 69' lang='lat' dir='ltr'><strong>ditionii]</strong></span> <span class='ocrx_word' id='word_1_26' title='bbox 1085 892 1199 958; x_wconf 67' lang='lat' dir='ltr'><strong>„Palen</strong></span> <span class='ocrx_word' id='word_1_27' title='bbox 1218 908 1290 963; x_wconf 80' lang='lat' dir='ltr'><strong>qus·</strong></span> 
     </span>
     <span class='ocr_line' id='line_1_6' title="bbox 137 959 1289 1032; baseline 0.001 -17"><span class='ocrx_word' id='word_1_28' title='bbox 137 970 206 1015; x_wconf 80' lang='lat' dir='ltr'><strong>tuor</strong></span> <span class='ocrx_word' id='word_1_29' title='bbox 228 963 339 1032; x_wconf 85' lang='lat' dir='ltr'><strong>priores</strong></span> <span class='ocrx_word' id='word_1_30' title='bbox 364 969 495 1032; x_wconf 79' lang='lat' dir='ltr'><strong>qnantum</strong></span> <span class='ocrx_word' id='word_1_31' title='bbox 516 962 620 1016; x_wconf 65' lang='lat' dir='ltr'><strong>donna</strong></span> <span class='ocrx_word' id='word_1_32' title='bbox 645 959 710 1028; x_wconf 80' lang='lat' dir='ltr'><strong>(vel</strong></span> <span class='ocrx_word' id='word_1_33' title='bbox 736 961 871 1031; x_wconf 81' lang='lat' dir='ltr'><strong>dampna)</strong></span> <span class='ocrx_word' id='word_1_34' title='bbox 893 964 1031 1032; x_wconf 76' lang='lat' dir='ltr'><strong>perpetua</strong></span> <span class='ocrx_word' id='word_1_35' title='bbox 1052 961 1200 1030; x_wconf 78' lang='lat' dir='ltr'><strong>peregrin-</strong></span> <span class='ocrx_word' id='word_1_36' title='bbox 1227 965 1289 1030; x_wconf 76' lang='lat' dir='ltr'><strong>diff.</strong></span> 
     </span>
     <span class='ocr_line' id='line_1_7' title="bbox 138 1031 1018 1102; baseline 0 -17"><span class='ocrx_word' id='word_1_37' title='bbox 138 1035 265 1089; x_wconf 73' lang='lat' dir='ltr'><strong>vatican.</strong></span> <span class='ocrx_word' id='word_1_38' title='bbox 285 1041 415 1100; x_wconf 79' lang='lat' dir='ltr'><strong>pnanlnrn</strong></span> <span class='ocrx_word' id='word_1_39' title='bbox 434 1035 535 1086; x_wconf 83' lang='lat' dir='ltr'><strong>damna</strong></span> <span class='ocrx_word' id='word_1_40' title='bbox 553 1049 573 1085; x_wconf 83' lang='lat' dir='ltr'><strong>a</strong></span> <span class='ocrx_word' id='word_1_41' title='bbox 588 1049 665 1101; x_wconf 86' lang='lat' dir='ltr'><strong>perp.</strong></span> <span class='ocrx_word' id='word_1_42' title='bbox 683 1049 794 1102; x_wconf 75' lang='lat' dir='ltr'><strong>peregr.</strong></span> <span class='ocrx_word' id='word_1_43' title='bbox 814 1031 898 1099; x_wconf 74' lang='lat' dir='ltr'><strong>diff.“</strong></span> <span class='ocrx_word' id='word_1_44' title='bbox 935 1031 1018 1086; x_wconf 84' lang='lat' dir='ltr'><strong>Gehh.</strong></span> 
     </span>
    </p>

    <p class='ocr_par' dir='ltr' id='par_1_4' title="bbox 139 1103 1290 1250">
     <span class='ocr_line' id='line_1_8' title="bbox 211 1103 1290 1178; baseline -0.002 -18"><span class='ocrx_word' id='word_1_45' title='bbox 211 1105 349 1160; x_wconf 79' lang='lat' dir='ltr'><strong>Quantam</strong></span> <span class='ocrx_word' id='word_1_46' title='bbox 374 1105 490 1156; x_wconf 86' lang='lat' dir='ltr'><strong>demum</strong></span> <span class='ocrx_word' id='word_1_47' title='bbox 521 1121 538 1154; x_wconf 85' lang='lat' dir='ltr'><strong>a</strong></span> <span class='ocrx_word' id='word_1_48' title='bbox 557 1104 708 1174; x_wconf 81' lang='lat' dir='ltr'><strong>perpetua]</strong></span> <span class='ocrx_word' id='word_1_49' title='bbox 749 1106 820 1178; x_wconf 79' lang='lat' dir='ltr'><strong>Reg.</strong></span> <span class='ocrx_word' id='word_1_50' title='bbox 849 1103 995 1156; x_wconf 86' lang='lat' dir='ltr'><strong>Pithaean.</strong></span> <span class='ocrx_word' id='word_1_51' title='bbox 1025 1111 1056 1156; x_wconf 89' lang='lat' dir='ltr'><strong>et</strong></span> <span class='ocrx_word' id='word_1_52' title='bbox 1081 1104 1135 1156; x_wconf 84' lang='lat' dir='ltr'><strong>alii</strong></span> <span class='ocrx_word' id='word_1_53' title='bbox 1160 1104 1290 1172; x_wconf 73' lang='lat' dir='ltr'><strong>Codices,</strong></span> 
     </span>
     <span class='ocr_line' id='line_1_9' title="bbox 139 1175 1289 1250; baseline 0.003 -23"><span class='ocrx_word' id='word_1_54' title='bbox 139 1181 272 1244; x_wconf 78' lang='lat' dir='ltr'><strong>queniam</strong></span> <span class='ocrx_word' id='word_1_55' title='bbox 290 1175 392 1226; x_wconf 82' lang='lat' dir='ltr'><strong>damna</strong></span> <span class='ocrx_word' id='word_1_56' title='bbox 406 1179 549 1244; x_wconf 82' lang='lat' dir='ltr'><strong>perpetua.</strong></span> <span class='ocrx_word' id='word_1_57' title='bbox 587 1177 664 1250; x_wconf 79' lang='lat' dir='ltr'><strong>Lege</strong></span> <span class='ocrx_word' id='word_1_58' title='bbox 682 1179 816 1244; x_wconf 71' lang='lat' dir='ltr'><strong>quonlam</strong></span> <span class='ocrx_word' id='word_1_59' title='bbox 832 1175 948 1228; x_wconf 87' lang='lat' dir='ltr'><strong>tandem</strong></span> <span class='ocrx_word' id='word_1_60' title='bbox 966 1180 1135 1243; x_wconf 82' lang='lat' dir='ltr'><strong>apcrpelna</strong></span> <span class='ocrx_word' id='word_1_61' title='bbox 1160 1184 1216 1228; x_wconf 88' lang='lat' dir='ltr'><strong>etc.</strong></span> <span class='ocrx_word' id='word_1_62' title='bbox 1252 1177 1289 1230; x_wconf 88' lang='lat' dir='ltr'><strong>D.</strong></span> 
     </span>
    </p>
   </div>
   <div class='ocr_carea' id='block_1_4' title="bbox 124 1261 1291 2656">
    <p class='ocr_par' dir='ltr' id='par_1_5' title="bbox 124 1261 1291 2656">
     <span class='ocr_line' id='line_1_10' title="bbox 211 1261 1291 1335; baseline 0.006 -22"><span class='ocrx_word' id='word_1_63' title='bbox 211 1268 343 1331; x_wconf 83' lang='lat' dir='ltr'><strong>qnantum</strong></span> <span class='ocrx_word' id='word_1_64' title='bbox 361 1263 490 1316; x_wconf 82' lang='lat' dir='ltr'><strong>demum</strong></span> <span class='ocrx_word' id='word_1_65' title='bbox 511 1278 624 1334; x_wconf 86' lang='lat' dir='ltr'><strong>apsrp.</strong></span> <span class='ocrx_word' id='word_1_66' title='bbox 641 1279 754 1332; x_wconf 70' lang='lat' dir='ltr'><strong>perege.</strong></span> <span class='ocrx_word' id='word_1_67' title='bbox 783 1261 857 1331; x_wconf 60' lang='lat' dir='ltr'><strong>dipl]</strong></span> <span class='ocrx_word' id='word_1_68' title='bbox 893 1265 917 1316; x_wconf 85' lang='lat' dir='ltr'>L</span> <span class='ocrx_word' id='word_1_69' title='bbox 956 1261 1017 1315; x_wconf 87' lang='lat' dir='ltr'><strong>itur</strong></span> <span class='ocrx_word' id='word_1_70' title='bbox 1040 1263 1142 1316; x_wconf 79' lang='lat' dir='ltr'><strong>damna</strong></span> <span class='ocrx_word' id='word_1_71' title='bbox 1165 1280 1220 1335; x_wconf 86' lang='lat' dir='ltr'><strong>pro</strong></span> <span class='ocrx_word' id='word_1_72' title='bbox 1243 1266 1291 1320; x_wconf 81' lang='lat' dir='ltr'><strong>‹le-</strong></span> 
     </span>
     <span class='ocr_line' id='line_1_11' title="bbox 138 1332 1289 1409; baseline 0.003 -25"><span class='ocrx_word' id='word_1_73' title='bbox 138 1341 208 1384; x_wconf 86' lang='lat' dir='ltr'><strong>mom</strong></span> <span class='ocrx_word' id='word_1_74' title='bbox 234 1347 252 1384; x_wconf 91' lang='lat' dir='ltr'><strong>a</strong></span> <span class='ocrx_word' id='word_1_75' title='bbox 276 1333 308 1384; x_wconf 86' lang='lat' dir='ltr'><strong>in</strong></span> <span class='ocrx_word' id='word_1_76' title='bbox 331 1334 422 1387; x_wconf 81' lang='lat' dir='ltr'><strong>tribus</strong></span> <span class='ocrx_word' id='word_1_77' title='bbox 447 1333 535 1386; x_wconf 81' lang='lat' dir='ltr'><strong>etiarn</strong></span> <span class='ocrx_word' id='word_1_78' title='bbox 559 1335 628 1387; x_wconf 77' lang='lat' dir='ltr'><strong>Oxx.</strong></span> <span class='ocrx_word' id='word_1_79' title='bbox 653 1336 722 1409; x_wconf 77' lang='lat' dir='ltr'><strong>Reg.</strong></span> <span class='ocrx_word' id='word_1_80' title='bbox 744 1334 817 1388; x_wconf 87' lang='lat' dir='ltr'><strong>Gud.</strong></span> <span class='ocrx_word' id='word_1_81' title='bbox 838 1338 863 1390; x_wconf 92' lang='lat'><strong>1.</strong></span> <span class='ocrx_word' id='word_1_82' title='bbox 880 1337 908 1389; x_wconf 75' lang='lat' dir='ltr'><strong>l.</strong></span> <span class='ocrx_word' id='word_1_83' title='bbox 971 1332 999 1386; x_wconf 87' lang='lat' dir='ltr'><strong>ie</strong></span> <span class='ocrx_word' id='word_1_84' title='bbox 1018 1333 1148 1402; x_wconf 81' lang='lat' dir='ltr'><strong>dampna]</strong></span> <span class='ocrx_word' id='word_1_85' title='bbox 1167 1337 1241 1388; x_wconf 84' lang='lat' dir='ltr'><strong>Mon.</strong></span> <span class='ocrx_word' id='word_1_86' title='bbox 1264 1340 1289 1391; x_wconf 90' lang='lat'><strong>1.</strong></span> 
     </span>
     <span class='ocr_line' id='line_1_12' title="bbox 138 1403 1288 1475; baseline 0.003 -19"><span class='ocrx_word' id='word_1_87' title='bbox 138 1403 246 1461; x_wconf 52' lang='lat' dir='ltr'><strong>hiarba</strong></span> <span class='ocrx_word' id='word_1_88' title='bbox 264 1404 354 1456; x_wconf 88' lang='lat' dir='ltr'><strong>Rehd.</strong></span> <span class='ocrx_word' id='word_1_89' title='bbox 373 1405 458 1458; x_wconf 86' lang='lat' dir='ltr'><strong>habet</strong></span> <span class='ocrx_word' id='word_1_90' title='bbox 476 1405 599 1460; x_wconf 81' lang='lat' dir='ltr'><strong>dannari</strong></span> <span class='ocrx_word' id='word_1_91' title='bbox 617 1422 635 1458; x_wconf 88' lang='lat' dir='ltr'><strong>a</strong></span> <span class='ocrx_word' id='word_1_92' title='bbox 652 1421 742 1475; x_wconf 79' lang='lat' dir='ltr'><strong>perp,</strong></span> <span class='ocrx_word' id='word_1_93' title='bbox 762 1403 835 1458; x_wconf 87' lang='lat' dir='ltr'><strong>Gud.</strong></span> <span class='ocrx_word' id='word_1_94' title='bbox 856 1403 989 1458; x_wconf 86' lang='lat' dir='ltr'><strong>etDuisb.</strong></span> <span class='ocrx_word' id='word_1_95' title='bbox 1011 1404 1152 1456; x_wconf 87' lang='lat' dir='ltr'><strong>omittunt</strong></span> <span class='ocrx_word' id='word_1_96' title='bbox 1169 1406 1288 1459; x_wconf 84' lang='lat' dir='ltr'><strong>demum.</strong></span> 
     </span>
     <span class='ocr_line' id='line_1_13' title="bbox 139 1472 1288 1547; baseline 0.003 -23"><span class='ocrx_word' id='word_1_97' title='bbox 139 1472 225 1527; x_wconf 86' lang='lat' dir='ltr'><strong>Nihil</strong></span> <span class='ocrx_word' id='word_1_98' title='bbox 243 1482 339 1527; x_wconf 88' lang='lat' dir='ltr'><strong>autem</strong></span> <span class='ocrx_word' id='word_1_99' title='bbox 358 1492 416 1527; x_wconf 90' lang='lat' dir='ltr'><strong>esse</strong></span> <span class='ocrx_word' id='word_1_100' title='bbox 434 1477 601 1529; x_wconf 86' lang='lat' dir='ltr'><strong>mutandum</strong></span> <span class='ocrx_word' id='word_1_101' title='bbox 626 1476 708 1530; x_wconf 86' lang='lat' dir='ltr'><strong>docet</strong></span> <span class='ocrx_word' id='word_1_102' title='bbox 727 1475 854 1534; x_wconf 83' lang='lat' dir='ltr'><strong>Handius</strong></span> <span class='ocrx_word' id='word_1_103' title='bbox 880 1475 911 1526; x_wconf 89' lang='lat' dir='ltr'><strong>in</strong></span> <span class='ocrx_word' id='word_1_104' title='bbox 928 1474 1094 1528; x_wconf 84' lang='lat' dir='ltr'><strong>Tursellino</strong></span> <span class='ocrx_word' id='word_1_105' title='bbox 1113 1475 1152 1528; x_wconf 90' lang='lat'><strong>11.</strong></span> <span class='ocrx_word' id='word_1_106' title='bbox 1177 1494 1206 1547; x_wconf 85' lang='lat' dir='ltr'><strong>p.</strong></span> <span class='ocrx_word' id='word_1_107' title='bbox 1226 1479 1288 1534; x_wconf 80' lang='lat'><strong>259.</strong></span> 
     </span>
     <span class='ocr_line' id='line_1_14' title="bbox 137 1543 1290 1609; baseline 0.004 -13"><span class='ocrx_word' id='word_1_108' title='bbox 137 1560 265 1609; x_wconf 87' lang='lat' dir='ltr'><strong>monens,</strong></span> <span class='ocrx_word' id='word_1_109' title='bbox 286 1553 366 1597; x_wconf 85' lang='lat' dir='ltr'><strong>extra</strong></span> <span class='ocrx_word' id='word_1_110' title='bbox 385 1546 496 1599; x_wconf 87' lang='lat' dir='ltr'><strong>interro</strong></span> <span class='ocrx_word' id='word_1_111' title='bbox 518 1546 644 1599; x_wconf 87' lang='lat' dir='ltr'><strong>ationem</strong></span> <span class='ocrx_word' id='word_1_112' title='bbox 662 1547 809 1599; x_wconf 87' lang='lat' dir='ltr'><strong>dicturum</strong></span> <span class='ocrx_word' id='word_1_113' title='bbox 826 1545 914 1598; x_wconf 80' lang='lat' dir='ltr'><strong>fuisse</strong></span> <span class='ocrx_word' id='word_1_114' title='bbox 933 1545 1115 1600; x_wconf 80' lang='lat' dir='ltr'><strong>Ciceronem:</strong></span> <span class='ocrx_word' id='word_1_115' title='bbox 1144 1543 1172 1597; x_wconf 85' lang='lat' dir='ltr'><strong>si</strong></span> <span class='ocrx_word' id='word_1_116' title='bbox 1195 1562 1290 1601; x_wconf 73' lang='lat' dir='ltr'><strong>cmm</strong></span> 
     </span>
     <span class='ocr_line' id='line_1_15' title="bbox 137 1614 1290 1684; baseline 0.004 -18"><span class='ocrx_word' id='word_1_117' title='bbox 137 1621 267 1668; x_wconf 81' lang='lat' dir='ltr'><strong>naturam</strong></span> <span class='ocrx_word' id='word_1_118' title='bbox 286 1615 452 1684; x_wconf 77' lang='lat' dir='ltr'><strong>quaerimus,</strong></span> <span class='ocrx_word' id='word_1_119' title='bbox 473 1619 504 1669; x_wconf 88' lang='lat' dir='ltr'><strong>ni</strong></span> <span class='ocrx_word' id='word_1_120' title='bbox 528 1616 546 1670; x_wconf 84' lang='lat' dir='ltr'><strong>‘l</strong></span> <span class='ocrx_word' id='word_1_121' title='bbox 564 1618 691 1670; x_wconf 82' lang='lat' dir='ltr'><strong>demum</strong></span> <span class='ocrx_word' id='word_1_122' title='bbox 719 1614 751 1682; x_wconf 92' lang='lat' dir='ltr'><strong>[i.</strong></span> <span class='ocrx_word' id='word_1_123' title='bbox 773 1634 798 1669; x_wconf 90' lang='lat' dir='ltr'><strong>e.</strong></span> <span class='ocrx_word' id='word_1_124' title='bbox 818 1633 851 1669; x_wconf 87' lang='lat' dir='ltr'><strong>re</strong></span> <span class='ocrx_word' id='word_1_125' title='bbox 869 1634 947 1684; x_wconf 83' lang='lat' dir='ltr'><strong>vers,</strong></span> <span class='ocrx_word' id='word_1_126' title='bbox 966 1615 1012 1681; x_wconf 81' lang='grc' dir='ltr'><strong>δή]</strong></span> <span class='ocrx_word' id='word_1_127' title='bbox 1041 1614 1139 1681; x_wconf 71' lang='lat' dir='ltr'><strong>differi</strong></span> <span class='ocrx_word' id='word_1_128' title='bbox 1156 1617 1290 1671; x_wconf 79' lang='lat' dir='ltr'><strong>exsilium</strong></span> 
     </span>
     <span class='ocr_line' id='line_1_16' title="bbox 137 1684 1288 1754; baseline 0.005 -18"><span class='ocrx_word' id='word_1_129' title='bbox 137 1701 156 1737; x_wconf 86' lang='lat' dir='ltr'><strong>a</strong></span> <span class='ocrx_word' id='word_1_130' title='bbox 171 1692 305 1753; x_wconf 81' lang='lat' dir='ltr'><strong>perpetua</strong></span> <span class='ocrx_word' id='word_1_131' title='bbox 320 1687 561 1754; x_wconf 79' lang='lat' dir='ltr'><strong>peregrinatione.</strong></span> <span class='ocrx_word' id='word_1_132' title='bbox 600 1686 670 1739; x_wconf 87' lang='lat' dir='ltr'><strong>Add.</strong></span> <span class='ocrx_word' id='word_1_133' title='bbox 689 1687 761 1740; x_wconf 82' lang='lat' dir='ltr'><strong>Ern.</strong></span> <span class='ocrx_word' id='word_1_134' title='bbox 783 1684 861 1740; x_wconf 84' lang='lat' dir='ltr'><strong>Clav.</strong></span> <span class='ocrx_word' id='word_1_135' title='bbox 882 1688 940 1741; x_wconf 80' lang='lat' dir='ltr'><strong>Cic.</strong></span> <span class='ocrx_word' id='word_1_136' title='bbox 961 1686 1102 1740; x_wconf 83' lang='lat' dir='ltr'><strong>Goerenz.</strong></span> <span class='ocrx_word' id='word_1_137' title='bbox 1122 1686 1157 1739; x_wconf 89' lang='lat' dir='ltr'><strong>ad</strong></span> <span class='ocrx_word' id='word_1_138' title='bbox 1175 1686 1233 1740; x_wconf 83' lang='lat' dir='ltr'><strong>Cic.</strong></span> <span class='ocrx_word' id='word_1_139' title='bbox 1254 1689 1288 1742; x_wconf 91' lang='lat' dir='ltr'><strong>de</strong></span> 
     </span>
     <span class='ocr_line' id='line_1_17' title="bbox 135 1756 1287 1830; baseline 0.003 -22"><span class='ocrx_word' id='word_1_140' title='bbox 135 1757 225 1830; x_wconf 79' lang='lat' dir='ltr'><strong>Legg.</strong></span> <span class='ocrx_word' id='word_1_141' title='bbox 245 1758 297 1809; x_wconf 91' lang='lat'><strong>111.</strong></span> <span class='ocrx_word' id='word_1_142' title='bbox 319 1761 361 1811; x_wconf 77' lang='lat'><strong>17.</strong></span> <span class='ocrx_word' id='word_1_143' title='bbox 378 1761 426 1813; x_wconf 82' lang='grc'><strong>38.</strong></span> <span class='ocrx_word' id='word_1_144' title='bbox 446 1775 473 1827; x_wconf 84' lang='lat' dir='ltr'><strong>p.</strong></span> <span class='ocrx_word' id='word_1_145' title='bbox 493 1761 555 1815; x_wconf 81' lang='lat'><strong>269.</strong></span> <span class='ocrx_word' id='word_1_146' title='bbox 574 1757 732 1812; x_wconf 84' lang='lat' dir='ltr'><strong>Foroellin.</strong></span> <span class='ocrx_word' id='word_1_147' title='bbox 762 1776 783 1810; x_wconf 90' lang='lat' dir='ltr'><strong>s.</strong></span> <span class='ocrx_word' id='word_1_148' title='bbox 800 1775 828 1808; x_wconf 82' lang='lat' dir='ltr'><strong>v.</strong></span> <span class='ocrx_word' id='word_1_149' title='bbox 848 1756 883 1813; x_wconf 84' lang='grc' dir='ltr'><strong>Τ.</strong></span> <span class='ocrx_word' id='word_1_150' title='bbox 903 1759 941 1811; x_wconf 89' lang='lat'><strong>11.</strong></span> <span class='ocrx_word' id='word_1_151' title='bbox 961 1775 989 1827; x_wconf 91' lang='lat' dir='ltr'><strong>p.</strong></span> <span class='ocrx_word' id='word_1_152' title='bbox 1008 1759 1051 1811; x_wconf 82' lang='lat'><strong>41.</strong></span> <span class='ocrx_word' id='word_1_153' title='bbox 1070 1775 1094 1808; x_wconf 85' lang='lat' dir='ltr'><strong>a.</strong></span> <span class='ocrx_word' id='word_1_154' title='bbox 1111 1756 1166 1810; x_wconf 83' lang='lat' dir='ltr'><strong>Ed.</strong></span> <span class='ocrx_word' id='word_1_155' title='bbox 1188 1757 1287 1812; x_wconf 85' lang='lat' dir='ltr'><strong>Germ.</strong></span> 
     </span>
     <span class='ocr_line' id='line_1_18' title="bbox 135 1825 1289 1898; baseline 0.002 -18"><span class='ocrx_word' id='word_1_156' title='bbox 135 1827 217 1880; x_wconf 89' lang='lat' dir='ltr'><strong>Unus</strong></span> <span class='ocrx_word' id='word_1_157' title='bbox 236 1827 285 1878; x_wconf 82' lang='lat' dir='ltr'><strong>Ox.</strong></span> <span class='ocrx_word' id='word_1_158' title='bbox 303 1825 389 1880; x_wconf 84' lang='lat' dir='ltr'><strong>habet</strong></span> <span class='ocrx_word' id='word_1_159' title='bbox 415 1829 558 1893; x_wconf 74' lang='lat' dir='ltr'><strong>differunt.</strong></span> <span class='ocrx_word' id='word_1_160' title='bbox 596 1827 753 1898; x_wconf 82' lang='lat' dir='ltr'><strong>Sequentia</strong></span> <span class='ocrx_word' id='word_1_161' title='bbox 774 1826 862 1879; x_wconf 86' lang='lat' dir='ltr'><strong>habet</strong></span> <span class='ocrx_word' id='word_1_162' title='bbox 879 1828 924 1881; x_wconf 88' lang='lat' dir='ltr'><strong>Jo.</strong></span> <span class='ocrx_word' id='word_1_163' title='bbox 943 1827 1072 1880; x_wconf 90' lang='lat' dir='ltr'><strong>Valensis</strong></span> <span class='ocrx_word' id='word_1_164' title='bbox 1099 1825 1130 1879; x_wconf 91' lang='lat' dir='ltr'><strong>in</strong></span> <span class='ocrx_word' id='word_1_165' title='bbox 1147 1827 1289 1898; x_wconf 75' lang='lat' dir='ltr'><strong>Compen-</strong></span> 
     </span>
     <span class='ocr_line' id='line_1_19' title="bbox 136 1895 1288 1968; baseline 0.003 -19"><span class='ocrx_word' id='word_1_166' title='bbox 136 1895 267 1964; x_wconf 87' lang='lat' dir='ltr'><strong>diloquio</strong></span> <span class='ocrx_word' id='word_1_167' title='bbox 289 1914 318 1965; x_wconf 87' lang='lat' dir='ltr'><strong>p.</strong></span> <span class='ocrx_word' id='word_1_168' title='bbox 334 1899 398 1952; x_wconf 73' lang='lat'><strong>218.</strong></span> <span class='ocrx_word' id='word_1_169' title='bbox 422 1897 448 1950; x_wconf 81' lang='lat' dir='ltr'><strong>b.</strong></span> <span class='ocrx_word' id='word_1_170' title='bbox 474 1899 523 1950; x_wconf 87' lang='lat' dir='ltr'><strong>sed</strong></span> <span class='ocrx_word' id='word_1_171' title='bbox 549 1897 590 1949; x_wconf 88' lang='lat' dir='ltr'><strong>ita</strong></span> <span class='ocrx_word' id='word_1_172' title='bbox 614 1900 793 1968; x_wconf 81' lang='lat' dir='ltr'><strong>aliquantum</strong></span> <span class='ocrx_word' id='word_1_173' title='bbox 818 1907 968 1968; x_wconf 81' lang='lat' dir='ltr'><strong>corrupta:</strong></span> <span class='ocrx_word' id='word_1_174' title='bbox 1002 1897 1036 1949; x_wconf 90' lang='lat' dir='ltr'><strong>ln</strong></span> <span class='ocrx_word' id='word_1_175' title='bbox 1056 1897 1288 1966; x_wconf 78' lang='lat' dir='ltr'><strong>peregrinatione</strong></span> 
     </span>
     <span class='ocr_line' id='line_1_20' title="bbox 136 1964 1288 2038; baseline 0.003 -20"><span class='ocrx_word' id='word_1_176' title='bbox 136 1964 306 2021; x_wconf 70' lang='lat' dir='ltr'><strong>nobilissimi</strong></span> <span class='ocrx_word' id='word_1_177' title='bbox 321 1964 482 2035; x_wconf 76' lang='lat' dir='ltr'><strong>philosophi</strong></span> <span class='ocrx_word' id='word_1_178' title='bbox 500 1973 607 2020; x_wconf 83' lang='lat' dir='ltr'><strong>aetates</strong></span> <span class='ocrx_word' id='word_1_179' title='bbox 625 1984 692 2038; x_wconf 78' lang='lat' dir='ltr'><strong>snas</strong></span> <span class='ocrx_word' id='word_1_180' title='bbox 710 1975 944 2036; x_wconf 81' lang='lat' dir='ltr'><strong>consumpserunt,</strong></span> <span class='ocrx_word' id='word_1_181' title='bbox 970 1967 1160 2033; x_wconf 68' lang='lat' dir='ltr'><strong>xenonum,</strong></span> <span class='ocrx_word' id='word_1_182' title='bbox 1186 1968 1288 2035; x_wconf 78' lang='lat' dir='ltr'><strong>(lato,</strong></span> 
     </span>
     <span class='ocr_line' id='line_1_21' title="bbox 136 2035 1289 2110; baseline 0.002 -21"><span class='ocrx_word' id='word_1_183' title='bbox 136 2037 315 2101; x_wconf 73' lang='lat' dir='ltr'><strong>Aristoteles,</strong></span> <span class='ocrx_word' id='word_1_184' title='bbox 338 2035 554 2107; x_wconf 78' lang='lat' dir='ltr'><strong>Theophrastus,</strong></span> <span class='ocrx_word' id='word_1_185' title='bbox 573 2038 761 2110; x_wconf 76' lang='lat' dir='ltr'><strong>Oanaydes</strong></span> <span class='ocrx_word' id='word_1_186' title='bbox 778 2044 809 2091; x_wconf 88' lang='lat' dir='ltr'><strong>sl</strong></span> <span class='ocrx_word' id='word_1_187' title='bbox 826 2037 881 2092; x_wconf 86' lang='lat' dir='ltr'><strong>alii</strong></span> <span class='ocrx_word' id='word_1_188' title='bbox 899 2036 1122 2103; x_wconf 83' lang='lat' dir='ltr'><strong>innumerahiles‚</strong></span> <span class='ocrx_word' id='word_1_189' title='bbox 1147 2037 1206 2109; x_wconf 78' lang='lat' dir='ltr'><strong>pai,</strong></span> <span class='ocrx_word' id='word_1_190' title='bbox 1231 2054 1289 2091; x_wconf 88' lang='lat' dir='ltr'><strong>so-</strong></span> 
     </span>
     <span class='ocr_line' id='line_1_22' title="bbox 138 2106 1289 2178; baseline 0.003 -19"><span class='ocrx_word' id='word_1_191' title='bbox 138 2107 346 2175; x_wconf 76' lang='lat' dir='ltr'><strong>lnmegressi,</strong></span> <span class='ocrx_word' id='word_1_192' title='bbox 366 2124 505 2177; x_wconf 79' lang='lat' dir='ltr'><strong>nunqnam</strong></span> <span class='ocrx_word' id='word_1_193' title='bbox 523 2111 633 2163; x_wconf 81' lang='lat' dir='ltr'><strong>domum</strong></span> <span class='ocrx_word' id='word_1_194' title='bbox 659 2109 853 2163; x_wconf 82' lang='lat' dir='ltr'><strong>redierant.</strong></span> <span class='ocrx_word' id='word_1_195' title='bbox 890 2109 925 2160; x_wconf 91' lang='lat' dir='ltr'><strong>ln</strong></span> <span class='ocrx_word' id='word_1_196' title='bbox 952 2125 1030 2178; x_wconf 84' lang='lat' dir='ltr'><strong>seqq.</strong></span> <span class='ocrx_word' id='word_1_197' title='bbox 1051 2106 1229 2161; x_wconf 75' lang='lat' dir='ltr'><strong>Codri-Gud.</strong></span> <span class='ocrx_word' id='word_1_198' title='bbox 1259 2117 1289 2163; x_wconf 91' lang='lat' dir='ltr'><strong>et</strong></span> 
     </span>
     <span class='ocr_line' id='line_1_23' title="bbox 135 2175 1288 2246; baseline 0.004 -17"><span class='ocrx_word' id='word_1_199' title='bbox 135 2178 221 2230; x_wconf 82' lang='lat' dir='ltr'><strong>Vind.</strong></span> <span class='ocrx_word' id='word_1_200' title='bbox 240 2181 265 2232; x_wconf 80' lang='lat'><strong>2.</strong></span> <span class='ocrx_word' id='word_1_201' title='bbox 293 2177 337 2242; x_wconf 88' lang='lat' dir='ltr'><strong>(ut</strong></span> <span class='ocrx_word' id='word_1_202' title='bbox 354 2178 494 2243; x_wconf 73' lang='lat' dir='ltr'><strong>valensis)</strong></span> <span class='ocrx_word' id='word_1_203' title='bbox 519 2179 626 2232; x_wconf 87' lang='lat' dir='ltr'><strong>hahent</strong></span> <span class='ocrx_word' id='word_1_204' title='bbox 650 2177 823 2233; x_wconf 76' lang='lat' dir='ltr'><strong>nobilissimi</strong></span> <span class='ocrx_word' id='word_1_205' title='bbox 843 2175 1014 2246; x_wconf 78' lang='lat' dir='ltr'><strong>philosophi.</strong></span> <span class='ocrx_word' id='word_1_206' title='bbox 1059 2177 1101 2231; x_wconf 88' lang='lat' dir='ltr'><strong>De</strong></span> <span class='ocrx_word' id='word_1_207' title='bbox 1127 2176 1288 2234; x_wconf 75' lang='lat' dir='ltr'><strong>Xenocrate</strong></span> 
     </span>
     <span class='ocr_line' id='line_1_24' title="bbox 136 2248 1289 2332; baseline 0.002 -32"><span class='ocrx_word' id='word_1_208' title='bbox 136 2248 304 2302; x_wconf 80' lang='lat' dir='ltr'><strong>Beroalduss</strong></span> <span class='ocrx_word' id='word_1_209' title='bbox 323 2250 526 2315; x_wconf 78' lang='lat' dir='ltr'><strong>„Xenocrates</strong></span> <span class='ocrx_word' id='word_1_210' title='bbox 544 2248 873 2304; x_wconf 69' lang='lat' dir='ltr'><strong>ffnaleedoniusPlatoni</strong></span> <span class='ocrx_word' id='word_1_211' title='bbox 890 2249 921 2299; x_wconf 90' lang='lat' dir='ltr'><strong>in</strong></span> <span class='ocrx_word' id='word_1_212' title='bbox 941 2248 1074 2302; x_wconf 86' lang='lat' dir='ltr'><strong>Siciliam</strong></span> <span class='ocrx_word' id='word_1_213' title='bbox 1091 2249 1289 2332; x_wconf 80' lang='lat' dir='ltr'><strong>proficiscenti</strong></span> 
     </span>
     <span class='ocr_line' id='line_1_25' title="bbox 137 2317 1289 2388; baseline 0.001 -17"><span class='ocrx_word' id='word_1_214' title='bbox 137 2332 233 2371; x_wconf 85' lang='lat' dir='ltr'><strong>comes</strong></span> <span class='ocrx_word' id='word_1_215' title='bbox 252 2318 366 2372; x_wconf 87' lang='lat' dir='ltr'><strong>itineris</strong></span> <span class='ocrx_word' id='word_1_216' title='bbox 386 2319 520 2374; x_wconf 82' lang='lat' dir='ltr'><strong>adhaesit.</strong></span> <span class='ocrx_word' id='word_1_217' title='bbox 539 2319 620 2373; x_wconf 90' lang='lat' dir='ltr'><strong>hunc</strong></span> <span class='ocrx_word' id='word_1_218' title='bbox 638 2319 828 2372; x_wconf 85' lang='lat' dir='ltr'><strong>Athenienses</strong></span> <span class='ocrx_word' id='word_1_219' title='bbox 846 2317 1000 2388; x_wconf 87' lang='lat' dir='ltr'><strong>aliquando</strong></span> <span class='ocrx_word' id='word_1_220' title='bbox 1023 2317 1227 2383; x_wconf 73' lang='lat' dir='ltr'><strong>vendiderunt,</strong></span> <span class='ocrx_word' id='word_1_221' title='bbox 1253 2327 1289 2372; x_wconf 88' lang='lat' dir='ltr'><strong>ut</strong></span> 
     </span>
     <span class='ocr_line' id='line_1_26' title="bbox 136 2386 1288 2464; baseline 0.001 -24"><span class='ocrx_word' id='word_1_222' title='bbox 136 2389 178 2441; x_wconf 85' lang='lat' dir='ltr'><strong>ita</strong></span> <span class='ocrx_word' id='word_1_223' title='bbox 196 2390 227 2440; x_wconf 92' lang='lat' dir='ltr'><strong>in</strong></span> <span class='ocrx_word' id='word_1_224' title='bbox 247 2389 334 2440; x_wconf 85' lang='lat' dir='ltr'><strong>exilio</strong></span> <span class='ocrx_word' id='word_1_225' title='bbox 354 2388 459 2463; x_wconf 74' lang='lat' dir='ltr'><strong>degens</strong></span> <span class='ocrx_word' id='word_1_226' title='bbox 477 2388 694 2464; x_wconf 73' lang='lat' dir='ltr'><strong>frangeretur.“</strong></span> <span class='ocrx_word' id='word_1_227' title='bbox 729 2388 772 2441; x_wconf 90' lang='lat' dir='ltr'><strong>De</strong></span> <span class='ocrx_word' id='word_1_228' title='bbox 791 2388 948 2442; x_wconf 66' lang='lat' dir='ltr'><strong>(inaniores</strong></span> <span class='ocrx_word' id='word_1_229' title='bbox 967 2386 1050 2453; x_wconf 81' lang='lat' dir='ltr'><strong>„Hic</strong></span> <span class='ocrx_word' id='word_1_230' title='bbox 1067 2386 1194 2442; x_wconf 80' lang='lat' dir='ltr'><strong>Solensis</strong></span> <span class='ocrx_word' id='word_1_231' title='bbox 1219 2386 1288 2456; x_wconf 79' lang='lat' dir='ltr'><strong>fuit,</strong></span> 
     </span>
     <span class='ocr_line' id='line_1_27' title="bbox 136 2457 1289 2534; baseline 0.001 -22"><span class='ocrx_word' id='word_1_232' title='bbox 136 2467 166 2512; x_wconf 90' lang='lat' dir='ltr'><strong>et</strong></span> <span class='ocrx_word' id='word_1_233' title='bbox 185 2475 252 2511; x_wconf 87' lang='lat' dir='ltr'><strong>cum</strong></span> <span class='ocrx_word' id='word_1_234' title='bbox 270 2459 345 2528; x_wconf 87' lang='lat' dir='ltr'><strong>apud</strong></span> <span class='ocrx_word' id='word_1_235' title='bbox 363 2476 425 2511; x_wconf 89' lang='lat' dir='ltr'><strong>suos</strong></span> <span class='ocrx_word' id='word_1_236' title='bbox 443 2459 600 2513; x_wconf 80' lang='lat' dir='ltr'><strong>haberetur</strong></span> <span class='ocrx_word' id='word_1_237' title='bbox 616 2459 648 2510; x_wconf 90' lang='lat' dir='ltr'><strong>in</strong></span> <span class='ocrx_word' id='word_1_238' title='bbox 665 2459 770 2534; x_wconf 78' lang='lat' dir='ltr'><strong>gloria,</strong></span> <span class='ocrx_word' id='word_1_239' title='bbox 794 2458 935 2526; x_wconf 85' lang='lat' dir='ltr'><strong>concessit</strong></span> <span class='ocrx_word' id='word_1_240' title='bbox 953 2457 1092 2524; x_wconf 79' lang='lat' dir='ltr'><strong>Athenas,</strong></span> <span class='ocrx_word' id='word_1_241' title='bbox 1117 2457 1216 2528; x_wconf 83' lang='lat' dir='ltr'><strong>ibique</strong></span> <span class='ocrx_word' id='word_1_242' title='bbox 1232 2459 1289 2513; x_wconf 82' lang='lat' dir='ltr'><strong>Xe-</strong></span> 
     </span>
     <span class='ocr_line' id='line_1_28' title="bbox 134 2528 1289 2600; baseline 0 -18"><span class='ocrx_word' id='word_1_243' title='bbox 134 2529 260 2582; x_wconf 87' lang='lat' dir='ltr'><strong>nocratis</strong></span> <span class='ocrx_word' id='word_1_244' title='bbox 287 2530 345 2581; x_wconf 80' lang='lat' dir='ltr'><strong>init</strong></span> <span class='ocrx_word' id='word_1_245' title='bbox 374 2529 513 2596; x_wconf 82' lang='lat' dir='ltr'><strong>Auditor,</strong></span> <span class='ocrx_word' id='word_1_246' title='bbox 541 2529 690 2600; x_wconf 89' lang='lat' dir='ltr'><strong>sociusque</strong></span> <span class='ocrx_word' id='word_1_247' title='bbox 718 2529 912 2584; x_wconf 86' lang='lat' dir='ltr'><strong>Polemonis.“</strong></span> <span class='ocrx_word' id='word_1_248' title='bbox 948 2528 1016 2582; x_wconf 83' lang='lat' dir='ltr'><strong>Cod.</strong></span> <span class='ocrx_word' id='word_1_249' title='bbox 1045 2529 1120 2581; x_wconf 82' lang='lat' dir='ltr'><strong>Mon.</strong></span> <span class='ocrx_word' id='word_1_250' title='bbox 1151 2532 1175 2584; x_wconf 89' lang='lat'><strong>1.</strong></span> <span class='ocrx_word' id='word_1_251' title='bbox 1202 2528 1289 2583; x_wconf 87' lang='lat' dir='ltr'><strong>habet</strong></span> 
     </span>
     <span class='ocr_line' id='line_1_29' title="bbox 124 2599 349 2656; baseline 0.013 -2"><span class='ocrx_word' id='word_1_252' title='bbox 124 2599 249 2654; x_wconf 43' lang='lat' dir='ltr'><strong>‘Urania</strong></span> <span class='ocrx_word' id='word_1_253' title='bbox 287 2600 349 2656; x_wconf 90' lang='lat' dir='ltr'><strong>Mr.</strong></span> 
     </span>
    </p>
   </div>
   <div class='ocr_carea' id='block_1_5' title="bbox 90 2681 1316 3602">
    <p class='ocr_par' dir='ltr' id='par_1_6' title="bbox 90 2681 1316 3602">
     <span class='ocr_line' id='line_1_30' title="bbox 205 2681 1288 2755; baseline 0.004 -16"><span class='ocrx_word' id='word_1_254' title='bbox 205 2687 368 2755; x_wconf 81' lang='lat' dir='ltr'><strong>Arcesilas]</strong></span> <span class='ocrx_word' id='word_1_255' title='bbox 405 2685 490 2740; x_wconf 81' lang='lat' dir='ltr'><strong>codd.</strong></span> <span class='ocrx_word' id='word_1_256' title='bbox 513 2689 591 2744; x_wconf 86' lang='lat' dir='ltr'><strong>Mon.</strong></span> <span class='ocrx_word' id='word_1_257' title='bbox 611 2691 636 2742; x_wconf 85' lang='lat'><strong>1.</strong></span> <span class='ocrx_word' id='word_1_258' title='bbox 656 2690 681 2744; x_wconf 80' lang='lat'><strong>2.</strong></span> <span class='ocrx_word' id='word_1_259' title='bbox 707 2689 796 2741; x_wconf 82' lang='lat' dir='ltr'><strong>Marb.</strong></span> <span class='ocrx_word' id='word_1_260' title='bbox 828 2689 883 2741; x_wconf 88' lang='lat' dir='ltr'><strong>duo</strong></span> <span class='ocrx_word' id='word_1_261' title='bbox 908 2688 976 2742; x_wconf 77' lang='lat' dir='ltr'><strong>On.</strong></span> <span class='ocrx_word' id='word_1_262' title='bbox 1002 2681 1183 2752; x_wconf 80' lang='lat' dir='ltr'><strong>Archesilac,</strong></span> <span class='ocrx_word' id='word_1_263' title='bbox 1213 2706 1288 2744; x_wconf 89' lang='lat' dir='ltr'><strong>unus</strong></span> 
     </span>
     <span class='ocr_line' id='line_1_31' title="bbox 134 2753 1290 2824; baseline 0.002 -14"><span class='ocrx_word' id='word_1_264' title='bbox 134 2753 332 2810; x_wconf 77' lang='lat' dir='ltr'><strong>Archesilaus:</strong></span> <span class='ocrx_word' id='word_1_265' title='bbox 358 2767 422 2810; x_wconf 88' lang='lat' dir='ltr'><strong>tum</strong></span> <span class='ocrx_word' id='word_1_266' title='bbox 446 2758 501 2809; x_wconf 89' lang='lat' dir='ltr'><strong>duo</strong></span> <span class='ocrx_word' id='word_1_267' title='bbox 526 2759 596 2811; x_wconf 81' lang='lat' dir='ltr'><strong>Oxx.</strong></span> <span class='ocrx_word' id='word_1_268' title='bbox 616 2758 703 2810; x_wconf 83' lang='lat' dir='ltr'><strong>Marb.</strong></span> <span class='ocrx_word' id='word_1_269' title='bbox 727 2756 856 2824; x_wconf 79' lang='lat' dir='ltr'><strong>Lacides,</strong></span> <span class='ocrx_word' id='word_1_270' title='bbox 880 2777 955 2810; x_wconf 85' lang='lat' dir='ltr'><strong>unus</strong></span> <span class='ocrx_word' id='word_1_271' title='bbox 974 2759 1024 2814; x_wconf 90' lang='lat' dir='ltr'><strong>Ox.</strong></span> <span class='ocrx_word' id='word_1_272' title='bbox 1052 2765 1081 2810; x_wconf 89' lang='lat' dir='ltr'><strong>et</strong></span> <span class='ocrx_word' id='word_1_273' title='bbox 1099 2759 1175 2814; x_wconf 78' lang='lat' dir='ltr'><strong>Mon</strong></span> <span class='ocrx_word' id='word_1_274' title='bbox 1193 2759 1220 2814; x_wconf 71' lang='lat'><strong>2·</strong></span> <span class='ocrx_word' id='word_1_275' title='bbox 1243 2759 1290 2812; x_wconf 80' lang='lat' dir='ltr'><strong>vel</strong></span> 
     </span>
     <span class='ocr_line' id='line_1_32' title="bbox 136 2826 1289 2898; baseline 0 -18"><span class='ocrx_word' id='word_1_276' title='bbox 136 2828 242 2893; x_wconf 58' lang='lat' dir='ltr'><strong>arides</strong></span> <span class='ocrx_word' id='word_1_277' title='bbox 270 2827 330 2879; x_wconf 84' lang='lat' dir='ltr'><strong>eius</strong></span> <span class='ocrx_word' id='word_1_278' title='bbox 352 2827 417 2880; x_wconf 90' lang='lat' dir='ltr'><strong>loco</strong></span> <span class='ocrx_word' id='word_1_279' title='bbox 434 2827 531 2883; x_wconf 86' lang='lat' dir='ltr'><strong>Duisb.</strong></span> <span class='ocrx_word' id='word_1_280' title='bbox 556 2828 642 2880; x_wconf 87' lang='lat' dir='ltr'><strong>habet</strong></span> <span class='ocrx_word' id='word_1_281' title='bbox 661 2829 767 2883; x_wconf 72' lang='lat' dir='ltr'><strong>Grates</strong></span> <span class='ocrx_word' id='word_1_282' title='bbox 804 2828 850 2881; x_wconf 92' lang='lat' dir='ltr'><strong>Ad</strong></span> <span class='ocrx_word' id='word_1_283' title='bbox 872 2828 924 2880; x_wconf 87' lang='lat' dir='ltr'><strong>hos</strong></span> <span class='ocrx_word' id='word_1_284' title='bbox 941 2826 1109 2880; x_wconf 81' lang='lat' dir='ltr'><strong>Beroaldus:</strong></span> <span class='ocrx_word' id='word_1_285' title='bbox 1139 2826 1215 2892; x_wconf 81' lang='lat' dir='ltr'><strong>„Ex</strong></span> <span class='ocrx_word' id='word_1_286' title='bbox 1231 2829 1289 2898; x_wconf 78' lang='lat' dir='ltr'><strong>ry-</strong></span> 
     </span>
     <span class='ocr_line' id='line_1_33' title="bbox 135 2895 1288 2973; baseline 0 -22"><span class='ocrx_word' id='word_1_287' title='bbox 135 2897 233 2963; x_wconf 83' lang='lat' dir='ltr'><strong>thana,</strong></span> <span class='ocrx_word' id='word_1_288' title='bbox 251 2896 368 2950; x_wconf 75' lang='lat' dir='ltr'><strong>Aeolica</strong></span> <span class='ocrx_word' id='word_1_289' title='bbox 386 2897 512 2961; x_wconf 84' lang='lat' dir='ltr'><strong>civitate,</strong></span> <span class='ocrx_word' id='word_1_290' title='bbox 537 2898 596 2949; x_wconf 90' lang='lat' dir='ltr'><strong>fuit</strong></span> <span class='ocrx_word' id='word_1_291' title='bbox 612 2897 770 2961; x_wconf 78' lang='lat' dir='ltr'><strong>Arcesilas,</strong></span> <span class='ocrx_word' id='word_1_292' title='bbox 798 2898 848 2968; x_wconf 90' lang='lat' dir='ltr'><strong>qui</strong></span> <span class='ocrx_word' id='word_1_293' title='bbox 867 2899 972 2951; x_wconf 87' lang='lat' dir='ltr'><strong>relicte</strong></span> <span class='ocrx_word' id='word_1_294' title='bbox 990 2896 1112 2973; x_wconf 82' lang='lat' dir='ltr'><strong>genitali</strong></span> <span class='ocrx_word' id='word_1_295' title='bbox 1136 2895 1196 2950; x_wconf 84' lang='lat' dir='ltr'><strong>selo</strong></span> <span class='ocrx_word' id='word_1_296' title='bbox 1221 2895 1288 2951; x_wconf 80' lang='lat' dir='ltr'><strong>Sar-</strong></span> 
     </span>
     <span class='ocr_line' id='line_1_34' title="bbox 134 2966 1287 3038; baseline 0 -17"><span class='ocrx_word' id='word_1_297' title='bbox 134 2968 179 3021; x_wconf 83' lang='lat' dir='ltr'><strong>dis</strong></span> <span class='ocrx_word' id='word_1_298' title='bbox 197 2969 343 3038; x_wconf 82' lang='lat' dir='ltr'><strong>perrexit:</strong></span> <span class='ocrx_word' id='word_1_299' title='bbox 361 2985 428 3021; x_wconf 81' lang='lat' dir='ltr'><strong>rnox</strong></span> <span class='ocrx_word' id='word_1_300' title='bbox 445 2966 572 3020; x_wconf 82' lang='lat' dir='ltr'><strong>Athenas</strong></span> <span class='ocrx_word' id='word_1_301' title='bbox 590 2971 736 3038; x_wconf 81' lang='lat' dir='ltr'><strong>proiectus</strong></span> <span class='ocrx_word' id='word_1_302' title='bbox 754 2969 786 3020; x_wconf 93' lang='lat' dir='ltr'><strong>in</strong></span> <span class='ocrx_word' id='word_1_303' title='bbox 803 2966 985 3022; x_wconf 84' lang='lat' dir='ltr'><strong>Academiam</strong></span> <span class='ocrx_word' id='word_1_304' title='bbox 1008 2985 1038 3020; x_wconf 87' lang='lat' dir='ltr'><strong>se</strong></span> <span class='ocrx_word' id='word_1_305' title='bbox 1063 2967 1098 3020; x_wconf 86' lang='lat' dir='ltr'><strong>ad</strong></span> <span class='ocrx_word' id='word_1_306' title='bbox 1116 2966 1287 3021; x_wconf 76' lang='lat' dir='ltr'><strong>Creatorem</strong></span> 
     </span>
     <span class='ocr_line' id='line_1_35' title="bbox 134 3035 1316 3138; baseline -0.003 -46"><span class='ocrx_word' id='word_1_307' title='bbox 134 3039 270 3104; x_wconf 82' lang='lat' dir='ltr'><strong>contulit,</strong></span> <span class='ocrx_word' id='word_1_308' title='bbox 297 3057 384 3110; x_wconf 90' lang='lat' dir='ltr'><strong>quem</strong></span> <span class='ocrx_word' id='word_1_309' title='bbox 401 3037 575 3120; x_wconf 75' lang='lat' dir='ltr'><strong>Platonicam</strong></span> <span class='ocrx_word' id='word_1_310' title='bbox 593 3035 811 3138; x_wconf 61' lang='lat' dir='ltr'><strong>philoppphiasn</strong></span> <span class='ocrx_word' id='word_1_311' title='bbox 826 3039 946 3122; x_wconf 77' lang='lat' dir='ltr'><strong>omnino</strong></span> <span class='ocrx_word' id='word_1_312' title='bbox 962 3045 1152 3122; x_wconf 79' lang='lat' dir='ltr'><strong>cpmmutasse</strong></span> <span class='ocrx_word' id='word_1_313' title='bbox 1170 3052 1288 3091; x_wconf 84' lang='lat' dir='ltr'><strong>novam-</strong></span> <span class='ocrx_word' id='word_1_314' title='bbox 1313 3085 1316 3089; x_wconf 89' lang='lat'>.</span> 
     </span>
     <span class='ocr_line' id='line_1_36' title="bbox 133 3102 1288 3250; baseline -0.001 -18"><span class='ocrx_word' id='word_1_315' title='bbox 133 3109 715 3250; x_wconf 44' lang='lat' dir='ltr'><strong>tantillitati?lilii..</strong></span> <span class='ocrx_word' id='word_1_316' title='bbox 733 3108 990 3249; x_wconf 56' lang='lat' dir='ltr'><strong>&amp;illiti</strong></span> <span class='ocrx_word' id='word_1_317' title='bbox 1007 3124 1070 3248; x_wconf 66' lang='lat'><strong>32?</strong></span> <span class='ocrx_word' id='word_1_318' title='bbox 1077 3102 1288 3249; x_wconf 56' lang='lat' dir='ltr'><strong>iiiiii</strong></span> 
     </span>
     <span class='ocr_line' id='line_1_37' title="bbox 90 3247 1288 3321; baseline -0.002 -19"><span class='ocrx_word' id='word_1_319' title='bbox 90 3252 93 3259; x_wconf 89' lang='lat'>&#39;</span> <span class='ocrx_word' id='word_1_320' title='bbox 131 3252 224 3304; x_wconf 88' lang='lat' dir='ltr'><strong>fectus</strong></span> <span class='ocrx_word' id='word_1_321' title='bbox 251 3264 342 3304; x_wconf 76' lang='lat' dir='ltr'><strong>novae</strong></span> <span class='ocrx_word' id='word_1_322' title='bbox 364 3247 535 3302; x_wconf 74' lang='lat' dir='ltr'><strong>Academiae</strong></span> <span class='ocrx_word' id='word_1_323' title='bbox 561 3250 697 3321; x_wconf 86' lang='lat' dir='ltr'><strong>princeps</strong></span> <span class='ocrx_word' id='word_1_324' title='bbox 731 3249 853 3314; x_wconf 83' lang='lat' dir='ltr'><strong>exstitit,</strong></span> <span class='ocrx_word' id='word_1_325' title='bbox 880 3250 1084 3317; x_wconf 80' lang='lat' dir='ltr'><strong>Arcasileeque</strong></span> <span class='ocrx_word' id='word_1_326' title='bbox 1110 3247 1288 3302; x_wconf 83' lang='lat' dir='ltr'><strong>suecessor.“</strong></span> 
     </span>
     <span class='ocr_line' id='line_1_38' title="bbox 132 3317 1287 3395; baseline -0.003 -21"><span class='ocrx_word' id='word_1_327' title='bbox 132 3318 189 3374; x_wconf 87' lang='lat' dir='ltr'><strong>Sed</strong></span> <span class='ocrx_word' id='word_1_328' title='bbox 204 3320 325 3395; x_wconf 78' lang='lat' dir='ltr'><strong>longum</strong></span> <span class='ocrx_word' id='word_1_329' title='bbox 344 3329 386 3374; x_wconf 86' lang='lat' dir='ltr'><strong>est</strong></span> <span class='ocrx_word' id='word_1_330' title='bbox 403 3337 502 3373; x_wconf 89' lang='lat' dir='ltr'><strong>omnes</strong></span> <span class='ocrx_word' id='word_1_331' title='bbox 519 3320 663 3390; x_wconf 85' lang='lat' dir='ltr'><strong>persequi.</strong></span> <span class='ocrx_word' id='word_1_332' title='bbox 702 3319 756 3386; x_wconf 85' lang='lat' dir='ltr'><strong>Qui</strong></span> <span class='ocrx_word' id='word_1_333' title='bbox 769 3327 947 3389; x_wconf 81' lang='lat' dir='ltr'><strong>sequuntur,</strong></span> <span class='ocrx_word' id='word_1_334' title='bbox 976 3335 1075 3372; x_wconf 82' lang='lat' dir='ltr'><strong>sorum</strong></span> <span class='ocrx_word' id='word_1_335' title='bbox 1095 3319 1166 3371; x_wconf 79' lang='lat' dir='ltr'><strong>sire</strong></span> <span class='ocrx_word' id='word_1_336' title='bbox 1184 3317 1287 3371; x_wconf 83' lang='lat' dir='ltr'><strong>exsilia</strong></span> 
     </span>
     <span class='ocr_line' id='line_1_39' title="bbox 131 3386 1286 3466; baseline -0.002 -23"><span class='ocrx_word' id='word_1_337' title='bbox 131 3392 191 3444; x_wconf 88' lang='lat' dir='ltr'><strong>sive</strong></span> <span class='ocrx_word' id='word_1_338' title='bbox 217 3391 467 3466; x_wconf 79' lang='lat' dir='ltr'><strong>peregrinationes</strong></span> <span class='ocrx_word' id='word_1_339' title='bbox 496 3388 584 3443; x_wconf 80' lang='lat' dir='ltr'><strong>facile</strong></span> <span class='ocrx_word' id='word_1_340' title='bbox 612 3408 647 3443; x_wconf 84' lang='lat' dir='ltr'><strong>ex</strong></span> <span class='ocrx_word' id='word_1_341' title='bbox 675 3390 731 3443; x_wconf 84' lang='lat' dir='ltr'><strong>Die</strong></span> <span class='ocrx_word' id='word_1_342' title='bbox 753 3407 804 3443; x_wconf 89' lang='lat' dir='ltr'><strong>ene</strong></span> <span class='ocrx_word' id='word_1_343' title='bbox 831 3390 947 3443; x_wconf 75' lang='lat' dir='ltr'><strong>hairtin</strong></span> <span class='ocrx_word' id='word_1_344' title='bbox 980 3407 996 3444; x_wconf 90' lang='lat' dir='ltr'><strong>c</strong></span> <span class='ocrx_word' id='word_1_345' title='bbox 1055 3397 1202 3441; x_wconf 84' lang='lat' dir='ltr'><strong>escuntur.</strong></span> <span class='ocrx_word' id='word_1_346' title='bbox 1243 3386 1286 3441; x_wconf 88' lang='lat' dir='ltr'><strong>De</strong></span> 
     </span>
     <span class='ocr_line' id='line_1_40' title="bbox 132 3409 1287 3544; baseline -0.003 -30"><span class='ocrx_word' id='word_1_347' title='bbox 132 3461 296 3544; x_wconf 74' lang='lat' dir='ltr'><strong>Ghrpsippo</strong></span> <span class='ocrx_word' id='word_1_348' title='bbox 314 3460 491 3532; x_wconf 81' lang='lat' dir='ltr'><strong>peculiarem</strong></span> <span class='ocrx_word' id='word_1_349' title='bbox 511 3478 570 3514; x_wconf 85' lang='lat' dir='ltr'><strong>esse</strong></span> <span class='ocrx_word' id='word_1_350' title='bbox 587 3461 698 3514; x_wconf 87' lang='lat' dir='ltr'><strong>librum</strong></span> <span class='ocrx_word' id='word_1_351' title='bbox 716 3409 851 3528; x_wconf 56' lang='grc' dir='ltr'><strong>Βεαμεὶὲ,</strong></span> <span class='ocrx_word' id='word_1_352' title='bbox 868 3459 990 3534; x_wconf 70' lang='lat' dir='ltr'><strong>Belgae3</strong></span> <span class='ocrx_word' id='word_1_353' title='bbox 1028 3477 1043 3512; x_wconf 91' lang='lat' dir='ltr'><strong>e</strong></span> <span class='ocrx_word' id='word_1_354' title='bbox 1060 3459 1195 3512; x_wconf 83' lang='lat' dir='ltr'><strong>Panaetio</strong></span> <span class='ocrx_word' id='word_1_355' title='bbox 1213 3455 1287 3529; x_wconf 79' lang='lat' dir='ltr'><strong>Lyn·</strong></span> 
     </span>
     <span class='ocr_line' id='line_1_41' title="bbox 132 3530 1048 3602; baseline -0.003 -17"><span class='ocrx_word' id='word_1_356' title='bbox 132 3533 223 3598; x_wconf 72' lang='lat' dir='ltr'><strong>denis,</strong></span> <span class='ocrx_word' id='word_1_357' title='bbox 242 3531 277 3585; x_wconf 86' lang='lat' dir='ltr'><strong>de</strong></span> <span class='ocrx_word' id='word_1_358' title='bbox 295 3530 445 3602; x_wconf 85' lang='lat' dir='ltr'><strong>Posidonio</strong></span> <span class='ocrx_word' id='word_1_359' title='bbox 462 3530 560 3598; x_wconf 84' lang='lat' dir='ltr'><strong>Bahli,</strong></span> <span class='ocrx_word' id='word_1_360' title='bbox 576 3530 759 3593; x_wconf 83' lang='lat' dir='ltr'><strong>Batavorum,</strong></span> <span class='ocrx_word' id='word_1_361' title='bbox 777 3539 879 3584; x_wconf 82' lang='lat' dir='ltr'><strong>notum</strong></span> <span class='ocrx_word' id='word_1_362' title='bbox 898 3539 949 3584; x_wconf 77' lang='lat' dir='ltr'><strong>est</strong></span> <span class='ocrx_word' id='word_1_363' title='bbox 987 3532 1048 3586; x_wconf 85' lang='lat' dir='ltr'><strong>Mr.</strong></span> 
     </span>
    </p>
   </div>
   <div class='ocr_carea' id='block_1_6' title="bbox 132 3617 1288 4463">
    <p class='ocr_par' dir='ltr' id='par_1_7' title="bbox 132 3617 1288 4463">
     <span class='ocr_line' id='line_1_42' title="bbox 202 3617 1284 3690; baseline 0.002 -19"><span class='ocrx_word' id='word_1_364' title='bbox 202 3618 380 3684; x_wconf 80' lang='lat' dir='ltr'><strong>Aristotcles,</strong></span> <span class='ocrx_word' id='word_1_365' title='bbox 409 3619 636 3690; x_wconf 66' lang='lat' dir='ltr'><strong>Theoplanslna]</strong></span> <span class='ocrx_word' id='word_1_366' title='bbox 673 3620 740 3673; x_wconf 74' lang='lat' dir='ltr'><strong>(lod.</strong></span> <span class='ocrx_word' id='word_1_367' title='bbox 767 3618 842 3672; x_wconf 72' lang='lat' dir='ltr'><strong>Gud.</strong></span> <span class='ocrx_word' id='word_1_368' title='bbox 861 3621 888 3672; x_wconf 68' lang='lat' dir='ltr'><strong>h</strong></span> <span class='ocrx_word' id='word_1_369' title='bbox 912 3617 1098 3685; x_wconf 82' lang='lat' dir='ltr'><strong>Arislaliles,</strong></span> <span class='ocrx_word' id='word_1_370' title='bbox 1124 3617 1284 3686; x_wconf 68' lang='lat' dir='ltr'><strong>Astipcla,</strong></span> 
     </span>
     <span class='ocr_line' id='line_1_43' title="bbox 132 3688 1283 3756; baseline 0 -14"><span class='ocrx_word' id='word_1_371' title='bbox 132 3688 244 3742; x_wconf 86' lang='lat' dir='ltr'><strong>omissis</strong></span> <span class='ocrx_word' id='word_1_372' title='bbox 262 3690 378 3756; x_wconf 75' lang='lat' dir='ltr'><strong>mediis3</strong></span> <span class='ocrx_word' id='word_1_373' title='bbox 396 3691 483 3743; x_wconf 70' lang='lat' dir='ltr'><strong>Mari.</strong></span> <span class='ocrx_word' id='word_1_374' title='bbox 503 3701 534 3744; x_wconf 89' lang='lat' dir='ltr'><strong>et</strong></span> <span class='ocrx_word' id='word_1_375' title='bbox 552 3694 628 3745; x_wconf 83' lang='lat' dir='ltr'><strong>Mon.</strong></span> <span class='ocrx_word' id='word_1_376' title='bbox 648 3690 672 3742; x_wconf 89' lang='lat'><strong>1.</strong></span> <span class='ocrx_word' id='word_1_377' title='bbox 696 3688 886 3756; x_wconf 64' lang='lat' dir='ltr'><strong>Thermaico,</strong></span> <span class='ocrx_word' id='word_1_378' title='bbox 906 3689 994 3743; x_wconf 85' lang='lat' dir='ltr'><strong>iidem</strong></span> <span class='ocrx_word' id='word_1_379' title='bbox 1005 3707 1073 3743; x_wconf 86' lang='lat' dir='ltr'><strong>eum</strong></span> <span class='ocrx_word' id='word_1_380' title='bbox 1091 3690 1198 3743; x_wconf 84' lang='lat' dir='ltr'><strong>duobus</strong></span> <span class='ocrx_word' id='word_1_381' title='bbox 1213 3691 1283 3744; x_wconf 74' lang='lat'><strong>011.</strong></span> 
     </span>
     <span class='ocr_line' id='line_1_44' title="bbox 133 3757 1286 3830; baseline 0 -17"><span class='ocrx_word' id='word_1_382' title='bbox 133 3760 275 3824; x_wconf 77' lang='lat' dir='ltr'><strong>(lleanlcs,</strong></span> <span class='ocrx_word' id='word_1_383' title='bbox 300 3757 357 3812; x_wconf 87' lang='lat' dir='ltr'><strong>duo</strong></span> <span class='ocrx_word' id='word_1_384' title='bbox 375 3761 487 3828; x_wconf 84' lang='lat' dir='ltr'><strong>priores</strong></span> <span class='ocrx_word' id='word_1_385' title='bbox 506 3761 662 3829; x_wconf 75' lang='lat' dir='ltr'><strong>crisippes.</strong></span> <span class='ocrx_word' id='word_1_386' title='bbox 699 3760 895 3828; x_wconf 81' lang='lat' dir='ltr'><strong>,‚Carneades,</strong></span> <span class='ocrx_word' id='word_1_387' title='bbox 924 3761 1053 3830; x_wconf 83' lang='lat' dir='ltr'><strong>quamvis</strong></span> <span class='ocrx_word' id='word_1_388' title='bbox 1077 3761 1170 3813; x_wconf 86' lang='lat' dir='ltr'><strong>fuerit</strong></span> <span class='ocrx_word' id='word_1_389' title='bbox 1194 3761 1286 3830; x_wconf 70' lang='lat' dir='ltr'><strong>(lyre-</strong></span> 
     </span>
     <span class='ocr_line' id='line_1_45' title="bbox 495 3830 1287 3958; baseline -0.001 -5.313"><span class='ocrx_word' id='word_1_390' title='bbox 495 3832 698 3955; x_wconf 54' lang='lat' dir='ltr'><strong>ssia</strong></span> <span class='ocrx_word' id='word_1_391' title='bbox 716 3832 814 3958; x_wconf 62' lang='lat' dir='ltr'><strong>nn</strong></span> <span class='ocrx_word' id='word_1_392' title='bbox 832 3831 928 3954; x_wconf 67' lang='lat' dir='ltr'><strong>rs</strong></span> <span class='ocrx_word' id='word_1_393' title='bbox 944 3830 1287 3954; x_wconf 39' lang='lat' dir='ltr'><strong>&amp;seriari</strong></span> 
     </span>
     <span class='ocr_line' id='line_1_46' title="bbox 135 3902 1286 4043; baseline -0.003 -17"><span class='ocrx_word' id='word_1_394' title='bbox 135 3919 250 4026; x_wconf 55' lang='lat' dir='ltr'><strong>glhurch.</strong></span> <span class='ocrx_word' id='word_1_395' title='bbox 271 3996 304 4008; x_wconf 89' lang='lat'><strong>—-</strong></span> <span class='ocrx_word' id='word_1_396' title='bbox 317 3918 480 4043; x_wconf 62' lang='lat' dir='ltr'><strong>slaiarnarg.⁸</strong></span> <span class='ocrx_word' id='word_1_397' title='bbox 490 3902 626 4027; x_wconf 37' lang='lat' dir='ltr'><strong>(ihdini.-</strong></span> <span class='ocrx_word' id='word_1_398' title='bbox 638 3917 1072 4039; x_wconf 39' lang='lat' dir='ltr'><strong>triaphomiha‘aliayhhsdhntdr</strong></span> <span class='ocrx_word' id='word_1_399' title='bbox 1089 3917 1206 4021; x_wconf 62' lang='lat' dir='ltr'><strong>ordiner</strong></span> <span class='ocrx_word' id='word_1_400' title='bbox 1227 3936 1286 4023; x_wconf 71' lang='lat' dir='ltr'><strong>Ph·</strong></span> 
     </span>
     <span class='ocr_line' id='line_1_47' title="bbox 136 4038 1286 4121; baseline -0.003 -25"><span class='ocrx_word' id='word_1_401' title='bbox 136 4043 257 4104; x_wconf 69' lang='lat' dir='ltr'><strong>mins,</strong></span> <span class='ocrx_word' id='word_1_402' title='bbox 276 4039 471 4106; x_wconf 50' lang='lat' dir='ltr'><strong>Clitomacho,</strong></span> <span class='ocrx_word' id='word_1_403' title='bbox 490 4042 663 4108; x_wconf 74' lang='lat' dir='ltr'><strong>Carneades,</strong></span> <span class='ocrx_word' id='word_1_404' title='bbox 690 4042 722 4092; x_wconf 91' lang='lat' dir='ltr'><strong>in</strong></span> <span class='ocrx_word' id='word_1_405' title='bbox 734 4041 827 4094; x_wconf 73' lang='lat' dir='ltr'><strong>narb.</strong></span> <span class='ocrx_word' id='word_1_406' title='bbox 850 4048 915 4121; x_wconf 87' lang='lat' dir='ltr'><strong>post</strong></span> <span class='ocrx_word' id='word_1_407' title='bbox 934 4038 1048 4092; x_wconf 71' lang='lat' dir='ltr'><strong>Clitore.</strong></span> <span class='ocrx_word' id='word_1_408' title='bbox 1070 4039 1218 4108; x_wconf 80' lang='lat' dir='ltr'><strong>repetitur</strong></span> <span class='ocrx_word' id='word_1_409' title='bbox 1233 4055 1286 4093; x_wconf 81' lang='lat' dir='ltr'><strong>ne-</strong></span> 
     </span>
     <span class='ocr_line' id='line_1_48' title="bbox 137 4107 1287 4179; baseline -0.002 -14"><span class='ocrx_word' id='word_1_410' title='bbox 137 4130 204 4166; x_wconf 84' lang='lat' dir='ltr'><strong>men</strong></span> <span class='ocrx_word' id='word_1_411' title='bbox 223 4114 389 4179; x_wconf 76' lang='lat' dir='ltr'><strong>carneadis,</strong></span> <span class='ocrx_word' id='word_1_412' title='bbox 407 4114 440 4164; x_wconf 90' lang='lat' dir='ltr'><strong>in</strong></span> <span class='ocrx_word' id='word_1_413' title='bbox 456 4112 532 4165; x_wconf 81' lang='lat' dir='ltr'><strong>Gud</strong></span> <span class='ocrx_word' id='word_1_414' title='bbox 550 4117 576 4169; x_wconf 75' lang='lat'><strong>2.</strong></span> <span class='ocrx_word' id='word_1_415' title='bbox 596 4113 768 4173; x_wconf 61' lang='lat' dir='ltr'><strong>exciderant</strong></span> <span class='ocrx_word' id='word_1_416' title='bbox 784 4126 903 4162; x_wconf 74' lang='lat' dir='ltr'><strong>nomina</strong></span> <span class='ocrx_word' id='word_1_417' title='bbox 919 4109 1050 4165; x_wconf 83' lang='lat' dir='ltr'><strong>Panaetii</strong></span> <span class='ocrx_word' id='word_1_418' title='bbox 1069 4107 1287 4173; x_wconf 60' lang='lat' dir='ltr'><strong>stacionensis,</strong></span> 
     </span>
     <span class='ocr_line' id='line_1_49' title="bbox 137 4179 1288 4253; baseline -0.003 -17"><span class='ocrx_word' id='word_1_419' title='bbox 137 4185 170 4236; x_wconf 90' lang='lat' dir='ltr'><strong>in</strong></span> <span class='ocrx_word' id='word_1_420' title='bbox 192 4187 268 4237; x_wconf 79' lang='lat' dir='ltr'><strong>Mon.</strong></span> <span class='ocrx_word' id='word_1_421' title='bbox 288 4189 314 4240; x_wconf 90' lang='grc'><strong>1.</strong></span> <span class='ocrx_word' id='word_1_422' title='bbox 341 4183 484 4253; x_wconf 86' lang='lat' dir='ltr'><strong>scriptum</strong></span> <span class='ocrx_word' id='word_1_423' title='bbox 507 4191 550 4236; x_wconf 90' lang='lat' dir='ltr'><strong>est</strong></span> <span class='ocrx_word' id='word_1_424' title='bbox 573 4183 749 4237; x_wconf 70' lang='lat' dir='ltr'><strong>crasmarus.</strong></span> <span class='ocrx_word' id='word_1_425' title='bbox 785 4179 966 4235; x_wconf 81' lang='lat' dir='ltr'><strong>Exciderunt</strong></span> <span class='ocrx_word' id='word_1_426' title='bbox 994 4181 1090 4249; x_wconf 55' lang='lat' dir='ltr'><strong>mem</strong></span> <span class='ocrx_word' id='word_1_427' title='bbox 1114 4179 1231 4233; x_wconf 83' lang='lat' dir='ltr'><strong>nomina</strong></span> <span class='ocrx_word' id='word_1_428' title='bbox 1255 4181 1288 4232; x_wconf 85' lang='lat' dir='ltr'><strong>in</strong></span> 
     </span>
     <span class='ocr_line' id='line_1_50' title="bbox 136 4250 1287 4325; baseline -0.002 -19"><span class='ocrx_word' id='word_1_429' title='bbox 136 4270 194 4306; x_wconf 88' lang='lat' dir='ltr'><strong>nno</strong></span> <span class='ocrx_word' id='word_1_430' title='bbox 212 4255 263 4307; x_wconf 81' lang='lat' dir='ltr'><strong>Ox.</strong></span> <span class='ocrx_word' id='word_1_431' title='bbox 284 4255 336 4324; x_wconf 91' lang='lat' dir='ltr'><strong>qui</strong></span> <span class='ocrx_word' id='word_1_432' title='bbox 353 4269 406 4325; x_wconf 87' lang='lat' dir='ltr'><strong>pro</strong></span> <span class='ocrx_word' id='word_1_433' title='bbox 424 4251 507 4307; x_wconf 76' lang='lat' dir='ltr'><strong>Philo</strong></span> <span class='ocrx_word' id='word_1_434' title='bbox 534 4253 619 4308; x_wconf 80' lang='lat' dir='ltr'><strong>habet</strong></span> <span class='ocrx_word' id='word_1_435' title='bbox 636 4253 780 4322; x_wconf 79' lang='lat' dir='ltr'><strong>Philoprcs,</strong></span> <span class='ocrx_word' id='word_1_436' title='bbox 804 4251 891 4304; x_wconf 82' lang='lat' dir='ltr'><strong>Marb.</strong></span> <span class='ocrx_word' id='word_1_437' title='bbox 912 4260 942 4303; x_wconf 89' lang='lat' dir='ltr'><strong>st</strong></span> <span class='ocrx_word' id='word_1_438' title='bbox 958 4253 1035 4304; x_wconf 79' lang='lat' dir='ltr'><strong>Mon.</strong></span> <span class='ocrx_word' id='word_1_439' title='bbox 1054 4255 1081 4305; x_wconf 92' lang='lat'><strong>1.</strong></span> <span class='ocrx_word' id='word_1_440' title='bbox 1105 4250 1211 4305; x_wconf 83' lang='lat' dir='ltr'><strong>habent</strong></span> <span class='ocrx_word' id='word_1_441' title='bbox 1228 4251 1287 4304; x_wconf 79' lang='lat' dir='ltr'><strong>Aa·</strong></span> 
     </span>
     <span class='ocr_line' id='line_1_51' title="bbox 137 4320 1287 4397; baseline 0 -21"><span class='ocrx_word' id='word_1_442' title='bbox 137 4326 257 4391; x_wconf 72' lang='lat' dir='ltr'><strong>tiociis,</strong></span> <span class='ocrx_word' id='word_1_443' title='bbox 288 4334 354 4378; x_wconf 83' lang='lat' dir='ltr'><strong>tum</strong></span> <span class='ocrx_word' id='word_1_444' title='bbox 378 4329 453 4379; x_wconf 81' lang='lat' dir='ltr'><strong>Mon.</strong></span> <span class='ocrx_word' id='word_1_445' title='bbox 478 4328 505 4381; x_wconf 75' lang='lat'>2</span> <span class='ocrx_word' id='word_1_446' title='bbox 535 4333 564 4378; x_wconf 81' lang='lat' dir='ltr'><strong>et</strong></span> <span class='ocrx_word' id='word_1_447' title='bbox 586 4324 671 4378; x_wconf 85' lang='lat' dir='ltr'><strong>Vind.</strong></span> <span class='ocrx_word' id='word_1_448' title='bbox 697 4328 724 4380; x_wconf 80' lang='lat'><strong>2.</strong></span> <span class='ocrx_word' id='word_1_449' title='bbox 752 4320 945 4390; x_wconf 72' lang='lat' dir='ltr'><strong>Poseidonias.</strong></span> <span class='ocrx_word' id='word_1_450' title='bbox 983 4323 1112 4397; x_wconf 68' lang='lat' dir='ltr'><strong>Pergunt</strong></span> <span class='ocrx_word' id='word_1_451' title='bbox 1135 4321 1226 4376; x_wconf 85' lang='lat' dir='ltr'><strong>Rehd.</strong></span> <span class='ocrx_word' id='word_1_452' title='bbox 1258 4327 1287 4376; x_wconf 87' lang='lat' dir='ltr'><strong>et</strong></span> 
     </span>
     <span class='ocr_line' id='line_1_52' title="bbox 137 4390 1105 4463; baseline -0.001 -16"><span class='ocrx_word' id='word_1_453' title='bbox 137 4395 234 4450; x_wconf 80' lang='lat' dir='ltr'><strong>Daish</strong></span> <span class='ocrx_word' id='word_1_454' title='bbox 254 4403 288 4450; x_wconf 80' lang='lat' dir='ltr'><strong>el</strong></span> <span class='ocrx_word' id='word_1_455' title='bbox 303 4396 529 4463; x_wconf 77' lang='lat' dir='ltr'><strong>innumeradiles,</strong></span> <span class='ocrx_word' id='word_1_456' title='bbox 547 4413 621 4450; x_wconf 68' lang='lat' dir='ltr'><strong>unsis</strong></span> <span class='ocrx_word' id='word_1_457' title='bbox 638 4397 692 4452; x_wconf 78' lang='lat' dir='ltr'><strong>Ox.</strong></span> <span class='ocrx_word' id='word_1_458' title='bbox 709 4390 1008 4463; x_wconf 52' lang='lat' dir='ltr'><strong>&amp;nummulamis</strong></span> <span class='ocrx_word' id='word_1_459' title='bbox 1046 4394 1105 4448; x_wconf 74' lang='lat' dir='ltr'><strong>Mt.</strong></span> 
     </span>
    </p>
   </div>
   <div class='ocr_carea' id='block_1_7' title="bbox 0 0 1432 5084">
    <p class='ocr_par' dir='ltr' id='par_1_8' title="bbox 0 0 1432 5084">
     <span class='ocr_line' id='line_1_53' title="bbox 0 0 1432 5084; baseline 0 0"><span class='ocrx_word' id='word_1_460' title='bbox 0 0 1432 5084; x_wconf 95' lang='lat' dir='ltr'><strong> </strong></span> 
     </span>
    </p>
   </div>
  </div>
 </body>
</html>
