2856 5084
436 237 448 337 J
559 271 689 374 steen
711 273 826 374 une
937 301 941 308 -
1174 270 1231 335 m

82 450 120 512 et
141 449 260 513 natura
280 437 421 512 deorum
445 399 596 512 studium
619 437 769 506 incendit
800 437 894 502 illius
923 436 1130 503 aeternitatis
1157 434 1249 512 imit

83 521 190 599 tandi,
221 543 326 606 neque
354 523 388 587 so
416 524 451 585 io
473 522 638 585 brevitate
659 522 749 589 vitae
772 520 966 584 collocatam
988 525 1100 600 putat,
1134 536 1234 600 quum

82 625 201 669 >rerum
222 625 337 677 causas
357 607 438 673 alies
461 604 594 667 axeliis
616 611 708 687 aptas
730 610 764 663 et
782 602 980 664 necessitate
1003 619 1102 662 nexas
1124 599 1234 664 videti

83 793 125 854 tit
142 793 178 856 dc
195 791 233 846 oi.
270 793 351 855 Unus
374 792 424 847 Ox.
447 789 567 855 intendit
586 790 701 855 exhibet
722 805 777 860 pro
803 789 934 855 incendit,
958 787 1032 850 Cud.
1054 791 1078 843 l.
1104 787 1173 861 Reg.
1192 785 1235 842 in-

82 865 184 929 cedit.
219 865 280 926 Mr.
760 914 765 922 .

35 984 38 999 ,
156 935 281 988 studiana
299 933 421 988 incendit
438 932 519 986 illias
537 930 718 986 aeternitatis
736 928 955 997 imitandae]
985 929 1145 998 „Quinque
1163 928 1234 984 Pell.

67 1004 168 1058 fabr.
197 999 373 1059 imitandi.“
399 1002 481 1056 Gabis.
520 1005 608 1068 „imo
638 1003 714 1064 idem
733 1003 828 1055 notari
846 1001 929 1054 video
949 1019 985 1055 ex
1011 1001 1088 1052 libro
1106 1016 1235 1081 romano,

83 1093 172 1151 quem
189 1076 361 1128 Vaticanum
380 1069 546 1133 Cebb'ardus
565 1074 708 1125 norninat:
729 1090 764 1124 ex
783 1088 840 1142 quo
859 1088 1003 1129 consensu
1015 1072 1166 1140 nequimus
1184 1066 1236 1122 du·

83 1144 175 1200 bitare
194 1147 224 1197 id
243 1164 302 1198 esse
321 1146 477 1211 Ciceronis,
496 1161 587 1214 quum
605 1142 737 1196 adhibeat
761 1160 823 1196 earn
848 1143 989 1214 Syntarrin
1011 1142 1099 1195 etiam
1115 1144 1150 1193 V.
1169 1140 1237 1205 Phi-

83 1212 156 1286 iipp.
178 1233 238 1287 cap.
258 1219 289 1272 3:
310 1217 434 1283 (arabae
453 1230 621 1282 agrorum
643 1213 702 1266 raia
725 1213 884 1267 latronibus
911 1213 1143 1274 condonandi.
1179 1212 1236 1266 Ubi

83 1286 237 1339 Ferrarius
254 1288 402 1357 praeclare
427 1296 457 1339 et
482 1289 545 1339 fere
571 1286 681 1355 primus
707 1284 785 1336 bane
811 1285 988 1338 locutionem
1014 1284 1182 1348 illustravit,
1206 1290 1236 1336 et

82 1357 178 1410 secuti
197 1367 263 1409 sunt
281 1357 413 1427 plures.“
448 1357 567 1410 Gronau.
768 1419 770 1424 .
862 1394 864 1398 ⁴
1025 1385 1030 1392 .

158 1427 241 1481 litiae
258 1427 440 1481 aeternitatis
459 1425 625 1492 imitandae]
646 1425 776 1494 Quinque
794 1425 986 1481 Pali-Febrim
997 1426 1068 1508 Reg.
1087 1424 1234 1478 Pithoean.

85 1497 157 1550 Med.
178 1507 207 1549 et
224 1499 292 1553 Bak.
312 1498 392 1551 illine
411 1497 588 1552 aeternitatis
606 1497 748 1551 imitandi.
769 1496 817 1548 ste
827 1496 938 1564 Codicis
952 1495 1122 1549 iustinianei
1141 1496 1191 1548 lib.
1202 1497 1234 1546 V.

84 1567 143 1620 Tit.
163 1569 300 1621 XXXVII.
320 1570 378 1643 leg.
398 1572 442 1624 22.
479 1568 575 1636 Ipsius
592 1568 731 1637 pecuniae
757 1565 798 1630 (in
825 1584 878 1636 qna
897 1568 981 1620 rebar
1005 1583 1083 1621 omne
1098 1567 1237 1636 patrimo·

85 1636 197 1692 niornm
215 1646 321 1692 veteres
337 1640 502 1709 posuerant)
520 1639 670 1691 fenerandi
688 1653 755 1690 aeae
772 1636 820 1689 aia
838 1639 1000 1702 diuturnae,
1024 1637 1072 1689 vic
1090 1639 1236 1691 continnae

84 1715 112 1761 et
129 1709 241 1764 stabitis
260 1717 309 1763 cet.
348 1711 456 1762 Eadem
475 1709 689 1762 construetione
707 1709 862 1773 Terentius
887 1718 930 1762 est
953 1727 1020 1760 usus
1038 1710 1146 1778 Hecyr.
1172 1709 1236 1760 Act.

26 1793 57 1851 .‘⁴
83 1781 139 1832 111.
168 1781 213 1835 Sc.
242 1781 296 1844 111,
324 1784 366 1836 12.
402 1781 474 1834 Vide
499 1779 649 1834 Sanctium
679 1787 708 1832 et
734 1779 917 1833 Perizonium
949 1781 1070 1833 illinere.
1105 1779 1157 1836 lib.
1182 1779 1234 1833 111.

83 1865 116 1902 ca
139 1853 226 1906 eto.
264 1852 301 1904 D.
690 1870 693 1877 ·

116 1867 137 1921 P
155 1921 280 1974 stadium
298 1920 422 1975 incendit
439 1921 520 1974 illine
538 1921 718 1976 aeternitatis
736 1920 904 1988 imitandae]
932 1920 1024 1989 „Cod
1044 1921 1113 1994 neg.
1134 1929 1163 1972 et
1180 1920 1235 1974 duo

83 1989 184 2048 Leidd.
204 1993 362 2046 imitandi.
399 1994 500 2062 ltaque
519 1993 675 2067 legendum
695 1992 789 2045 iudice
806 1992 929 2045 Davisio.
967 1992 1050 2045 illine
1070 2000 1167 2044 autem
1191 2006 1237 2043 re-

82 2062 236 2115 ferendum
256 2071 375 2116 estnon
393 2064 427 2115 ad
445 2072 613 2134 sequentem
630 2076 742 2126 voeern,
762 2063 810 2116 sed
828 2063 863 2119 ad
876 2061 1027 2117 etndiane.‘-‘
1045 2061 1134 2114 Βοιώ.
1171 2063 1236 2136 Ego

82 2148 154 2184 vero
174 2135 289 2186 restitui
307 2133 444 2188 imitandi
462 2153 499 2187 ex
517 2135 601 2187 Codd.
620 2135 690 2208 Reg.
710 2134 784 2187 Gud.
807 2139 830 2204 1.
859 2135 946 2186 Marb.
973 2137 1047 2186 Mon.
1069 2139 1094 2189 1.
1114 2129 1146 2188 2.
1167 2133 1236 2186 duo-

82 2202 135 2255 bus
158 2204 229 2259 Cxx.
262 2205 376 2276 (quibus
403 2205 515 2257 accedit
538 2205 644 2257 tertius
662 2205 787 2257 enatandi
811 2204 1075 2269 exbibens)'ltehd.
1101 2205 1235 2273 idemque

84 2275 195 2326 iactum
222 2293 281 2328 esse
305 2276 388 2328 video
411 2277 442 2326 in
467 2276 520 2328 Ed.
539 2275 611 2328 Tbn.
648 2275 783 2328 dolebant
800 2276 869 2327 talia
895 2276 1049 2328 obliterare
1072 2274 1187 2327 librarii
1206 2282 1237 2328 et

85 2353 273 2411 correctores,
298 2356 448 2398 consuetae
473 2354 634 2398 structurae
661 2346 818 2410 rariorem,
855 2359 941 2415 quam
975 2347 1074 2397 falsam
1099 2352 1237 2416 putarent

86 2417 342 2469 accommodantes.
377 2418 495 2468 Praeter
516 2416 613 2467 locum
636 2415 877 2485 Philippicarum,
905 2435 992 2487 quem
1018 2416 1145 2468 laudavit
1164 2417 1237 2477 Gro-

87 2486 199 2549 novius,
226 2485 312 2539 babes
339 2487 413 2556 apud
432 2486 601 2539 Ciceronem
629 2485 663 2538 de
683 2487 744 2538 inv.
765 2486 802 2541 11.
831 2490 861 2542 2:
900 2490 1142 2556 exemplarent
1165 2487 1237 2541 eti-

85 2555 197 2622 gcndi
221 2563 362 2623 potestate
383 2557 458 2609 Tim.
479 2559 510 2612 9:
548 2555 719 2623 reliqueram
744 2559 902 2611 siderum
925 2576 995 2628 qaae
1018 2555 1105 2610 caasa
1123 2559 1236 2613 caita-

83 2625 194 2678 candi
217 2627 321 2692 faerit5
349 2627 380 2677 in
403 2629 485 2680 Verr.
512 2628 559 2679 lv.
587 2630 635 2682 47:
665 2643 785 2680 earnm
804 2657 837 2665 —
856 2646 976 2682 rernm
1000 2630 1103 2698 nuliam
1129 2628 1185 2682 sibi
1203 2654 1236 2667 —

85 2697 300 2764 defendendi
325 2698 481 2764 inanitatem
505 2697 631 2767 reliquit.
668 2698 751 2750 Tales
770 2708 932 2752 structurae
955 2716 1021 2753 cum
1048 2701 1237 2771 reperiuntur

86 2767 118 2817 in
144 2768 240 2836 probis
267 2769 464 2838 scriptoribus,
494 2769 673 2843 iungendum
701 2778 743 2821 est
769 2770 980 2824 substantivum
1006 2789 1070 2824 curn
1095 2771 1237 2838 gerundia

86 2838 167 2905 quasi
192 2839 223 2889 in
246 2857 336 2893 unum
359 2840 530 2903 coaluerint,
560 2839 653 2897 veluti
680 2840 712 2890 in
729 2841 793 2892 loco
813 2840 847 2893 de
866 2842 930 2893 inv.
956 2841 1123 2908 eligendi
1138 2840 1237 2907 pete}
1339 2842 1342 2846 ’

13 2922 21 2956 ’.
86 2913 166 2959 stae
185 2907 257 2971 (die
275 2909 564 2972 Wablireiheit)
584 2913 820 2978 exemptarum
839 2911 923 2975 (der
939 2911 1157 2980 Beispiele).
1195 2912 1238 2963 Ea

84 2977 119 3035 de
138 2995 170 3031 re
194 2980 338 3048 disputavi
366 2989 431 3032 ante
455 2981 568 3050 aliquot
593 2997 680 3032 annos
708 2982 739 3032 in
765 2981 953 3050 premerid.
972 2983 1043 3034 Litt.
1070 2981 1239 3034 Heidelber-

84 3066 177 3123 genss.
199 3050 288 3114 (1826.
299 3051 393 3104 lntBl.
413 3052 449 3105 N.
460 3053 514 3116 8.),
535 3051 615 3103 cuius
634 3051 835 3121 disputationis
854 3053 929 3106 mira
948 3053 1086 3122 quaedem
1104 3059 1135 3104 et
1151 3052 1237 3121 plene

86 3120 241 3192 singularis
258 3122 317 3173 iuit
336 3139 430 3174 causa:
450 3121 557 3174 ibidem
577 3130 606 3173 et
624 3121 722 3190 plures
739 3129 872 3174 veterum
891 3124 969 3176 locos
988 3131 1018 3176 et
1036 3123 1124 3179 libros
1143 3140 1238 3196 green

84 3191 204 3247 maticos
216 3191 349 3262 tardatos
369 3192 505 3262 reperies.
541 3192 593 3242 His
617 3191 686 3245 adde
706 3192 841 3251 Garaton.
869 3194 904 3246 ad
922 3194 1048 3264 Philipp.
1068 3194 1089 3245 l.
1104 3211 1134 3244 c.
1153 3211 1182 3262 p.
1202 3197 1236 3249 98

84 3279 126 3329 sq.
154 3261 198 3314 ed.
216 3261 369 3317 Wernsdf.
394 3265 457 3316 den.
478 3263 535 3315 Lit.
556 3264 620 3334 ztg.
643 3265 719 3318 1826.
741 3266 801 3319 132.
828 3282 856 3333 p.
877 3267 912 3320 et
931 3284 972 3334 sq.
1004 3264 1090 3317 Jahn.
1118 3263 1235 3316 Jahrbb.

84 3334 163 3388 1827.
184 3333 222 3385 11.
243 3336 267 3386 l.
288 3335 380 3404 1146.
405 3334 499 3387 Kritz.
527 3333 562 3384 ad
579 3333 648 3386 sall.
674 3333 734 3398 Cat.
754 3337 799 3399 31,
819 3336 845 3387 5.
864 3352 893 3403 p.
915 3339 966 3391 144
987 3352 1031 3403 sq.
1060 3333 1182 3387 Beneck.
1202 3334 1237 3389 ad
1270 3373 1273 3384 .

85 3402 147 3457 Cic.
176 3403 260 3457 Catil.
286 3404 310 3455 1.
333 3407 361 3458 3.
384 3408 408 3457 7.
431 3421 459 3472 p.
479 3407 522 3459 ³7.
552 3404 704 3459 Wiillner.
731 3405 778 3456 iib.
803 3403 828 3455 d.
849 3405 910 3457 Cas.
929 3425 956 3463 u.
976 3404 1048 3463 Mod·
1073 3423 1102 3474 p.
1125 3406 1176 3465 1⁰6
1193 3423 1235 3473 sq.

16 3500 25 3506 ·
83 3475 147 3527 114.
177 3474 264 3527 brit.
289 3473 366 3537 ,eibi
390 3477 469 3530 1829.
497 3477 558 3528 107.
583 3492 610 3542 p.
631 3476 691 3530 428.
728 3475 844 3549 Kriiger
867 3477 913 3529 tib.
940 3477 965 3526 d.
985 3474 1107 3530 Attract.
1127 3493 1154 3543 p.
1173 3477 1236 3533 2152.

85 3544 156 3611 Lpa.
181 3545 239 3598 hit.
267 3547 333 3617 neg.
362 3547 439 3599 1830.
468 3547 528 3600 155.
555 3561 583 3612 p.
606 3546 736 3613 1287‘sq.
766 3577 796 3586 -
836 3548 891 3598 Pro
913 3548 1096 3599 aeternitatis
1117 3545 1235 3607 ,inCod-

85 3615 162 3665 Mon.
184 3618 207 3666 l.
229 3623 270 3666 est
289 3615 492 3678 aeternitatis,
512 3616 543 3665 in
562 3630 619 3671 uno
637 3616 687 3673 ex.
709 3622 751 3666 est
768 3618 936 3674 mutandam.
975 3618 1034 3671 Mr.

98 3718 101 3723 -
158 3680 252 3750 Neque
270 3700 299 3735 ee
317 3684 349 3736 in
361 3685 502 3741 ‚brevitate
520 3684 594 3737 vitae
612 3685 792 3743 conlocatum
817 3688 909 3754 paim]
945 3688 1039 3760 Vulgo
1063 3687 1236 3743 collocatam.

88 3749 144 3802 Sed
162 3752 197 3803 ad
213 3751 363 3806 hominem
376 3757 433 3823 ¹qai
450 3756 521 3808 haec
540 3755 636 3807 anirno
654 3764 769 3820 tract-at,
785 3774 846 3814 nen
864 3758 898 3810 ad
917 3758 1125 3832 cogitationem
1144 3761 1238 3812 refer·

88 3832 148 3875 tur.
185 3821 276 3887 Quare
294 3824 440 3877 Pithnean.
461 3834 490 3876 et
507 3827 621 3889 Erasini
641 3827 796 3879 editionem
817 3845 929 3899 sequor·
967 3829 1004 3883 1).
1047 3885 1049 3890 .

157 3909 242 3960 neque
267 3909 297 3945 ee
321 3895 350 3946 in
376 3894 509 3948 brevitate
532 3895 608 3948 nitar
633 3898 851 3951 collocatam
878 3899 990 3966 putatr]
1032 3898 1148 3962 „Aliud
1177 3901 1238 3982 egit

85 3965 155 4017 Dav.
176 3965 337 4017 collocatam
355 3966 489 4017 scribens.
526 3966 699 4019 Collocatam
716 3966 751 4019 ad
769 3975 879 4026 retentem
895 3968 1092 4020 referendum:
1113 3986 1145 4023 ea
1161 3985 1239 4020 emm

86 4034 180 4093 iudice
199 4035 338 4088 Cicerone
366 4035 675 4089 adimmortalitatem
701 4037 796 4089 tendit
815 4054 934 4106 eamque
953 4037 1126 4092 desiderat.“
1150 4037 1238 4093 Beate.

86 4105 285 4170 „Collocatnm
303 4104 383 4167 dedit
397 4105 494 4161 Davis.
514 4108 595 4175 quasi
613 4107 643 4157 id
661 4107 695 4158 ad
709 4103 847 4165 'bantinern
876 4109 1030 4161 referatur.
1069 4105 1124 4161 Sed
1148 4112 1239 4163 reser-

86 4183 136 4226 tur
153 4177 187 4228 ad
204 4177 291 4229 verba
309 4182 341 4228 nt
360 4177 424 4244 ipsa
442 4191 473 4228 se
490 4192 562 4228 mene
581 4179 745 4242 αέςηοεεαί,κ
760 4176 871 4233 Scitin.
909 4179 1001 4234 Nemo
1029 4177 1176 4232 obsecutus
1196 4188 1238 4234 est

80 4245 208 4299 Davisio.
245 4247 387 4321 Neglecto
414 4265 449 4299 m.
471 4245 556 4298 Codd.
576 4247 645 4318 Reg.
673 4247 746 4300 Gud.
766 4251 791 4303 l.
811 4251 836 4304 2.
856 4248 970 4303 babent
987 4251 1137 4310 collocata:
1166 4268 1237 4304 unus

87 4317 136 4385 Ox.
154 4325 260 4386 pertarit.
298 4317 380 4370 Alius
400 4325 456 4370 tarn
472 4333 528 4456 pro
548 4330 638 4384 qnam.
675 4317 736 4380 Mr.
1223 4330 1226 4334 ’

57 4458 60 4463 ¹
158 4389 233 4443 aliae
252 4404 285 4442 en
305 4389 374 4444 aliia
392 4396 472 4459 aptae
519 4387 720 4458 „ltaeemper
739 4397 767 4441 et
786 4390 903 4461 ubique,
923 4391 982 4447 alia
1000 4407 1033 4446 ex
1052 4390 1129 4459 aliia.
1151 4393 1235 4446 Finn.
