2856 5084
417 271 641 339 EXCURSUS
662 272 706 337 V.
732 272 774 334 sd
796 272 821 336 Ι.
843 272 893 338 tt.
917 273 988 337 loo.
1187 274 1190 281 ’
1213 273 1274 340 367

132 428 241 492 Critiae
257 436 388 508 propino.
413 455 480 490 nam
495 435 667 491 ‘Athenaeus
691 437 763 491 citat
786 436 873 489 etiam
895 452 928 489 eo
951 436 1015 489 loco
1036 433 1198 501 Pindarum,
1223 438 1275 506 qui

130 506 267 576 Ἀγάθωνι
283 507 315 560 di
333 509 406 562 suini
423 504 556 574 κότταβον
573 509 662 562 dixit:
691 509 818 577 quamvis
836 507 937 559 Cicero
954 507 1070 560 videtur
1093 506 1180 559 aliter
1196 503 1275 561 hunc

132 580 230 632 locum
249 579 437 645 intellexisse,
456 597 522 631 eum
539 595 649 632 morem
668 597 733 631 eum
752 593 894 647 exponens
913 577 1002 630 dicat:
1030 575 1133 630 Graeci
1153 577 1275 632 enimin

134 647 270 702 conuiciis
287 652 378 701 solent
397 649 553 713 nominare,
570 650 618 702 cui
632 653 760 716 poculum
779 648 915 702 tradituri
937 649 1002 700 sint.
1038 647 1094 700 Sed
1118 648 1141 699 si
1166 656 1275 701 attente

133 720 293 772 consideres
311 719 508 789 Xenophontis
527 729 555 773 et
573 720 688 772 Pindari
704 719 800 784 verba,
821 727 851 771 et
867 719 995 789 primum
1012 727 1109 771 ortum
1127 718 1213 770 huius
1230 719 1275 770 lu-

132 808 188 856 sus,
206 808 222 842 a
239 790 436 859 Theophrasto
453 791 602 855 traditum,
629 807 686 842 non
705 790 897 863 inelegantius
914 791 1034 842 fortasse
1051 789 1176 857 putabis,
1202 788 1276 841 allu-

133 860 203 913 sisse
221 860 429 913 Theramenem
456 862 490 913 ad
513 863 661 930 antiquam
679 860 923 921 consuetudinem,
950 859 1091 912 amoribus
1117 868 1146 911 et
1164 859 1277 912 deliciis

134 931 192 982 suis
209 930 265 983 hoc
284 948 397 982 merum
416 931 532 985 libandi.
570 932 629 984 Gur
647 932 724 983 enim
743 941 771 984 et
789 930 981 983 Theramenes
1006 931 1067 998 ipse
1093 939 1122 982 et
1139 931 1276 984 Pindarus

134 1004 208 1066 aciei
226 1000 409 1066 addidissent,
428 1002 485 1053 nisi
503 1002 558 1054 hoc
576 1002 697 1055 innuere
715 1002 891 1054 voluissent?
902 1001 922 1029 “
960 998 1111 1055 Victorius.

205 1089 332 1141 Eandem
354 1090 499 1142 Victorius
525 1089 752 1142 emendationem
774 1089 926 1158 proposuit
948 1090 1030 1143 Varr.
1055 1090 1148 1141 Lectt.
1171 1088 1229 1140 XV·
1249 1093 1274 1145 7.

134 1178 163 1229 p.
182 1163 242 1215 377.
279 1159 378 1224 „Cum
400 1160 524 1213 Victorii
550 1160 635 1213 libris
660 1175 756 1211 omnes
782 1160 874 1211 nostri
897 1159 1079 1210 consentiunt
1111 1168 1139 1211 et
1164 1161 1277 1231 conspi-

135 1238 209 1282 rant.
247 1229 416 1282 Obdux'isset
442 1240 537 1282 autem
556 1231 575 1281 i.
597 1246 620 1282 e.
649 1229 852 1292 exsorbuisset,
880 1229 1019 1281 ebibisset.
1065 1229 1200 1281 Horatius
1225 1230 1276 1283 Od.

135 1300 189 1352 111.
210 1303 242 1354 32
269 1301 349 1353 illum
375 1316 426 1366 ego
451 1300 560 1352 lucidos
583 1300 662 1354 latire
685 1300 773 1364 sedes,
796 1300 895 1351 ducere
914 1301 1036 1352 nestoris
1054 1298 1162 1365 Succos,
1187 1304 1213 1352 et
1229 1303 1278 1354 ad-

137 1369 227 1422 scribi
242 1370 342 1436 quietis
361 1369 511 1423 Ordinibus
527 1371 625 1440 potior
643 1369 788 1422 deorum.“
809 1368 973 1422 Lambinus.
1008 1369 1078 1433 „ct
1103 1368 1276 1423 Commentt.

135 1441 233 1491 bamb.
264 1441 374 1491 Horatt.
409 1442 443 1492 ad
467 1442 505 1492 ll.
532 1441 655 1494 Carmm.
682 1443 722 1494 14.
749 1440 792 1494 27.
819 1447 848 1491 et
873 1439 931 1493 vid.
957 1442 1076 1491 Pareum
1106 1439 1177 1492 Lex.
1203 1439 1276 1494 crit.

136 1527 166 1578 p·
185 1512 245 1564 818.
266 1510 313 1564 1.“
331 1509 424 1566 Klein.
455 1510 525 1564 Add.
551 1511 703 1563 Schottum
727 1509 762 1562 ad
780 1509 878 1561 Aurei.
896 1509 1004 1562 Victor.
1028 1509 1063 1560 ds
1080 1508 1141 1560 Vir.
1161 1510 1214 1562 111.
1234 1514 1277 1568 76.

136 1595 165 1648 p.
185 1581 245 1635 281.
266 1580 308 1631 ed.
329 1579 468 1632 Arntzen.
505 1582 643 1647 „Noster,
663 1598 678 1631 a
695 1597 764 1632 vera
781 1580 907 1632 lectione
924 1595 982 1631 non
1000 1595 1174 1650 magnopere
1200 1581 1279 1634 aber-

139 1667 213 1715 rans,
233 1649 385 1702 obdisisset
403 1652 497 1703 habet.
519 1683 551 1695 —
571 1649 724 1704 Obbibisset
742 1651 792 1700 vul
807 1645 854 1702 ‘ati
871 1648 1008 1728 habent.“
1025 1650 1140 1702 Brutus.
1168 1649 1279 1704 Habent

137 1726 232 1771 autem
259 1719 415 1773 obduxisset
439 1722 567 1791 quinque
592 1719 679 1774 codd.
707 1719 776 1772 Pall.
828 1720 893 1773 atic.
925 1721 1053 1788 quinque
1085 1720 1153 1771 Oxx.
1186 1723 1279 1774 nostri

136 1789 205 1864 Re'g.
232 1790 304 1842 Gud.
327 1795 350 1844 1.
377 1792 458 1843 Vind.
480 1795 504 1846 2.
532 1791 605 1864 Aug.
630 1791 716 1843 Marb.
741 1791 825 1842 Bern.
851 1787 921 1841 Edd.
946 1790 1013 1843 Rob.
1038 1789 1279 1859 steph.HW01f.

137 1857 199 1921 (hic
218 1860 248 1910 in
266 1878 357 1911 marr.
378 1861 543 1924 ebibisseti)
561 1861 658 1914 Lamb.
679 1861 757 1929 Sylb.
777 1861 856 1913 Brut.
876 1867 986 1928 etpost
1005 1860 1095 1913 Gebh.
1115 1877 1220 1913 omnes.
1244 1864 1280 1916 In

138 1929 206 1982 Ood.
225 1929 313 1982 Rehd.
330 1903 445 2006 legitur
462 1932 631 1995 obduxisset,
655 1932 686 1981 in
704 1947 761 1982 uno
780 1931 828 1983 Ox.
848 1929 995 1992 hausisset,
1027 1931 1060 1981 in
1077 1931 1133 1982 alio
1157 1931 1279 1999 bibisset,

138 1998 170 2050 in
193 2000 360 2074 margslVlS.
385 2001 448 2053 Ald.
468 2004 493 2064 2.
522 2001 595 2053 Gud.
614 2000 711 2055 Duisb.
736 2001 789 2052 Ed.
809 2000 842 2052 Ε.
862 2002 932 2052 Ven.
959 1999 1054 2050 Alteri
1072 2000 1220 2053 ebibisset.-
1249 2003 1282 2053 in

139 2069 242 2138 quibus
261 2070 392 2122 omnibus
410 2064 541 2143 agnoscis
560 2071 755 2145 glossatorem.
791 2069 908 2139 Reliqui
925 2069 1031 2122 habeut
1049 2067 1206 2136 obbibisset,
1232 2071 1282 2125 ubi

138 2138 218 2192 vides
236 2157 354 2193 manum
371 2141 552 2206 correctoris,
571 2141 622 2209 qui
640 2157 707 2192 cum
725 2139 817 2192 nollet
834 2141 960 2193 abiicere
981 2141 1221 2210 'praepositionem
1238 2143 1281 2208 ob,

138 2210 310 2261 vocabulum
333 2211 468 2280 procudit
491 2229 549 2265 non
575 2211 659 2264 modo
681 2209 800 2263 minime
819 2211 1050 2277 Ciceronianum,
1075 2211 1124 2265 sed
1150 2228 1186 2266 ne
1204 2212 1282 2266 Lati·

140 2296 210 2332 num
228 2280 354 2348 quidem.
390 2281 448 2338 Mr.

638 2432 803 2443 ...-..----·

338 2574 343 2601 l

483 2612 833 2691 EXCURSUS
883 2617 930 2688 V.

599 2765 673 2817 aar.
701 2766 824 2820 aaron.

113 2883 118 2898 ’
213 2886 330 2949 „Verba
349 2887 495 2941 Ciceronis
514 2897 580 2941 sunt
597 2887 647 2939 lib.
667 2888 689 2938 Ι.
710 2887 951 2940 Tusculanarums
971 2885 1040 2939 (lum
1053 2885 1286 2941 lacedaemonius

143 2955 265 3023 quidum,
285 2987 318 2997 -
337 2988 369 2998 -
391 2986 422 2998 -
438 2971 492 3024 ⁸—3
518 2975 569 3024 ego
587 2973 652 3009 vero
670 2955 718 3010 illi
735 2955 886 3008 monimum
908 2957 1035 3022 gratiam
1055 2955 1149 3021 babeo,
1174 2956 1221 3024 qui
1241 2974 1285 3010 me

89 3088 93 3095 .
143 3041 177 3077 eo
210 3043 296 3093 poena
321 3028 488 3092 multaverit,
521 3043 600 3096 quum
634 3028 693 3079 sine
720 3028 903 3090 mutuatione,
934 3033 959 3077 et
988 3028 1049 3080 sine
1078 3043 1190 3080 versura
1220 3044 1284 3094 pos·

142 3111 198 3148 sem
217 3097 374 3150 dissolvere.
395 3125 428 3136 -
465 3099 520 3151 Ubi
538 3097 672 3150 mutuatio
691 3105 735 3148 est
753 3098 887 3170 gratuita,
905 3113 1021 3150 versura
1039 3097 1191 3150 foenebris.
1211 3099 1285 3151 Nam

143 3163 176 3216 hi
196 3165 250 3217 duo
269 3167 346 3219 modi
365 3177 431 3221 sunt
448 3169 594 3237 pecuniae,
623 3184 708 3236 quam
729 3183 787 3218 non
806 3184 840 3218 ex
867 3175 916 3220 tuo
933 3166 1043 3232 habeas,
1070 3185 1105 3221 ex
1127 3167 1221 3220 alieno
1240 3168 1285 3218 in-

145 3236 315 3289 veniendae:
347 3256 400 3308 per
422 3240 583 3314 gratuitum
606 3246 748 3300 mutuum,
776 3245 824 3288 aut
844 3253 898 3305 per
920 3239 1068 3291 foenebre.
1109 3237 1203 3306 Atque
1229 3237 1285 3291 boc

143 3307 285 3374 posterius
305 3324 420 3363 versura
438 3317 489 3362 est.
525 3308 635 3361 Vereor
652 3316 757 3370 tamen,
777 3323 813 3358 ne
832 3307 940 3360 Graeca
962 3307 1048 3361 verba
1071 3308 1146 3360 male
1168 3325 1285 3378 acceps-
1338 3369 1340 3374 1

144 3375 186 3426 rit
205 3375 316 3443 Cicero,
344 3397 415 3448 quae
438 3380 512 3448 apud
529 3377 716 3432 Plutarchum
742 3384 839 3428 extant
866 3377 897 3428 in
915 3378 1174 3452 Apophthegmatis
1197 3377 1285 3430 haco-

144 3445 229 3510 nicis,
253 3447 301 3497 ubi
325 3458 354 3500 et
372 3467 477 3502 nomen
501 3449 581 3500 illius
602 3447 821 3511 Lacedaemonii
848 3449 1010 3515 reperitur,
1038 3447 1115 3519 quod
1139 3447 1285 3515 proditam

145 3522 242 3567 tamen
260 3520 414 3573 memoriae
434 3526 519 3592 negat
536 3519 589 3570 ille
607 3516 811 3570 disertissimus
830 3517 945 3570 Romuli
963 3527 1111 3587 nepotum,
1130 3525 1286 3572 etvocatur

146 3586 324 3653 Θεκταμένης.
359 3589 407 3642 Sic
430 3589 523 3663 igitur
546 3589 598 3640 ille
621 3586 770 3656 respondit
792 3587 999 3660 interroganti,
1027 3605 1062 3640 an
1087 3596 1286 3640 contemneret

144 3655 224 3725 leges
241 3658 383 3731 Lycurgi:
408 3660 487 3727 Οὐχὶ,
511 3658 578 3710 ἄλλα
596 3657 710 3723 γέγηθα,
735 3657 778 3710 ὅτι
795 3656 839 3709 δεῖ
852 3675 887 3723 με
904 3657 955 3724 τὴν
972 3661 1073 3724 ζημίαν
1090 3655 1201 3722 ἐκτῖσαι,
1220 3655 1282 3726 παρ’

147 3721 261 3783 οὐδενὸς
288 3721 350 3779 oiire
367 3745 396 3779 τι
418 3729 625 3794 derisores,
651 3722 712 3781 οὔτε
736 3721 1002 3792 δανεισάμενον.
1039 3728 1087 3781 Sic
1114 3728 1192 3781 enim
1215 3729 1285 3780 scri·
1313 3732 1316 3737 ’

146 3795 280 3858 bendum,
308 3813 375 3863 non,
398 3807 431 3867 ut
449 3800 552 3862 editur,
579 3793 642 3850 οὔτε
658 3797 842 3862 derationare.
880 3798 957 3861 Quae*
973 3799 1013 3850 sic
1030 3801 1112 3851 fuere
1129 3798 1283 3851 vertenda:

147 3866 220 3932 puod
244 3863 315 3916 banc
338 3885 380 3920 me
402 3869 519 3920 multum
533 3869 683 3922 'exsoluere
705 3875 839 3936 oporteat,
867 3868 928 3920 sine
951 3867 1037 3933 stipis
1060 3867 1206 3935 petitione,
1235 3873 1285 3918 ont

147 3935 321 3991 mutuatione.
358 3938 419 4004 Vel,
437 3947 471 3989 ut
488 3938 602 3990 brevius
620 3940 680 4001 liat,
700 3939 762 3990 sine
781 3939 855 4007 stips
873 3956 906 3989 ac
924 3945 1033 3989 mutuo.
1070 3937 1124 4000 Qui
1141 3936 1217 4004 petit
1234 3938 1286 3988 ali-

148 4004 227 4074 quid,
246 4015 280 4058 ut
297 4006 406 4069 reddat,
429 4009 563 4060 αἴτεῖσθαι
581 4008 698 4072 dicitur,
725 4016 759 4059 ut
776 4009 807 4058 in
825 4016 933 4062 mutuo.
970 4007 1024 4072 Qui
1041 4024 1099 4059 non
1120 4007 1285 4059 redditurus

148 4085 241 4148 rogat,
265 4076 361 4142 αἰτεῖν,
387 4087 421 4129 ut
444 4080 475 4129 in
492 4079 576 4147 stipe,
604 4087 633 4130 et
659 4077 846 4146 eleemosyna.
883 4079 921 4140 At
939 4077 1113 4141 δανείζεσθαι
1129 4083 1286 4146 utrumque

149 4163 238 4268 {enus
255 4148 441 4200 mutuationis
460 4147 687 4216 comprehendit,
705 4149 848 4221 gratuitae
862 4156 896 4200 *et
912 4148 1065 4207 foenebris.
1104 4147 1176 4200 male
1194 4147 1288 4222 igitur

174 4217 261 4281 icero,
280 4219 304 4270 si
323 4219 440 4284 Graeca,
465 4219 567 4286 quibus
584 4237 650 4270 usus
669 4225 712 4270 est
730 4217 828 4269 eadem
845 4220 927 4270 fuere
946 4234 1012 4269 cum
1031 4219 1101 4283 illis,
1125 4233 1196 4285 qnae
1214 4218 1288 4287 apud

149 4285 333 4341 Plutarchum
359 4286 510 4354 habentur,
532 4289 582 4341 τὸν
605 4286 865 4354 cresconiadem,
891 4288 942 4356 qui
959 4297 1087 4341 mutuam
1111 4287 1173 4340 sine
1190 4288 1287 4342 usuris

149 4358 233 4427 petit,
256 4361 376 4429 accepit,
404 4369 433 4414 ct
456 4356 662 4427 δανεισάμενον,
687 4355 722 4412 de
748 4375 789 4420 eo,
816 4359 867 4426 qui
884 4375 1032 4411 versuram
1048 4359 1127 4422 facit,
1150 4358 1207 4412 hoc
1234 4365 1286 4422 est,
