2856 5084
419 344 427 388 3
514 299 642 361 LIBER
661 297 709 378 V,
730 301 781 366 85.
1150 297 1227 363 -219

194 464 284 527 Haec
305 460 416 541 habea,
438 482 520 544 qaae
539 465 600 541 edi,
622 483 765 546 quaeqae
783 473 973 527 exsaturata
996 445 1095 527 troiae

199 549 338 611 Haasits
360 557 396 610 at
417 548 476 610 itta
497 551 603 610 iacent
623 549 721 609 malta
743 557 775 610 et
793 548 963 628 praeclara
985 549 1109 610 relicta.

76 756 104 807 Ρ.
123 739 185 794 382.
206 753 221 789 e
239 735 297 789 MS·
318 735 443 809 corrigit
460 735 609 805 Assyriae:
630 737 706 805 quod
719 745 832 788 secutus
850 746 928 788 suni:
959 735 1013 788 etsi
1032 733 1118 804 Syria
1137 735 1227 788 inte'r-

77 809 146 861 dum
162 823 216 878 pra
235 807 358 876 Assyria
376 807 486 859 dicitur
503 808 578 876 apud
596 807 719 860 Graecos
744 815 774 858 et
791 806 918 870 Latinos,
941 815 975 857 ut
997 806 1032 858 ad
1048 806 1079 857 h.
1098 804 1119 857 l.
1146 807 1228 859 docet

76 879 248 932 Boherius.“
266 879 335 930 Era.
372 878 418 930 Ita
434 877 573 930 videlicet
591 878 661 930 ille:
690 879 818 942 „Merita
847 878 1013 948 repudiavit
1030 877 1099 928 Dav.
1129 893 1228 929 eorum

80 950 318 1014 emendationem,
344 950 395 1018 qui
419 949 603 1022 corrigebant
628 947 785 1017 Assyriae·
813 949 974 1000 Herodotus
999 948 1077 1000 enim
1098 949 1162 1000 Vll.
1182 951 1226 1003 63.

79 1038 135 1086 aas,
163 1021 212 1086 ait,
240 1020 291 1090 qui
309 1037 324 1071 a
341 1019 468 1072 barbaris
487 1020 670 1089 appellentur
688 1018 816 1088 Assyrii,
835 1038 851 1071 a
869 1019 989 1072 Graccis
1010 1018 1154 1070 nominari
1176 1017 1229 1087 Sy-

79 1108 138 1145 ros.
175 1092 256 1145 Idem
272 1098 396 1143 testatur
414 1089 515 1142 Strabo
532 1090 678 1160 principio
703 1090 773 1142 libri
791 1091 868 1145 xvi.
886 1108 915 1159 Ρ.
936 1091 996 1145 737.
1022 1089 1056 1142 de
1082 1088 1152 1140 urbe
1176 1090 1230 1141 Ni·
1334 1150 1338 1158 ,

79 1164 147 1214 nive
167 1171 196 1216 et
214 1163 249 1215 de
269 1161 458 1231 Sardanapalo
479 1160 608 1230 loquens.
644 1160 764 1213 Dixerat
783 1162 860 1214 idem
878 1160 935 1213 iam
953 1163 986 1212 1..
1006 1161 1044 1211 ll.
1063 1178 1091 1229 Ρ.
1112 1162 1158 1214 84:
1182 1161 1229 1225 τῆς

78 1253 106 1288 τε
123 1231 312 1302 Σεμιράμιδος
334 1235 380 1284 aas
405 1233 454 1284 τοῦ
478 1232 567 1286 atrae
589 1229 709 1300 Σύρων
731 1233 898 1300 λεγομένων.
935 1232 975 1283 Et
993 1229 1168 1295 Clitarchus,
1195 1239 1229 1282 ut

14 1335 15 1338 =
80 1307 174 1357 refert
191 1303 354 1356 Athenaeus
371 1303 436 1355 XII.
456 1306 481 1357 7.
501 1304 536 1356 de
554 1303 744 1371 Sardanapalo
762 1303 882 1373 loquens
901 1319 967 1354 eum
983 1301 1120 1371 Syrorum
1137 1317 1228 1375 regno

80 1375 236 1443 spoliatum
252 1375 340 1426 fuisse
357 1375 462 1426 refert:
489 1380 537 1440 τῆς
554 1373 656 1445 Σύρων
677 1373 771 1442 ἀρχῆς.
810 1377 925 1426 Possum
951 1372 1100 1441 complura
1124 1370 1229 1424 afferre

79 1445 138 1498 alia
156 1445 296 1497 eiusmodi
314 1445 457 1513 exempla:
477 1444 526 1498 sed
542 1446 578 1497 ad
586 1445 701 1497 Latinos
711 1450 832 1508 transeo,
852 1445 903 1513 qui
920 1441 1229 1514 plerumqueGraecos
1286 1452 1289 1457 '

79 1525 148 1568 sunt
164 1517 263 1568 secuti.
301 1515 489 1568 'testimoniis
507 1534 524 1567 a
540 1516 655 1568 Davisio
673 1515 768 1567 allatis
792 1516 861 1567 adde
881 1514 911 1579 Q.
932 1512 1067 1565 Curtium
1083 1514 1117 1563 V.
1139 1516 1163 1565 l.
1182 1513 1228 1568 35.

79 1588 132 1656 qui
149 1587 189 1638 ita
207 1587 241 1639 de
258 1586 352 1638 hortis
369 1586 536 1656 Babylonist
564 1585 668 1656 Syriae
686 1601 791 1653 regem,
819 1586 960 1654 Babylone
977 1590 1150 1651 regnantem,
1180 1581 1230 1636 saa

79 1674 148 1725 apae
176 1673 234 1711 esse
256 1656 383 1710 melitam
408 1659 556 1710 memoriae
578 1655 721 1725 proditam
746 1663 797 1711 est.
836 1655 1101 1729 Ceterumnegati
1126 1654 1229 1723 nequit
1273 1711 1276 1715 ,

79 1729 337 1782 Ciceronemalibi
355 1727 390 1780 de
408 1726 596 1798 Sardanapalo
615 1726 793 1795 loquentem,
811 1735 845 1779 ut
864 1729 898 1780 da
916 1727 1001 1779 Finn.
1012 1726 1050 1778 11.
1069 1727 1112 1780 32.
1133 1725 1229 1777 dicere

78 1800 128 1856 itte
150 1816 201 1852 rex
229 1798 373 1868 Assyriae.
411 1799 471 1852 Sed
489 1798 569 1851 hunc
593 1798 688 1868 ipsum
713 1797 875 1859 locumeic
897 1805 994 1850 nostro
1022 1793 1230 1848 emendandum

80 1871 222 1927 existimo.
253 1869 325 1935 [lam
349 1870 389 1921 ita
407 1887 443 1935 ex
461 1869 546 1923 codd.
571 1869 700 1921 correxit
722 1868 781 1935 On]
816 1871 858 1923 Ut
883 1885 954 1922 vero
978 1868 1088 1936 saepius
1112 1865 1230 1935 Assyria

79 1942 198 1994 nomine
216 1940 318 2010 Syriae
337 1940 478 2010 appellata
497 1949 539 1992 est
562 1941 604 1991 ita
622 1955 828 2009 nonnunquam
851 1939 985 2008 Assyriae
1009 1938 1125 1990 nornine
1144 1937 1230 2005 Syria

79 2011 320 2140 {gpiiicagibgtp’r.a
334 2010 391 2098 ,le
409 2011 657 2135 AppillesATatips
685 2011 716 2100 in
733 2010 873 2134 lypporiae
895 2008 1228 2133 appateriaetprincipio:

106 2101 174 2136 ιων
212 2103 232 2133 π
288 2100 370 2134 aare
409 2096 500 2135 ποι·
555 2095 607 2133 σου
636 2098 675 2133 ων
797 2097 878 2133 010011.
944 2097 1050 2132 01111
1085 2090 1101 2129 r
1130 2093 1229 2132 errore

79 2153 153 2224 lapsi
171 2160 237 2204 sunt
255 2102 431 2228 Augustinus
456 2100 837 2222 11Τ11111111ιε1εογᾱε11
860 2151 1011 2221 Assyrium
1019 2098 1227 2218 gappellantes:

78 2241 137 2293 quo
155 2225 271 2276 nomine
298 2241 344 2276 eos
362 2224 470 2276 acriter
488 2224 639 2297 castigavit
662 2223 696 2274 ad
713 2224 799 2280 Tusa.
820 2224 843 2275 1.
864 2226 907 2278 16.
941 2220 1014 2286 [Imo
1035 2237 1106 2272 vero
1123 2219 1230 2271 merito

77 2303 147 2346 sunt
163 2295 346 2367 reprehensi:
373 2311 427 2346 nec
446 2294 605 2359 semidea,
625 2293 701 2363 quod
719 2294 821 2364 Syriae
845 2302 942 2345 terrac
965 2291 1098 2360 Assyriae
1124 2305 1231 2342 nomen

80 2365 258 2429 indiderant,
277 2365 326 2418 sed
345 2365 420 2433 quod
438 2364 545 2431 Syrum
564 2365 687 2417 insulam
704 2380 762 2416 non
781 2383 797 2418 a
815 2363 900 2433 Syria
918 2359 1145 2434 distinxeruntz]
1164 2359 1230 2411 vid.

80 2437 115 2489 de
135 2455 167 2488 ea
185 2454 216 2488 re
235 2436 268 2488 A.
287 2435 407 2489 Relandi
424 2435 611 2488 Palaestinam
634 2453 663 2506 Ρ.
684 2438 763 2490 1612.
801 2432 879 2501 Quod
904 2450 974 2485 vero
999 2432 1040 2484 ad
1058 2431 1231 2500 Sardanapa-

80 2511 145 2561 lum
163 2506 275 2571 attinet,
295 2507 355 2559 eius
373 2506 539 2575 sepulcrum
557 2522 685 2576 saraque,
708 2506 742 2558 de
762 2523 817 2575 qua
841 2505 974 2574 loquitur
991 2503 1105 2570 Cicero,
1128 2500 1232 2554 inseri:

79 2579 220 2651 ptionem',
238 2576 305 2631 vide
322 2592 415 2628 meam
432 2577 466 2630 de
486 2576 674 2646 Sardanapalo
693 2576 923 2629 dissertationem
949 2575 984 2627 ad
1001 2573 1109 2626 calcem
1126 2571 1232 2624 harum

80 2646 330 2704 annotationum.“
352 2646 442 2713 Baat.
478 2647 533 2700 Est
558 2665 590 2701 ea
612 2648 793 2721 pagellarum
817 2647 946 2699 LXVIII.
980 2653 1009 2697 et
1039 2661 1103 2696 sane
1132 2644 1230 2718 digna,

80 2738 153 2792 quae
177 2718 301 2794 legemr,
329 2719 377 2771 sed
401 2719 527 2841 lopglor,
553 2720 652 2803 itaut
675 2735 712 2770 ne
736 2734 893 2802 excerpere
917 2715 1034 2786 quidem
1057 2716 1146 2768 liceat
1170 2715 1231 2796 eius

80 2786 1232 2930 stitit?..itl.⁵t.‚²⁰ss.⁹i.l⁶t¹.⁸3tatttriti.sitiatis&

80 2933 135 2983 mii
154 2947 225 3000 quae
244 2938 406 3000 supersunt,
430 2930 550 3004 collegit
574 2940 604 2984 et
625 2930 785 2982 illustravit
805 2957 838 2970 -
857 2930 890 2983 A.
909 2930 942 2980 F.
962 2928 1116 2981 Naeckius.
1154 2926 1233 2978 Inest

81 3003 116 3055 de
135 3000 318 3125 saplgllnapjlll
344 3002 568 3076 Epigrammatis
593 3001 756 3072 disputatio.
784 3002 862 3071 Lips.
883 2997 973 3062 1817.)
995 3017 1024 3068 Ρ.
1045 2999 1096 3054 196
1115 3024 1149 3035 -
1167 2999 1230 3054 256.

81 3087 163 3126 cum·
207 3101 236 3124 v.
308 3088 333 3123 r.

152 3140 253 3213 Syriae
270 3145 351 3211 regis
369 3143 464 3209 error]
501 3142 588 3196 Godd.
607 3146 682 3195 Mon.
704 3148 728 3197 l.
748 3145 773 3198 2.
792 3141 905 3206 81110ος
930 3140 1019 3195 Rehd.
1039 3141 1122 3206 Vind.
1141 3143 1165 3196 1.
1184 3156 1239 3194 1·οι1
1263 3154 1267 3160 '

80 3213 128 3284 gia
146 3214 257 3290 Syriae.
276 3214 374 3269 Duisb.
394 3214 539 3268 insania
559 3213 742 3282 agnoscitar3
768 3231 853 3283 supra
871 3215 923 3264 lin.
949 3229 1040 3277 error,
1063 3213 1113 3264 ubi
1138 3212 1231 3286 glossa

81 3287 226 3338 inlocum
243 3285 308 3338 veri
324 3284 456 3337 vocabuli
475 3286 608 3355 irrepsit:
635 3285 782 3338 Ciceronis
805 3285 924 3354 scriptio
968 3286 1057 3336 lassae
1085 3284 1163 3336 vices
1181 3299 1232 3355 ge-

80 3357 130 3410 rit.
166 3358 247 3410 Unus
266 3356 315 3409 Ox.
336 3357 447 3408 omittit
465 3373 557 3409 error.
572 3359 650 3408 Mon.
673 3360 696 3410 1.
715 3355 801 3408 habet
819 3355 931 3407 incidit.
978 3355 1034 3406 ind.
1055 3357 1080 3409 2.
1100 3353 1231 3408 1111111110

81 3425 172 3480 lassat.
211 3426 253 3479 Ad
271 3442 355 3479 usum
373 3426 475 3495 Syriae
492 3427 636 3480 scribendi
652 3442 706 3496 pro
725 3427 864 3494 Assyriae
888 3426 985 3477 laudat
1004 3426 1052 3479 01.
1071 3425 1232 3478 Graevium

82 3506 111 3550 et
129 3497 310 3567 Oudendorp.
331 3497 365 3549 ad
384 3497 501 3550 Sueton.
522 3497 600 3553 Caes.
620 3500 678 3552 221
703 3496 734 3550 s'a
752 3497 840 3566 Syria
864 3512 966 3563 qaoque
984 3509 1122 3562 regnasse
1139 3492 1231 3547 Semi«

80 3567 183 3622 ramira.
221 3567 265 3619 Ad
282 3568 468 3642 epigramma,
497 3570 573 3637 quod
597 3569 738 3636 sequitur,
764 3569 823 3623 vid.
844 3567 933 3619 Henr.
953 3566 1053 3634 steph.
1080 3567 1140 3619 Cic.
1160 3567 1229 3618 hex.

82 3657 111 3708 Ρ.
133 3641 192 3692 116.
212 3638 279 3692 coll.
299 3654 365 3692 cum
391 3658 419 3709 Ρ.
441 3641 500 3694 199.
537 3639 694 3690 Arusianus
712 3639 828 3691 Messius
854 3638 930 3708 apud
946 3638 1177 3702 Lindemannum
1199 3635 1232 3686 in

82 3708 167 3774 Corp.
187 3707 316 3774 Gramin.
334 3708 408 3760 Latt.
428 3710 450 3764 1.
469 3727 498 3778 Ρ.
519 3711 580 3764 242.
597 3704 705 3761 laudat
726 3709 812 3761 verba
840 3725 878 3760 ea
901 3708 991 3762 incidi
1008 3708 1090 3762 iussit
1108 3709 1138 3762 t'a
1152 3709 1232 3760 tarra
1299 3721 1301 3725 ⁴

83 3796 119 3830 ex
138 3776 198 3829 Cic.
219 3776 253 3828 da
270 3777 339 3846 Rep.
358 3778 407 3829 ubi
425 3779 484 3830 vid.
503 3789 599 3832 annot.
636 3781 690 3832 Pro
718 3786 880 3833 exsaturata
903 3780 936 3830 in
954 3780 1020 3832 Ccd.
1047 3776 1135 3832 Marb.
1161 3777 1233 3830 scri·

80 3856 165 3916 ptum
190 3854 232 3900 est
258 3853 414 3900 esatarata.
451 3851 504 3902 Pro
531 3849 623 3904 hausit
641 3850 714 3903 Gud.
737 3854 759 3904 1.
785 3850 871 3903 habet
890 3849 973 3913 ausit,
1001 3855 1075 3900 unus
1094 3851 1144 3902 Ox.
1172 3863 1232 3901 ea-

81 3917 186 3981 hausit,
205 3917 279 3969 alius
297 3916 412 3970 multrare
430 3918 460 3971 s'a
478 3936 530 3988 pro
548 3923 634 3974 malta
652 3926 695 3984 εἰς
714 3918 802 3974 Rehd.
823 3921 904 3972 clara
921 3937 975 3988 pra
992 3920 1150 3988 praeclara.
1188 3917 1232 3970 Ad

81 3991 259 4043 locutionem
276 3988 363 4040 multa
381 3994 408 4040 et
425 3992 570 4056 praeclara
590 3990 620 4054 (i.
640 4010 666 4061 q.
687 3993 780 4044 multa
790 4007 879 4059 eaque
887 3991 1047 4060 praeclara)
1065 3990 1123 4041 vid.
1136 3989 1230 4042 Beier.

82 4061 117 4114 ad
135 4061 194 4114 Cic.
215 4059 292 4112 Lael.
313 4061 339 4112 9.
359 4062 402 4114 30.
422 4077 450 4126 Ρ.
470 4061 512 4114 51.
550 4059 594 4113 Ad
619 4062 806 4131 scriptionem
822 4063 924 4132 Syriae
951 4061 1011 4114 add.
1032 4061 1172 4114 Goerenz.
1196 4059 1232 4110 ad

82 4131 277 4184 (1011111111.
298 4131 388 4197 32.Ῥ.
409 4130 628 4184 286111111011
656 4131 863 4206 Voriragen
889 4133 940 4184 ab.
961 4133 1104 4195 Homer,
1132 4130 1232 4182 seina

82 4204 168 4255 Zeit
185 4221 212 4258 u.
232 4201 333 4253 seina
353 4200 512 4274 Gesiinge
531 4201 555 4252 Ι.
573 4219 602 4269 Ρ.
622 4203 674 4257 255
693 4216 735 4272 sq.
757 4204 888 4274 Uterque
907 4221 969 4256 eam
986 4203 1096 4272 probat.
1134 4201 1194 4254 Mr.

152 4272 229 4324 Haeo
250 4270 344 4338 habeo,
369 4285 437 4339 qaae
460 4268 544 4340 edil
569 4270 652 4340 Apud
676 4271 835 4327 Diodorum
859 4273 990 4328 Siculum
1013 4273 1085 4325 Bibl.
1116 4272 1167 4324 lib.
1192 4269 1232 4323 11.

81 4347 235 4466 pggxlllvtl.
280 4339 435 4472 Pddgdmn·
462 4343 495 4466 ila
518 4342 654 4465 Experpt.
667 4374 669 4379 ·
683 4342 804 4400 Peiresc.
826 4363 902 4421 pag.
927 4348 977 4412 22.
1008 4352 1038 4398 et
1064 4343 1234 4421 Strabonem

96 4433 106 4464 1
128 4452 134 4464 .
221 4431 311 4488 .pag.
386 4432 454 4468 .sio
485 4431 561 4489 egun
575 4432 626 4467 ur:
896 4450 898 4454 .
