2856 5084
138 264 201 332 264
337 261 569 329 CICERONIS
590 262 836 332 TUSCULAN.
858 265 1088 332 DISPUTAT.

75 431 118 498 to
203 427 261 490 'In
281 429 445 493 surditate
464 449 551 494 vero
569 428 726 513 quidnam
747 440 798 495 est
818 430 916 494 malit
944 434 1027 495 Erat
1047 433 1218 496 surdaster
1240 435 1291 501 M.

66 536 127 594 110,
137 510 296 579 Crassum
324 511 382 575 sed
403 512 495 577 aliud
515 513 698 592 molestius,
721 512 808 595 quod
830 517 916 578 male
937 515 1111 583 audiebat:
1145 521 1292 598 etiamsi,

137 595 281 658 etmihi
308 594 499 670 videbatur,
530 598 668 660 iniuria.
712 595 905 678 [Epicurei]
928 601 1038 672 nostri
1059 598 1186 663 Graece
1218 605 1292 666 fere

137 797 194 836 sen.
212 777 306 848 quint.
325 783 352 832 et
372 794 466 848 quem
483 779 566 832 uellet
583 779 789 847 attingeret.
816 781 904 833 Palat.
924 792 1018 851 quart.
1045 787 1130 852 quod
1153 802 1215 856 pua
1233 791 1291 842 aet-

137 853 176 905 tet
202 850 419 918 attingeret.
445 850 497 903 alii
522 849 709 918 contingere,
733 852 785 905 alii
812 854 996 921 urutiugeree
1021 858 1106 924 quale
1133 857 1233 912 invexi
1252 877 1288 913 ex

135 921 215 977 MSS.
235 921 336 975 Ouidio
363 921 394 973 in
417 921 620 992 crepundiis.“
640 919 722 976 Gallu.
758 923 865 987 „Unus
881 924 962 978 Laid.
987 927 1072 994 quid
1097 929 1188 981 uellet.
1224 929 1290 985 Duo

136 993 199 1061 alii,
259 1007 289 1044 os
306 993 450 1065 praefero,
469 1007 566 1062 quem
582 994 679 1047 uellet.-
698 992 784 1061 idque
802 993 932 1063 placebat
951 996 1038 1048 etiam
1054 996 1193 1051 Bentleio.
1224 1002 1288 1055 Nec

135 1080 206 1121 vero
246 1064 377 1128 uieviro
400 1061 534 1128 assentio,
562 1064 649 1116 etiam
666 1063 786 1118 verbum
813 1065 886 1116 attin
908 1082 957 1119 ere
976 1065 1170 1143 corrigenti.“
1193 1070 1286 1125 Bauli.

135 1134 209 1191 Dedi
226 1133 376 1203 attingere,
395 1150 567 1207 qumquam
586 1143 629 1188 est
647 1133 679 1185 in
695 1133 832 1203 plurimis
851 1083 937 1190 codd.
957 1136 1126 1204 attingeret,
1152 1156 1220 1192 cum
1244 1143 1288 1195 fa-

135 1207 221 1259 cilius
245 1206 342 1259 credas
367 1204 591 1259 accommodasse
614 1213 792 1258 eorremores
817 1205 997 1259 infinitivum
1020 1210 1200 1263 antecedenti
1219 1229 1288 1264 con-

135 1277 277 1340 iunctivo,
314 1293 400 1344 quam
424 1275 644 1329 coniunctivum
669 1283 792 1329 mutasse
817 1277 849 1327 in
877 1277 1065 1331 infinitivum.
1110 1281 1150 1332 Et
1178 1282 1286 1337 habent

134 1349 277 1415 attingere
295 1345 381 1401 Oodd.
401 1349 441 1400 Re
463 1381 472 1397 .
498 1346 533 1412 (si
551 1346 621 1399 fides
648 1347 764 1400 silentio
783 1347 957 1412 collationis)
980 1357 1039 1402 tres
1059 1350 1128 1403 Oxx.
1153 1352 1237 1405 Vind.
1257 1357 1284 1410 2.

84 1435 87 1439 ·
135 1419 265 1487 itemquo
288 1417 362 1474 Edd.
386 1420 423 1470 Μ.
481 1417 509 1472 d.
535 1417 616 1473 Boul.
641 1416 720 1488 Sylb.
740 1419 821 1472 Brut.
840 1418 955 1472 Lambb.
977 1420 1063 1472 Goth.
1094 1420 1184 1476 Gebh.
1205 1441 1305 1495 seqq„

134 1488 280 1544 scribitur
297 1489 384 1554 quod
400 1487 480 1541 uellet
497 1486 529 1539 in
545 1504 604 1540 uno
623 1487 685 1554 01,
703 1505 796 1558 quem
814 1489 895 1544 vellet
913 1489 945 1540 in
964 1488 1036 1543 Gud.
1057 1494 1082 1547 2.
1107 1491 1170 1562 (qui
1187 1495 1287 1563 paullo

134 1559 267 1630 superius
285 1559 396 1612 omittit
414 1557 478 1627 qua)
503 1556 592 1612 nent
612 1557 708 1612 Duisb.
729 1560 816 1612 Marb.
843 1569 872 1612 et
893 1576 951 1612 nno
970 1561 1034 1628 Ore,
1061 1579 1125 1631 pua
1146 1564 1226 1618 veltet
1255 1567 1287 1618 in

136 1631 203 1686 eod.
224 1629 297 1683 Gud.
317 1629 418 1704 Pergit
427 1628 494 1685 Cod.
503 1628 600 1683 Duisb.
620 1646 686 1683 cum
703 1629 811 1683 duobus
823 1631 893 1684 Oxx.
913 1637 987 1684 recte
1005 1632 1042 1686 id
1060 1635 1176 1702 quidem.
1197 1636 1284 1690 Goth.

136 1709 167 1757 et
183 1699 299 1759 lsambh.
318 1701 349 1755 in
367 1717 459 1776 marg.
479 1716 514 1752 ex
531 1708 590 1754 vet.
610 1698 677 1754 (lod.
698 1707 730 1754 et
747 1707 823 1755 recte
842 1702 967 1772 quidem3
985 1701 1052 1756 Ood.
1073 1705 1146 1757 Gud.
1158 1707 1184 1760 2.
1202 1707 1286 1762 Recte

135 1769 298 1896 eaimtpp
328 1769 447 1840 quidun.
480 1770 533 1824 Ed.
560 1772 589 1824 P.
616 1771 726 1824 omittit
753 1773 822 1840 ipse.
846 1772 915 1829 God.
943 1776 1020 1826 lttton.
1049 1776 1074 1828 1.
1107 1773 1193 1831 habet
1226 1777 1287 1832 ci-

134 1846 164 1899 at
215 1881 222 1894 .
296 1859 322 1894 r·
427 1868 433 1876 ’
955 1870 958 1879 ’

162 1858 231 1967 mc.
251 1915 296 1970 40.
332 1912 369 1969 Iu
394 1908 533 1967 surditate
557 1927 622 1967 uera
641 1912 690 1979 -]
736 1913 874 1980 „Utitur,
901 1925 1019 1986 praeter
1035 1919 1172 1983 Nonium,
1198 1919 1285 1974 huius

134 1983 194 2038 loci
211 1984 377 2037 testimonio
394 1983 554 2038 Priscianus
572 1992 701 2038 extremo
719 1982 794 2037 libro
813 1985 934 2043 tertio.“
950 1988 1015 2042 Fre.
1033 1989 1116 2042 Fadr.
1136 1990 1285 2044 Nimirum

188 2064 256 2126 pter
271 2071 342 2108 voc.
361 2054 516 2109 surdaster.
545 2054 610 2109 Vid.
634 2054 769 2108 Priscian.
789 2055 952 2114 111.t.t³.
978 2077 1006 2128 p.
1028 2064 1089 2116 137.
1117 2061 1160 2114 ed.
1179 2062 1281 2119 Krehl.

133 2072 189 2179 gd
206 2118 272 2179 u'ero
290 2125 357 2180 God.
377 2124 451 2178 Gud.
471 2126 497 2178 2.
520 2124 607 2177 habet
632 2127 720 2181 euim:
753 2143 852 2180 errore
871 2144 907 2179 ex
932 2128 1126 2186 similitudine
1150 2148 1285 2204 compen·

134 2195 248 2255 diorum
266 2194 304 2262 (u.
324 2202 354 2248 et
371 2194 411 2260 a.)
430 2202 502 2248 orto.
538 2196 573 2249 ln
592 2195 659 2248 God.
679 2195 777 2250 Dnisb.
798 2205 841 2251 est
858 2205 953 2251 esset
971 2199 1050 2256 mati.
1088 2203 1148 2259 Mr.

203 2274 267 2322 erat
290 2267 444 2320 surdaster
459 2266 503 2321 M.
525 2264 660 2332 Crassus]
696 2266 914 2330 „Grammatici
937 2277 1087 2323 autumant
1112 2273 1229 2327 nomina
1252 2275 1284 2327 in

134 2362 170 2382 «η
186 2344 264 2393 aster
290 2336 449 2395 desinentia
472 2353 531 2390 esse
557 2335 752 2391 deminutione
777 2337 1006 2411 significationis.
1044 2341 1099 2395 cui
1126 2346 1284 2399 sententiae

133 2409 189 2465 duo
207 2408 390 2479 potissimum
408 2407 524 2459 nomina
541 2406 764 2476 adstipulantur,
780 2408 930 2462 surdaster
949 2419 979 2463 et
996 2414 1177 2468 recalvaster.
1210 2417 1286 2470 Nam

132 2480 280 2534 mordenter
297 2477 408 2534 dicitur
422 2477 536 2531 modice
553 2477 665 2543 surdus,
684 2485 714 2529 et
731 2478 820 2531 talem
837 2479 925 2534 fuisse
944 2484 981 2534 Μ.
1002 2482 1135 2536 Crassum
1153 2485 1285 2562 intelligi

131 2551 198 2603 vult
215 2549 338 2604 Tullius.
376 2547 556 2601 Recaluaster
572 2563 652 2612 vero,
676 2547 728 2616 qui
749 2550 846 2602 fronte
865 2550 924 2605 sola
943 2552 1041 2607 calvus
1067 2563 1120 2619 est,
1149 2573 1204 2609 nec
1222 2567 1284 2610 toto

132 2621 236 2690 capite.
271 2619 486 2673 Recalvastrum
502 2618 590 2673 fuisse
609 2617 757 2672 Socratem
774 2620 945 2704 accepimus.
981 2623 1083 2679 Cetera
1107 2633 1203 2679 autem
1221 2630 1284 2682 fere

132 2690 230 2747 omnia
246 2689 442 2743 consimiliter
459 2688 615 2742 terminata
631 2689 724 2773 magis
742 2689 935 2745 imitationem
954 2695 1094 2762 quandam
1106 2695 1283 2768 significant,

132 2778 221 2832 quam
242 2759 485 2816 imminutionem:
522 2767 555 2811 ut
578 2758 774 2827 Antoniaster,
797 2765 998 2830 parasitaster,
1023 2767 1141 2820 oleaster
1167 2773 1196 2820 et
1226 2767 1284 2821 alia

130 2829 295 2888 sexcenw‘
312 2832 451 2886 Beroald.
486 2829 664 2885 Vocabulum
679 2832 828 2886 surdaster
847 2841 890 2889 est
907 2828 979 2894 ἅπαξ
998 2837 1153 2903 λεγόμενον.
1189 2837 1249 2890 Mr.

160 2947 164 2953 .
202 2905 238 2958 lu
254 2901 395 2959 tarditate
413 2933 445 2949 «-
466 2901 510 2955 Μ.
531 2899 664 2966 Crassus]
700 2901 809 2955 laudat
826 2905 938 2961 Nonius
956 2906 988 2958 in
1006 2908 1180 2960 surditatem.
1217 2909 1253 2960 D.

204 2975 256 3031 sed
278 2973 360 3029 aliud
383 2971 535 3038 molestius]
577 2971 649 3040 „At
681 2973 731 3026 sed
756 2972 852 3029 illud
880 2976 1054 3034 molestius.“
1076 2975 1155 3032 Gora.
1202 2979 1285 3043 „Sed

133 3053 211 3099 erat
228 3045 263 3099 es'
279 3041 456 3098 molestius.“
477 3042 550 3097 Verb
573 3080 579 3094 .
599 3060 635 3096 ex
653 3042 711 3098 MS.
730 3043 827 3098 nescio
846 3062 911 3114 quo.
930 3045 999 3099 Dar.
1018 3063 1072 3116 pro
1084 3050 1133 3101 sed
1152 3049 1245 3101 inEd.
1257 3053 1283 3106 2.

132 3115 212 3168 dedit
229 3121 264 3180 st,
283 3115 365 3167 nulla
382 3113 494 3166 ratione
512 3059 616 3167 addita.
653 3114 723 3167 Ere·
744 3131 823 3185 ‚altro
841 3114 932 3184 aliud,
950 3117 1002 3185 ait,
1027 3117 1183 3192 legendum
1201 3122 1283 3187 illud,

152 3201 258 3241 uocum
276 3192 307 3238 et
324 3183 394 3237 alibi
410 3191 606 3254 permutatum
630 3184 711 3240 uliud
735 3185 906 3253 notavimus,
931 3197 1126 3258 notaruntque
1150 3197 1178 3241 et
1201 3191 1285 3242 alii.“

131 3203 177 3311 dt
192 3275 220 3309 v.
241 3255 316 3326 quad
332 3253 405 3309 atate
423 3253 554 3309 audiebat
570 3255 741 3311 Beroaldus:
765 3254 1024 3324 „Vituperabatun
1052 3258 1285 3325 insimulabatur,

132 3335 163 3383 et
179 3326 361 3398 potissimum
378 3333 445 3379 nota
462 3325 609 3392 avaritiae,
635 3343 692 3395 qua
708 3323 804 3381 sitivit
825 3341 929 3382 aurum
946 3326 1112 3379 Parthicum
1138 3333 1285 3396 usquead

131 3397 294 3455 exitium.“.
320 3395 512 3453 Camerarius:
531 3396 600 3463 „ita
619 3395 724 3453 Graeci
740 3399 829 3457 κακῶς
846 3392 947 3453 κλύειν.
974 3395 1142 3466 Euripides:
1164 3397 1282 3463 [Alcest.

131 3473 192 3528 700.
211 3466 308 3533 som]
331 3466 419 3526 mats
442 3469 552 3523 ἀκούειν
570 3469 603 3521 od
619 3464 697 3538 pilas
719 3467 834 3521 θανόντι
855 3466 935 3533 μοι.“
970 3466 1099 3532 „Facete
1124 3469 1199 3522 ludit
1219 3474 1282 3531 ὀξυ-

130 3535 216 3612 pcipe
235 3548 265 3594 et
281 3539 356 3593 amb·
379 3539 470 3593 uitato
494 3537 657 3601 verborum,
682 3552 770 3607 quem
797 3534 876 3590 enim
893 3535 977 3590 modo
996 3538 1173 3592 surdastrum
1197 3542 1283 3606 dixit,

131 3628 211 3665 nune
227 3609 325 3664 verbis
342 3557 378 3664 dd
394 3609 470 3665 illud
487 3607 596 3665 malum
613 3604 834 3680 significandum
852 3605 939 3660 simul
958 3610 1176 3663 accommodatis
1187 3613 1282 3666 utitur

131 3681 168 3735 ad
184 3681 290 3735 matam
307 3681 414 3734 famam
431 3677 558 3734 eiustsm
574 3675 634 3730 viri
651 3675 878 3750 significandam,
902 3677 950 3730 cui
975 3680 1062 3749 (quod
1080 3681 1160 3734 addit
1178 3684 1230 3738 W.
1251 3684 1281 3736 in

130 3751 249 3818 scholis)
267 3769 415 3822 nunquam
432 3749 547 3804 favebat
562 3746 679 3802 Ciceros
707 3746 837 3815 quamvis
854 3747 911 3800 hoe
928 3748 992 3804 laco
1011 3751 1186 3805 simultatem
1205 3754 1281 3806 obte-

131 3831 190 3898 gat,
210 3823 276 3876 Vid.
294 3821 454 3879 Forceuin.
472 3837 501 3872 v.
520 3816 620 3881 audire
638 3832 665 3884 p·
685 3817 748 3873 232.
766 3816 793 3871 b.
817 3818 861 3875 ed.
881 3819 982 3873 Germ.
1019 3822 1175 3877 Videbatur
1201 3824 1280 3888 dicit,

131 3894 174 3951 ait
190 3893 299 3962 titilus„
318 3895 386 3964 qnia
402 3888 535 3962 loquitur
552 3886 586 3941 de
603 3893 747 3955 tempore,
774 3904 830 3957 quo
849 3890 963 3944 Crassus
985 3892 1078 3946 adhuc
1102 3894 1226 3949 vivebat.
1247 3922 1280 3933 -

132 3963 280 4019 Sus-ibitur
306 3966 339 4018 in
360 3961 427 4017 cot
449 3958 526 4016 Gud.
546 3960 571 4012 1.
594 3955 744 4024 sudaster,
772 3959 803 4010 in
827 3961 900 4013 Gud.
925 3966 951 4018 2.
978 3966 1139 4019 surdaster
1162 3967 1206 4018 Μ.
1230 3965 1279 4020 Gr.

131 4037 194 4089 sed
210 4051 252 4090 eu
269 4036 320 4090 red
339 4031 435 4100 utut,
452 4024 485 4090 ia
503 4026 610 4081 duabus
629 4027 698 4080 011.
719 4027 804 4083 etiam
826 4035 919 4087 sicut
943 4033 1021 4093 mitt.
1058 4037 1138 4089 Unus
1157 4036 1207 4089 Ox.
1232 4035 1282 4091 ha·

130 4106 182 4162 bet
197 4105 342 4163 iniuriam.
377 4103 465 4157 Recte
483 4098 606 4161 Nissen,
630 4107 731 4156 contra
747 4101 866 4160 Ernesti
890 4105 1098 4173 coniecturam,
1128 4107 1177 4160 sed
1202 4105 1283 4161 uliud

131 4177 259 4248 explicat
275 4175 326 4231 sed
342 4169 422 4229 stau
461 4169 520 4225 uid.
556 4169 616 4223 ΜΓ.

202 4241 336 4318 Epicurei
353 4187 460 4308 nostrii
491 4240 645 4308 „l'se‘rnus
663 4258 716 4313 pro
734 4243 868 4313 Epicurei
884 4247 1040 4322 legendum
1058 4248 1280 4318 putabatops'cs's

132 4335 208 4391 qm
222 4315 298 4375 mibi
314 4313 403 4369 leutio
422 4311 531 4381 optima
546 4313 674 4367 ridetur.
697 4316 808 4370 Notum
827 4325 923 4375 autem
941 4327 984 4377 est
1002 4335 1069 4373 cum
1088 4335 1123 4373 ex
1142 4319 1280 4374 Strabone

132 4397 197 4448 tum
221 4405 258 4442 ex
277 4382 357 4450 aliis,
384 4381 488 4454 Opiros
511 4382 680 4457 Campaniae
704 4387 826 4458 populos
857 4389 977 4447 fuisse.“
1004 4387 1103 4444 Ursiu.
1147 4390 1280 4458 „Graece
