2856 5084
92 373 99 387 ,
133 279 175 347 26
326 264 559 345 CICERONIS
580 278 829 383 TUSCULAN.
851 277 1084 344 DISPUTA'I'.

134 451 253 506 cuncte
273 443 439 508 coetestia.
481 445 636 509 sacram
661 455 774 508 autem
800 447 931 527 primus
959 445 1205 529 philosophiam
1233 446 1293 523 do7

50 568 53 575 -
79 605 81 608 Α
133 528 271 601 vocavit
291 548 310 589 e
328 527 432 599 caelo,
453 535 487 589 et
508 529 545 589 in
564 527 705 591 urbibus
726 528 913 601 collocavit,
934 537 969 590 et
990 530 1027 589 in
1046 527 1164 591 domus
1186 531 1293 593 etiem

133 609 335 688 introdusit,
361 613 396 672 et
417 612 528 697 oodgit
545 608 589 672 do
617 613 690 672 vita
710 619 745 673 et
765 610 916 674 moribus
937 611 1116 694 rebusque.
1130 612 1228 675 bouis
1257 621 1293 677 et

203 793 335 848 Socrates
360 797 451 846 autem
477 792 589 861 primae
614 788 819 859 philosophiam
853 791 997 845 devocavit
1026 809 1041 846 e
1071 791 1169 859 coeto]
1210 793 1291 860 „Sic

133 864 195 918 Lib.
215 865 238 917 1.
257 863 477 930 Autonoen
495 862 637 927 Socratee,
655 863 762 930 iuquit,
789 858 861 914 miti
883 864 993 916 uidetur
1017 863 1066 930 (id
1082 863 1157 930 quod
1178 871 1290 919 eonem

132 937 206 990 iuter
224 935 330 998 omaee)
355 935 465 1003 primur
492 949 510 986 o
527 935 608 987 retur
631 933 748 986 occultis
773 940 800 985 et
823 933 857 986 ub
881 935 944 1002 ipsa
962 941 1064 987 notura
1083 935 1229 1000 involutio,
1258 936 1314 991 ie-

132 1007 231 1078 quidue
248 1021 343 1060 omnes
361 1013 425 1059 unte
443 1021 505 1058 eum
519 1003 679 1072 philosophi
697 1003 823 1070 occupati
840 1005 964 1070 suerunt,
987 1003 1147 1058 avocavisse
1163 1004 1291 1074 phitom·

129 1076 226 1148 picium
251 1083 278 1130 et
301 1079 338 1130 od
360 1081 447 1132 oitom
471 1079 638 1128 communem
663 1074 825 1139 adduxisse,
853 1080 883 1128 ut
914 1076 948 1130 de
972 1075 1121 1129 virtutibus
1145 1082 1173 1128 et
1196 1077 1289 1144 vitiis,

129 1152 297 1218 omninoque
316 1148 448 1201 debonis
466 1148 550 1200 rebus
565 1152 593 1200 et
610 1146 694 1197 matie
713 1152 863 1213 quaereret.
884 1146 989 1212 [Locus
1008 1155 1051 1199 est
1068 1146 1092 1211 1,
1110 1146 1151 1213 4.]
1178 1146 1292 1202 Aristo-

130 1221 209 1273 teles
224 1221 286 1272 Lib.
306 1220 330 1271 l.
349 1220 384 1274 de
401 1220 507 1272 Partib.
527 1218 625 1269 Auim.
644 1233 669 1270 o.
692 1221 721 1271 le
746 1216 792 1270 ἐπὶ
816 1211 981 1287 Σωκφιὲτους
1004 1216 1036 1270 δὲ
1059 1218 1141 1271 τοῦτο
1164 1219 1219 1284 μὲν
1241 1215 1290 1286 ηὗ-

131 1290 212 1357 tter,
228 1291 259 1345 τό
278 1290 311 1342 dt
329 1295 417 1357 ζηιιῖν
435 1285 468 1341 τὰ
487 1293 549 1359 nent
567 1289 674 1358 φύσιος
692 1287 782 1354 ἔληξε·
807 1284 875 1356 πρὸς
898 1288 929 1341 δὲ
952 1284 1003 1355 την
1026 1282 1164 1358 χρήσιμον
1187 1286 1291 1360 ἀρετὴν

131 1365 179 1413 ναὶ
198 1358 249 1428 τὴν
267 1358 407 1428 πολιτικὴν
423 1358 573 1412 ἀπέκλιναν
591 1359 619 1412 oi
637 1359 887 1427 φιλοσοφοῦντες.“
906 1358 969 1425 Fre,
989 1359 1074 1413 Febr.
1095 1360 1185 1423 „vid
1202 1362 1288 1416 Alex,

131 1434 206 1502 Popa
233 1431 392 1485 Comment.
418 1435 496 1484 Poet·
514 1432 548 1483 de
567 1431 701 1494 Homine,
725 1430 756 1481 iu
774 1431 836 1483 bat.
867 1448 939 1484 vers.
963 1448 1018 1501 per
1036 1429 1173 1483 Ambinde
1191 1449 1220 1502 p.
1242 1435 1287 1487 96.

131 1503 199 1559 9t.“
217 1500 333 1556 Scincb.
368 1501 468 1569 „Add
494 1502 632 1572 interprr.
658 1501 694 1552 ad
711 1501 796 1574 Diog.
819 1503 914 1555 baert.
933 1502 970 1554 11.
991 1503 1034 1557 21.
1062 1518 1123 1571 prc.
1145 1501 1288 1556 Goerenz.

132 1574 167 1626 ad
184 1574 244 1628 Cic.
266 1573 368 1626 Acadd.
389 1575 409 1626 1.
430 1590 455 1626 o.
474 1591 503 1644 p.
521 1575 566 1628 25.
595 1572 715 1625 Heusdii
737 1573 810 1625 luit.
830 1573 934 1627 Philus.
960 1572 1068 1626 Platon.
1089 1573 1128 1625 11.
1146 1577 1172 1628 3.
1193 1592 1221 1644 p.
1243 1576 1288 1628 80.

131 1643 227 1698 tttert
244 1645 373 1700 Wolfius
399 1645 430 1696 in
455 1645 560 1697 scholis
583 1643 682 1697 locum
704 1642 861 1696 Clementia
886 1644 969 1697 Alex.
995 1643 1101 1697 Strom.
1122 1644 1143 1696 1.
1170 1662 1201 1713 p.
1219 1647 1287 1700 ³52:

127 1713 316 1785 Ἀναξαγόραν
339 1715 493 1784 διαδέχεται
515 1715 674 1785 Ἀρχέλαος·
706 1707 741 1767 oi
764 1713 912 1785 Σωκράτης
930 1713 1088 1781 διήκουσεν·
1106 1716 1149 1768 Ἐν
1175 1712 1204 1767 δ’
1230 1715 1289 1786 ἄρα

131 1793 188 1840 roto
205 1787 334 1840 δπέκλινι
351 1789 466 1847 indicos
483 1784 701 1856 ἐννομολέσχης,
988 1831 990 1834 ⁴

461 1854 598 1924 Ἑλλήνων
616 1853 763 1914 ἐπαοιδός·

132 1926 149 1980 δ
170 1929 269 1998 Τίμων
286 1931 372 1998 φησὶν
389 1926 420 1982 ἒν
442 1933 499 1988 τοῖς
517 1932 632 1992 Σίλλοις,
659 1926 706 1980 διὰ
724 1927 755 1980 τὰ
781 1922 984 1980 ἀπονικλικέναι
1006 1923 1065 1981 ἀπὸ
1087 1927 1144 1980 τῶν
1161 1933 1289 1996 φυσικῶν

131 1997 178 2052 ἐπὶ
195 1996 228 2051 τὰ
247 1995 340 2066 ἠθικοί.
362 2003 405 2055 Cf.
426 2000 504 2054 Sext.
525 2000 638 2068 Empir.
658 1999 719 2050 adr.
740 1997 827 2049 Matb.
847 2016 876 2067 p.
896 2000 956 2053 139.
980 2031 1011 2041 -
1047 1998 1140 2051 Verba
1156 1999 1289 2054 Socrates

131 2077 221 2123 cutem
240 2088 330 2139 usqne
349 2073 384 2124 ad
401 2073 476 2124 coelo
496 2071 666 2123 exciderunt
684 2069 715 2119 in
732 2085 791 2120 uno
810 2069 860 2122 Ox.
899 2071 959 2122 Mr.
1050 2072 1054 2079 '
1122 2122 1126 2131 ,

203 2139 348 2194 deoocnue't
374 2159 389 2194 e
413 2140 507 2206 coelo]
544 2140 626 2206 „Vel
647 2139 744 2209 potius
768 2136 906 2203 euocauit,
938 2148 972 2191 ut
997 2148 1041 2192 est
1064 2138 1095 2192 in
1119 2140 1188 2194 cod.
1215 2143 1286 2216 Reg.

131 2208 222 2280 [quod
238 2230 342 2265 verum
360 2230 417 2266 non
435 2229 494 2265 esse
511 2210 589 2263 haud
607 2211 736 2263 dubitans
756 2210 964 2275 contenderim]
985 2219 1014 2263 et
1031 2227 1089 2263 uno
1103 2212 1181 2264 Leid.
1201 2212 1288 2267 Ferri
1326 2265 1331 2271 ,

130 2282 249 2349 quidem
266 2293 362 2352 potest
381 2285 538 2337 devocavit:
563 2282 612 2335 sod
634 2282 675 2332 ita
697 2281 793 2332 miuus
815 2281 933 2350 proprie
959 2281 1130 2350 loqueretur
1153 2282 1289 2337 Cicero.“

130 2351 218 2406 Boot:
255 2355 446 2407 Bouhierium
471 2361 583 2406 secutus
607 2361 651 2404 est
670 2350 817 2406 FAWolf.
850 2357 879 2403 et
908 2351 988 2403 hunc
1014 2352 1100 2406 Schz.
1126 2354 1286 2408 Immerito.

130 2423 194 2498 Ego
219 2425 243 2476 si
266 2425 337 2493 quid
360 2425 530 2477 mutandum
549 2423 751 2485 existimarem,
776 2420 934 2474 scriberem
949 2422 1110 2476 devocarit
1134 2424 1173 2476 de
1196 2424 1287 2491 cuelo,

71 2527 78 2534 -
131 2494 208 2563 quod
233 2495 330 2564 placet
354 2496 442 2547 etiam
470 2493 581 2547 Orellio
604 2493 643 2547 ad
660 2492 767 2547 Wotfii
791 2492 914 2552 scholare
941 2511 1115 2562 quamquam
1142 2495 1288 2571 distingui

19 2622 21 2627 ,
129 2581 212 2635 posse
228 2566 269 2617 uit
288 2565 338 2630 ita,
356 2575 390 2617 ut
409 2567 557 2618 devocetur
574 2579 589 2617 e
607 2566 687 2616 coelo
703 2561 896 2632 philosophia,
919 2581 955 2616 ne
979 2565 1058 2616 circa
1081 2583 1127 2618 res
1150 2567 1288 2620 caelestes

127 2637 192 2686 fere
211 2651 325 2704 semper
345 2643 490 2699 versetur,
517 2634 606 2703 [quod
626 2633 730 2687 melius
755 2640 854 2684 tamen
871 2633 931 2685 dici
956 2634 1089 2687 videtur:
1124 2640 1288 2705 ιιιοιοοιίιιΙ

130 2703 235 2775 coeio]:
255 2706 290 2757 de
307 2707 388 2758 coele
403 2706 551 2758 deooceter
568 2713 666 2757 autem
684 2704 725 2767 id,
744 2703 820 2770 quod
839 2703 871 2755 iu
889 2704 952 2773 ipso
970 2704 1049 2758 caelo
1069 2715 1122 2760 est.
1148 2706 1288 2762 Ceterum

129 2775 235 2829 habent
254 2780 379 2831 evocavit
397 2776 451 2828 duo
471 2776 557 2828 Codd.
579 2777 628 2828 Ox.
650 2775 724 2828 Gud.
744 2776 769 2828 2.
789 2775 880 2844 (apr.
898 2775 951 2841 su)
975 2777 1065 2829 Vino„
1075 2783 1104 2833 ,1.
1129 2777 1221 2831 Rehd.
1249 2782 1287 2836 ,lu

58 2874 67 2881 -
130 2847 199 2900 (iod.
218 2847 292 2900 Gud.
313 2857 355 2900 est
373 2846 531 2910 denotauit,
557 2848 678 2898 fuerunt
696 2844 775 2898 euim
802 2845 924 2913 quodam
946 2855 1078 2915 temporo
1096 2847 1202 2904 literaa'
1220 2867 1240 2903 ιι
1258 2859 1288 2904 et

128 2934 156 2982 ιι,
176 2925 187 2971 t
205 2927 236 2970 et
252 2935 269 2970 c
286 2918 461 2971 simillimae.
498 2918 606 2970 Vocem
623 2932 638 2968 e
656 2917 795 2968 omittunt
819 2925 878 2970 tres
897 2919 976 2983 Oxx,
1005 2918 1065 2970 eius
1089 2918 1155 2973 loco
1178 2919 1288 2974 habeut
1316 2960 1323 2970 .

128 3006 148 3042 ο
166 2989 251 3042 Codd
272 2988 347 3042 Gud.
366 2993 392 3045 2.
412 2993 488 3043 bion.
507 2991 535 3042 2.
548 2989 626 3041 Gud.
644 2987 741 3039 Duisb.
759 3021 761 3026 -
779 2986 915 3040 Ceterum
933 3005 1014 3057 saepe
1033 2989 1205 3044 Ciceronem
1224 2992 1288 3046 iun·

169 3077 200 3112 re
218 3060 461 3130 praepositionem
481 3059 515 3111 de
532 3076 598 3110 cnm
616 3059 744 3110 verbioa
763 3057 797 3109 de
816 3084 850 3096 ···
868 3059 1084 3127 incipientibus,
1111 3070 1213 3114 notum
1232 3073 1285 3117 est.

157 3129 279 3183 iusmodi
297 3140 473 3183 structuram
485 3130 569 3182 babes
585 3128 615 3180 in
628 3130 741 3194 decedo,
760 3129 869 3194 decido,
889 3129 1009 3197 declino,
1029 3132 1141 3196 deduco,
1161 3133 1287 3199 deflecto,

130 3201 245 3267 dedicio,
264 3201 382 3271 depello,
402 3202 546 3263 descendo,
565 3201 678 3265 desisto,
698 3201 821 3266 detrudo,
842 3201 971 3268 detorto3
999 3212 1101 3256 contra
1116 3204 1290 3272 deportandi

129 3272 251 3324 verbum
269 3289 327 3324 non
344 3273 433 3326 semel
451 3273 579 3342 reperies
598 3272 729 3324 iunctum
747 3287 813 3326 cum
831 3287 856 3326 e.
884 3272 951 3328 cod.
975 3275 1052 3328 Mon.
1073 3280 1100 3330 1.
1112 3276 1235 3329 omittit
1258 3276 1289 3333 t'te

130 3351 196 3396 aute
214 3344 339 3398 ordibus.
372 3344 436 3396 Mr.
1159 3379 1187 3401 ,.

202 3420 229 3467 et
246 3415 276 3466 iu
295 3413 409 3467 domos
430 3411 518 3466 etium
541 3411 718 3478 introduxit]
754 3411 849 3479 „God
873 3412 991 3483 Gryph.
1016 3413 1047 3468 in
1067 3417 1233 3473 domibus
1252 3445 1288 3465 ,-

93 3493 95 3507 ·
131 3490 238 3553 oique
256 3484 382 3552 ιοδγιᾙι
399 3485 482 3537 Brut.
519 3485 611 3536 Habet
629 3485 754 3537 domibus
772 3485 860 3537 etiam
878 3502 951 3536 unus
970 3487 1021 3538 Ox.
1058 3487 1168 3558 Scripsi
1191 3497 1289 3542 autem

131 3555 164 3607 e'n
182 3557 299 3609 domus
317 3573 383 3609 cum
401 3555 471 3609 Dav.
490 3571 526 3607 ex
543 3555 749 3630 antiquissimis
768 3555 854 3610 Godd.
873 3555 942 3639 Reg.
963 3551 1036 3610 (tud.
1049 3562 1072 3613 1.
1091 3561 1118 3613 2.
1137 3575 1205 3612 oum
1222 3562 1288 3615 veri

132 3626 171 3676 sit
189 3624 323 3692 similius,
341 3627 436 3678 minus
454 3635 619 3678 cousuetam
637 3627 761 3679 formam
788 3627 948 3692 alibrarus
972 3629 1004 3679 in
1022 3630 1204 3683 usitatiorem
1227 3649 1288 3687 esse

132 3710 309 3762 conversam,
327 3714 416 3768 qnam
431 3716 460 3750 v.
478 3716 506 3749 v.
534 3697 597 3750 Vid.
616 3697 759 3750 Drakenb.
775 3697 817 3752 ‚ad
835 3697 899 3750 biv.
919 3697 973 3751 111.
994 3701 1038 3754 29.
1058 3703 1083 3756 ὅ.
1108 3719 1137 3771 p.
1157 3704 1220 3758 246.
1241 3703 1286 3758 ed.

132 3766 242 3841 stuttg.
267 3765 435 3821 Schneider.
454 3766 535 3820 Aust.
554 3770 616 3821 Lat.
646 3768 773 3820 oramm.
793 3767 831 3820 11.
854 3768 1004 3826 Formeul,
1020 3770 1045 3823 1.
1060 3774 1099 3842 .p.'
1118 3775 1174 3828 ete
1190 3790 1233 3842 sq.
1253 3800 1288 3834 φ

62 3860 64 3863 ’
111 3833 198 3893 -00dss
220 3838 293 3892 Gud.
314 3839 424 3892 omittit
442 3838 537 3905 etiam,
565 3838 642 3909 quod
660 3847 703 3891 est
721 3840 840 3892 fortasse
866 3842 1039 3894 correctoris
1062 3843 1148 3965 culpa
1165 3846 1286 3912 factum,
1334 3871 1336 3878 ·

131 3910 229 3979 quiet
249 3936 282 3949 -
303 3912 389 3964 etium
406 3911 480 3963 terri
498 3927 554 3962 non
572 3925 661 3979 posse
672 3910 860 3963 existimaret.
896 3909 1108 3968 servitum
1128 3915 1151 3966 ii
1167 3915 1288 3968 Tursel-

131 3982 184 4033 lin.
204 3981 241 4033 11.
262 3999 290 4052 p.
310 3984 362 4038 521
382 3999 425 4053 sq.
444 3982 511 4033 coll.
530 3999 559 4050 p.
580 3982 641 4035 546.
669 3982 750 4034 Unus
769 3983 819 4033 01.
837 3980 929 4034 habet
941 3988 970 4035 et
984 3983 1013 4036 in
1031 3985 1128 4038 domos
1145 3991 1194 4050 ei,
1212 3987 1287 4041 aliua

131 4057 160 4106 et
178 4051 210 4104 in
229 4053 325 4106 domos
344 4060 477 4118 nutem,
495 4052 581 4103 Vind.
604 4055 627 4105 1.
648 4052 735 4104 etium
753 4052 911 4109 inducit.
948 4055 1009 4111 Mc.

126 4156 138 4181 ,·
201 4123 236 4175 Ιιι
253 4126 352 4177 domus
375 4126 459 4178 etium
483 4121 657 4188 introdusit]
694 4122 743 4176 Sic
766 4125 836 4196 Reg.
857 4132 887 4176 et
905 4125 963 4177 Pal.
983 4133 1051 4178 tert.
1088 4124 1151 4178 Alii
1177 4127 1285 4182 domoc.

131 4194 273 4316 Dioffeues
291 4197 421 4248 Laertius
439 4193 477 4258 11,
496 4196 539 4249 21.
565 4192 712 4246 Socratem
737 4195 826 4247 tradit
843 4198 944 4260 γνόντα
960 4196 1011 4263 τήν
1029 4196 1148 4268 φυσικὴν
1163 4202 1307 4269 θεωρίαν·

130 4263 220 4336 μηδὶι
238 4257 393 4333 εἶναιπρὸς
411 4261 490 4332 ἡμᾶς,
517 4261 551 4318 ed
570 4261 650 4332 ἠθικοὶ
675 4259 757 4350 ἔρξαι
776 4269 941 4336 φιλοσοφεῖν
958 4267 1007 4320 ἐπί
1026 4285 1056 4322 ιε
1078 4274 1134 4326 τιῖν
1151 4266 1285 4342 ἐργαστη·

132 4339 202 4406 etue
218 4339 264 4389 uni
280 4335 312 4387 ὲν
328 4339 366 4402 τῇ
381 4334 484 4405 ἀγορᾷ·
502 4338 614 4390 κάκεῖνα
632 4335 664 4389 δὲ
682 4351 799 4406 cuonem
816 4342 915 4404 ζητεῖν,

269 4405 359 4472 υ0,ιιί
373 4425 417 4462 τοι
433 4405 464 4460 ἐν
480 4402 625 4477 μεγάροισι
641 4411 724 4464 uuor
741 4411 765 4464 d
783 4408 895 4478 dyaddv
911 4426 939 4464 re
956 4407 1093 4464 eirenem·
1198 4438 1199 4443 =
