2856 5084
422 257 648 327 EXGURSUS
669 259 744 325 vll.
766 256 809 322 ad
828 256 871 324 11.
893 259 924 325 8.
944 259 995 324 20.
1222 256 1283 324 ³71

135 428 257 480 Labores
276 426 436 480 diminuere
455 425 615 500 significat:
642 419 783 494 quomodo
801 423 958 476 Exantlare
976 421 1094 487 labores,
1118 421 1218 475 abillo
1237 422 1285 477 de·
1339 419 1342 423 ’
1381 426 1391 443 ”

135 497 264 563 ductum,
289 499 463 550 neutraliter
481 496 648 565 accipiatur,
677 504 706 547 et
723 495 837 564 perpeti
860 494 970 546 labores
996 493 1151 565 significet,
1179 495 1285 548 merito

135 570 236 639 quaeri
252 568 351 637 possit.
390 569 474 620 Hunc
493 581 562 640 ergo
581 574 613 617 ut
632 565 756 617 eximam
775 565 953 634 scrupulum,
976 580 1134 633 proponam
1153 572 1182 616 et
1199 565 1286 617 aliam

133 637 219 704 hujus
244 639 325 690 verbi
351 638 505 713 originem,
532 653 617 706 quam
640 636 789 688 doctorum
812 637 944 687 virorum
969 633 1076 697 iudicio
1103 635 1285 704 permittam:

133 710 274 760 nimirum
292 718 325 760 ut
343 710 497 761 Exantlore
517 708 627 759 laborer
651 706 688 758 sit
716 706 800 774 quod,
828 705 1081 765 mutatis,hatinis
1108 706 1139 755 in
1164 705 1287 758 Graecas

132 779 240 843 literis,
266 780 342 832 dicas
364 777 485 848 ἀνατλρῖν
510 787 539 830 et
565 775 697 843 ἱξαντλᾷν
720 775 831 834 πόνους.
869 777 944 827 Nam
968 776 1097 844 quamvis
1119 776 1211 827 multa
1229 777 1288 828 sint

132 850 208 918 apud
226 851 349 903 Graecos
367 851 453 903 verba
476 851 508 900 in
525 848 580 900 hac
600 848 687 900 etiam
709 865 741 900 re
760 846 946 916 exprimenda
972 861 1142 915 synonyma,
1169 847 1287 904 insitam

133 928 231 975 tamen
248 920 319 973 huic
336 921 423 974 verbo
440 919 579 983 majorem
598 918 746 986 quandam,
767 935 853 986 quam
871 916 927 968 ulli
945 916 1007 979 alii,
1026 918 1087 967 vim
1104 933 1173 981 esse,
1193 918 1288 973 obser-

133 991 208 1042 vavi.
247 991 278 1044 si
297 991 412 1059 quidem
431 1000 464 1042 ut
482 991 593 1054 Cicera,
613 1005 706 1056 quum
720 988 811 1058 possit
827 987 934 1052 dicere,
952 988 1048 1052 Ferre,
1067 986 1207 1052 Persea-re,
1219 987 1288 1041 Per·

133 1061 203 1129 peti,
225 1062 358 1114 Tolerare
376 1062 504 1126 lebona,-
513 1069 618 1124 tamen,
648 1067 681 1109 ut
700 1059 761 1111 istis
779 1059 909 1111 omnibus
927 1056 1146 1131 significantius,
1170 1066 1289 1128 usurpat
1343 1085 1346 1092 ·

134 1132 257 1184 verbum
284 1132 452 1184 Erantlares
489 1132 529 1183 ita
554 1130 642 1183 etiam
668 1129 771 1181 Graeci
798 1133 888 1198 quum·
910 1128 955 1180 uti
977 1130 1086 1198 possint
1109 1128 1155 1180 his
1184 1128 1288 1200 φέρειν,

135 1201 269 1270 πάσχειν,
292 1202 455 1270 ἀνέχεσθαι,
482 1210 511 1254 et
529 1200 603 1265 aliis,
629 1216 701 1268 quae
729 1199 803 1251 mihi
822 1215 879 1251 non
897 1207 1069 1252 succurrunt
1087 1199 1164 1265 (nam
1183 1199 1289 1267 ἀπομέ-

136 1290 196 1325 νειν
215 1282 244 1325 et
261 1278 399 1345 καρτερεῖν
417 1290 475 1324 non
494 1270 668 1341 simpliciter
685 1270 715 1322 id
733 1270 909 1344 significant:
941 1277 975 1321 ut
1000 1287 1053 1322 neo
1072 1267 1226 1338 ἀνέχεσθατ
1245 1273 1290 1322 in·
1374 1254 1392 1302 .'

135 1343 264 1405 terdum)
281 1352 378 1396 tamen
396 1342 493 1409 ἐξοχὴν
511 1342 651 1412 quandam
669 1339 739 1392 huio
756 1341 844 1392 verbo
862 1340 1005 1403 tribuunt,
1032 1348 1066 1397 ut
1083 1342 1222 1395 maiorem
1240 1342 1290 1395 ha·

136 1414 218 1467 benti
238 1413 394 1483 emphasin.
433 1413 482 1466 Sic
501 1431 516 1464 a
535 1413 656 1482 quodam
681 1410 782 1464 idoneo
807 1411 947 1480 scriptore
975 1409 1086 1462 dictum
1110 1420 1152 1464 est
1177 1413 1208 1464 in
1228 1429 1290 1465 ora·

136 1486 217 1538 tione
236 1486 337 1550 soluta,
356 1481 408 1538 ἀλλ’
429 1484 445 1548 ἦ
463 1481 517 1554 μὲν
533 1483 621 1552 μήτηρ
635 1477 687 1534 σὺν
698 1489 738 1546 τῷ
756 1485 856 1548 κυῆσαι
874 1482 922 1534 καὶ
934 1487 1067 1548 γεννῆσαι
1080 1481 1126 1533 καλ
1137 1487 1289 1550 τιθηνῆσατ,

135 1559 251 1626 μυρίους
269 1556 364 1614 ἀλλους
383 1553 510 1621 ἀνέτλησε
527 1552 644 1614 πόνους.
664 1553 756 1604 sicin
775 1553 900 1604 carmine
919 1553 952 1604 ab
971 1552 1211 1616 Hermesianacte,
1229 1556 1291 1606 Mt·

136 1645 258 1698 μνερμος
281 1625 314 1678 ἀὲ
335 1627 385 1678 τὸν
408 1621 479 1691 'idda‘
502 1623 533 1684 ὃς
555 1625 659 1694 εὕρετο,
686 1622 789 1675 πόλλον
818 1620 943 1688 ἀνατλάς,
971 1618 1058 1691 Ἠχον
1087 1627 1132 1676 καλ
1161 1626 1291 1696 μαλακοῦ

136 1699 237 1768 πνεῦμ’
256 1697 311 1749 ἀπὸ
331 1694 524 1763 πενταμέτρου.
547 1693 653 1760 Ὠιιὶᾶῗ
672 1709 766 1746 nonne
783 1693 817 1746 ab
835 1694 960 1746 Homero
980 1711 1015 1745 ex
1033 1694 1132 1746 multis
1152 1695 1290 1764 epithetis

136 1787 228 1820 unum
254 1768 395 1840 deligitur
416 1766 554 1831 πολύτλας,
590 1764 666 1833 quod
692 1760 779 1816 πολλὰ
802 1758 954 1832 μὸγήυαντι
974 1771 1003 1815 et
1026 1764 1112 1816 πολλὰ
1137 1764 1291 1819 πεπονθότι

136 1839 238 1909 Ulyssi
257 1838 418 1889 tribuatur?
449 1836 629 1902 Quinetiam
647 1834 681 1886 ab
707 1833 764 1886 hoc
782 1835 869 1887 verbo
888 1835 996 1888 factum
1018 1843 1060 1887 est
1078 1852 1183 1888 nomen
1201 1830 1291 1901 τάλας,
1312 1855 1315 1858 ⁴

137 1926 191 1979 pro
209 1909 328 1961 misna.-
346 1925 438 1973 quum
456 1924 472 1957 a
490 1906 611 1974 reliquis
625 1904 793 1975 synonymis
812 1905 928 1956 nullum
947 1903 1058 1968 itidem,
1078 1906 1156 1972 quod
1173 1907 1292 1977 quidem

138 1988 198 2032 tam
222 1978 387 2053 significans
413 1985 530 2044 tamque
551 1978 690 2043 frequens
718 1975 764 2039 sit,
793 1976 951 2026 formatum
979 1975 1151 2043 reperiatur.
1195 1977 1235 2026 Et
1259 1984 1293 2035 ut

137 2050 253 2102 tandem
271 2049 380 2110 finiam,
401 2064 509 2098 summa
527 2045 663 2110 sithaec,
682 2045 820 2114 suspicari
832 2062 889 2109 me,
909 2045 1064 2096 Εταυλλαττ
1083 2045 1158 2115 apud
1166 2046 1292 2111 Latinos,

138 2137 227 2190 quum
255 2117 405 2172 exhaurire
429 2117 583 2190 significat,
612 2133 670 2168 esse
695 2132 809 2167 merum
834 2114 955 2167 verbum
974 2115 1117 2167 Graecum
1144 2113 1292 2181 ἐξαντλεῖν,

137 2191 250 2244 Latinis
268 2191 362 2242 literis
385 2189 536 2257 scriptum,
558 2194 589 2239 ‘et
611 2186 714 2237 Latina
739 2185 943 2237 terminatione
967 2185 1048 2257 quapi
1072 2187 1223 2239 vestitum:
1254 2195 1292 2252 at,

138 2279 229 2331 quum
254 2260 397 2334 significat
421 2259 554 2322 tolerare,
586 2273 644 2309 esse
670 2272 775 2325 purum
803 2263 961 2324 putumque
983 2255 1128 2308 Graecum
1150 2256 1293 2324 λξτιντλᾷν,

139 2331 208 2385 elisa
232 2339 328 2383 tamen
354 2346 408 2397 per
434 2343 581 2398 syncopen
604 2326 690 2378 litera
714 2325 741 2375 ἀ.
779 2326 952 2377 Praesertim
978 2342 1067 2394 quum
1094 2343 1131 2379 ex
1148 2326 1294 2397 Aeschylo

137 2400 322 2472 probaverim
350 2402 498 2452 ἀπαντλεῖν
522 2398 582 2449 sive
597 2392 743 2454 ,ἐξαντλεῖν
766 2390 879 2458 πόνους,
905 2411 963 2448 non
980 2397 1073 2465 accipi
1100 2397 1132 2448 in
1150 2398 1295 2471 significa-

138 2472 219 2526 tione
238 2479 341 2522 neutra
358 2486 411 2538 pro
428 2470 557 2537 perferre
575 2467 692 2530 labores,
716 2465 812 2538 sedin
840 2465 934 2518 activa
951 2482 1006 2535 pro·
1025 2463 1146 2520 Labores
1169 2470 1295 2522 minuere

139 2551 169 2596 et
187 2542 293 2605 levare,
323 2541 407 2592 ducta
424 2539 563 2590 videlicet
581 2537 614 2590 ab
633 2537 669 2588 iis
687 2534 855 2605 metaphora
874 2553 946 2605 quae
964 2535 1122 2590 hauriendo
1140 2539 1296 2607 paullatim

138 2613 320 2675 minuuntur,
347 2610 436 2662 donec
454 2609 568 2660 tandem
587 2606 802 2659 exhauriantur.
839 2607 879 2658 Et
896 2604 967 2659 haec
986 2607 1104 2675 quidem
1122 2625 1174 2681 ego
1193 2609 1295 2678 proba·

139 2684 249 2737 biliter.
288 2680 360 2746 Quid
379 2680 402 2732 si
421 2696 490 2732 vero
514 2677 606 2743 (libet
630 2677 708 2730 enim
731 2684 884 2746 utramque
909 2677 940 2728 in
963 2685 1086 2746 partem,
1110 2677 1296 2732 Academico·

139 2771 207 2806 rum
225 2767 315 2815 more,
336 2749 493 2819 disputare)
511 2748 581 2800 huic
591 2747 730 2816 Aeschyli
748 2747 822 2811 loco,
842 2747 891 2798 ubi
909 2748 1065 2817 composito
1082 2747 1234 2802 ἀπαντλεῐν
1253 2751 1294 2802 ita

140 2825 245 2887 utitur,
264 2822 314 2873 alii
332 2821 387 2873 duo
407 2827 595 2889 opponantur,
616 2818 767 2887 inquibus
787 2817 909 2886 simplex
927 2815 1033 2870 ἀντλεῖν
1051 2823 1188 2888 usurpat?
1214 2821 1294 2873 Dicit

140 2896 220 2946 enim
243 2892 275 2943 in
298 2890 478 2953 Prometheo,
502 2907 566 2963 pag.
585 2892 619 2943 27
645 2905 725 2941 meae
752 2888 895 2952 editionis,
923 2885 992 2956 ’Eyol
1020 2886 1051 2940 ἀὲ
1075 2889 1125 2954 τήν
1147 2891 1294 2960 παροῦσαν

138 2957 263 3028 ἀντλήσω
285 2961 371 3030 τύχην
396 2968 426 3013 et
443 2960 474 3010 in
493 2958 680 3026 Cho'e'phoris,
698 2975 763 3032 pag.
783 2960 846 3022 25⁷,
873 2958 912 3012 Tol
927 2959 980 3026 μὲν
995 2959 1051 3028 γὰρ
1069 2959 1136 3010 ἀλλα
1154 2960 1295 3028 τλημόνως

140 3037 258 3100 ἤντλουν
283 3033 360 3087 anast.
397 3031 487 3083 Possit
504 3032 622 3084 fortasse
641 3029 747 3097 aliquis
766 3038 795 3081 et
814 3029 851 3091 ei,
874 3029 996 3097 quihus
1023 3030 1099 3082 locos
1117 3032 1293 3100 opposuerit,

140 3103 330 3175 probabiliter
355 3102 395 3153 ita
421 3118 466 3152 res
488 3101 606 3152 ondere:
635 3099 715 3152 aliud
738 3115 796 3151 esse
814 3099 941 3167 simplex
958 3096 1074 3165 ἀντλεῖν,
1097 3101 1174 3168 quod
1191 3103 1294 3155 Latine

141 3184 185 3228 est
203 3173 337 3225 Haurire:
366 3171 445 3222 aliud
463 3118 600 3229 ἀλαντλτῖν
618 3170 678 3223 sive
697 3166 844 3222 ἀπαντλεῖν
868 3171 1069 3240 compositum,
1098 3172 1174 3240 quod
1191 3173 1294 3226 Latino

142 3242 303 3298 Ετλαατῖυτ
329 3241 493 3311 respondet:
522 3242 642 3310 ideoque
666 3240 779 3292 diversa
796 3241 892 3303 etiam,
922 3258 994 3306 quae
1013 3257 1049 3293 ex
1065 3240 1112 3310 his
1131 3243 1206 3294 facta
1224 3244 1292 3309 sint,

141 3333 201 3368 esse
219 3313 357 3383 loquendi
375 3329 488 3386 genera.
509 3320 538 3364 et
557 3309 797 3380 quemadmodum
808 3326 873 3362 non
891 3311 966 3363 idem
979 3319 1020 3364 est
1038 3329 1139 3380 aquam
1154 3319 1293 3383 er'puteo

142 3386 270 3448 haurire,
296 3392 325 3436 et
349 3391 468 3453 puteum
490 3391 539 3434 aut
561 3382 644 3451 putei
669 3398 771 3451 aquam
804 3379 966 3446 exhaurire,
994 3380 1046 3437 ,sed
1069 3381 1226 3436 haurienda
1251 3393 1293 3436 est

143 3456 203 3521 diu,
221 3464 374 3524 antequam
394 3453 589 3515 exhauriatur,
610 3460 638 3503 et
656 3452 736 3503 nulla
756 3451 787 3500 in
805 3467 837 3502 eo
855 3451 1052 3520 relinquatur:
1077 3451 1118 3503 ita
1136 3453 1222 3505 etiam
1241 3455 1294 3506 ali-

164 3542 296 3585 remex
327 3523 381 3575 hac
408 3525 468 3577 vita
496 3532 632 3593 tanquam
666 3521 848 3573 miseriarum
871 3521 964 3587 fonte,
992 3538 1072 3591 posse
1101 3522 1205 3576 merito
1233 3525 1292 3578 dici

140 3600 249 3649 αντλτῖν
260 3589 343 3658 »νακά,
363 3603 396 3645 ut
415 3612 448 3646 ex
465 3602 553 3664 puteo
572 3605 686 3661 aquamt
706 3591 756 3643 sed
773 3590 911 3650 ἐξαντλεῖν
927 3590 1007 3655 κακὰ,
1027 3592 1057 3644 id
1071 3600 1113 3644 est
1127 3593 1292 3662 exhaurire,

143 3666 277 3736 (perinde
297 3665 376 3734 quasi
394 3665 486 3716 nullas
505 3666 535 3715 in
553 3672 701 3734 posterum
718 3661 771 3713 sibi
789 3670 837 3713 aut
860 3661 927 3714 aliis
952 3663 1079 3732 reliquas
1103 3664 1190 3717 faciat
1209 3667 1294 3719 mise·
1315 3687 1318 3692 ·

143 3737 212 3802 rias)
232 3736 356 3802 minime
372 3750 452 3803 posse
470 3735 536 3786 dici.
571 3734 736 3801 Quanquam
753 3748 865 3796 vereor,
885 3749 921 3784 ne
940 3734 988 3786 oui
1006 3734 1131 3784 nimium
1149 3736 1296 3789 subtiliter

142 3807 214 3859 haec
233 3825 251 3858 a
268 3806 403 3869 medici,
429 3814 458 3857 et
481 3805 604 3856 nimium
628 3805 662 3856 ad
679 3804 778 3855 vivum
799 3803 953 3855 videantur
970 3805 1103 3856 resecari.
1140 3805 1184 3856 Ea
1202 3807 1296 3880 igitur

144 3876 319 3930 doctioribus
337 3876 410 3926 viris
429 3877 608 3945 proposuisse
627 3875 664 3925 sit
682 3875 762 3926 satis:
794 3890 866 3942 quae
884 3883 1034 3943 postquam
1054 3874 1211 3946 diligenter
1229 3893 1297 3929 con-

144 3946 344 4010 sideraverint,
377 3946 497 3997 illorum
520 3955 594 3998 stare
619 3943 725 4010 judicio
752 3959 810 3995 non
834 3945 978 3998 recusabo.
1016 3943 1140 3995 Interim
1166 3946 1200 3997 ad
1217 3944 1308 3999 hunc*

143 4020 242 4072 locum
259 4017 336 4086 quod
354 4016 467 4079 attinet,
502 4017 583 4069 nullo
607 4017 689 4068 modo
715 4016 765 4066 hic
783 4014 843 4088 legi
869 4031 949 4083 posse
968 4013 1111 4066 exanclato
1130 4014 1209 4069 dico:
1237 4018 1296 4071 imo

144 4105 214 4143 vero
233 4105 291 4140 non
310 4087 402 4139 solum
419 4086 501 4151 hinc,
525 4087 574 4140 sed
592 4105 628 4140 ex
646 4086 734 4138 totius
760 4085 876 4157 linguae
900 4085 1015 4137 Latinae
1039 4084 1143 4136 finibus
1162 4086 1297 4162 ablegan-

146 4161 211 4212 dam
230 4177 287 4212 esse
304 4159 379 4210 hanc
396 4173 496 4210 vocem
514 4158 647 4209 audacter
663 4156 827 4225 pronuntio.
857 4154 968 4224 Sequor
986 4155 1079 4229 igitur
1097 4171 1205 4221 eorum,
1224 4175 1297 4226 quae

147 4232 219 4285 olim
237 4232 312 4283 edita
329 4232 458 4294 fuerunt,
483 4228 694 4297 exemplarium
713 4226 883 4278 lectionem:
915 4226 963 4278 sed
980 4243 1016 4276 ne
1036 4242 1096 4277 eam
1116 4227 1233 4295 quidem
1251 4247 1298 4280 us-

147 4318 327 4371 quequaque,
346 4319 448 4354 verum
466 4314 501 4350 ex
519 4307 602 4422 parte
620 4298 769 4348 duntaxat:
790 4314 854 4348 nam
870 4314 959 4365 quum
978 4295 1043 4347 illic
1061 4298 1201 4352 exantlato
1220 4299 1298 4373 lega-

147 4380 205 4437 tur,
230 4388 293 4446 ego,
321 4372 396 4442 quod
414 4387 471 4423 non
489 4389 523 4440 sy
537 4369 599 4423 laba
617 4371 661 4422 clo
679 4368 727 4421 sed
746 4367 787 4419 lla
804 4367 895 4437 posita
914 4366 960 4432 sit,
978 4366 1080 4436 probo:
1109 4369 1185 4438 quod
1202 4378 1297 4423 autem

1002 4471 1071 4536 24*
