2856 5084
146 310 149 317 ,
204 263 248 335 ss
402 259 634 326 ciceronis
655 233 1147 327 rosenmumsrurur.

202 427 366 507 prodacta
390 425 518 501 dicunt,
548 439 637 505 'quae
665 425 751 486 bona
781 424 850 486 isti.
894 421 1022 487 Dicunt
1047 422 1098 486 illi
1119 419 1274 506 qul'dems
1302 421 1363 488 sed

204 510 258 571 bis
291 511 396 571 vitam
423 509 551 569 beatam
584 508 747 588 compleri
774 514 911 592 negant:
940 507 976 567 hi
997 515 1109 569 autem
1130 507 1203 568 siue
1224 507 1267 568 iis
1288 522 1363 572 esse

142 597 151 607 ”
205 592 330 653 nubam
352 597 486 671 putanti
509 597 579 665 aut,
601 590 697 663 sisit
719 589 825 666 beate,
852 587 1076 651 beatissimam
1104 596 1196 653 certe
1222 599 1360 676 negant.

203 673 276 737 Nos
297 681 408 733 autem
431 671 583 743 volumus
603 671 846 736 beatissimam:
869 671 970 753 idque
992 669 1088 733 nobis
1109 671 1281 733 Socratica
1301 673 1363 735 illa

202 755 416 834 conclusione
444 751 671 814 confirmatur.
729 753 787 815 Sic
816 754 904 815 enim
937 755 1092 835 princeps
1125 754 1183 815 ille
1214 750 1375 836 philoso-.

204 837 304 919 phiae
325 835 526 911 disserebat:
549 836 664 901 Qualis
685 837 843 918 cuiusque
865 836 1118 898 animiaffectus
1140 846 1236 914 esset,
1260 838 1363 900 telem

200 958 1358 1000 *ms-‚m

198 1017 273 1091 ’μένα
289 1022 343 1091 μὲν
361 1020 394 1074 td
415 1021 512 1088 tauris
530 1022 613 1082 ditur
630 1020 741 1092 ἔχοντα,
769 1021 807 1082 οἷς
833 1018 951 1090 ὑγίειαν,
975 1023 1094 1076 ’πλοῦτον
1112 1024 1167 1077 etc.
1205 1017 1255 1078 Sic
1273 1025 1362 1078 etism

139 1194 142 1199 ¹
201 1094 310 1218 pltp’ntrl'p⁸
323 1093 468 1220 Νὖῖξζιοιέὲ
481 1094 603 1216 ΙὶῗιΧΙ.
625 1091 646 1158 0.
667 1093 710 1148 61.
748 1093 790 1147 De
816 1093 863 1146 his
891 1095 952 1164 fuse
977 1095 1092 1147 disserit
1114 1091 1228 1175 Lipsius
1246 1093 1360 1150 Manud.

219 1300 223 1313 ,
271 1252 424 1321 praecipua
441 1255 485 1306 vel
500 1249 653 1319 prodacta]
688 1248 756 1305 Non
777 1245 940 1322 reperiebat
959 1252 1071 1319 Cicero,
1097 1235 1166 1324 quo*
1182 1253 1267 1307 modo
1285 1253 1362 1308 Stoi-

202 1338 269 1374 cum
287 1322 362 1375 illud
380 1324 539 1394 προηγμένα
558 1331 756 1388 converterem
785 1338 873 1394 quare
892 1323 988 1375 utitur
1010 1324 1115 1377 duabus
1132 1319 1260 1390 vocibus,
1293 1337 1363 1394 qua-

201 1411 267 1445 rum
293 1402 397 1446 neutra
421 1395 448 1445 ei
473 1394 589 1446 omnino
619 1394 763 1446 convenit.
806 1392 886 1446 Alibi
910 1395 1005 1447 utitur
1030 1395 1122 1447 >etiam
1147 1391 1178 1447 iu
1204 1396 1302 1449 eadem
1329 1415 1361 1450 re

200 1459 297 1516 verbis
313 1467 453 1531 promota,
470 1461 646 1532 praeposita,
668 1473 696 1516 et
709 1464 743 1516 ad
753 1450 975 1537 signilicandum
989 1466 1168 1518 contrarium
1183 1463 1361 1537 (ἀποπροηγι

162 1536 171 1557 ⁸
226 1531 287 1600 tra)
304 1536 416 1599 reiecta,
448 1537 573 1596 reductu,
604 1542 719 1589 remota.
756 1537 876 1588 Praeter
897 1536 994 1587 locum
1017 1536 1192 1606 primarium
1211 1555 1227 1589 a
1245 1538 1359 1592 Davisio

200 1553 348 1658 ihudatum
366 1604 418 1669 (de
437 1605 521 1658 Finn.
542 1601 596 1660 111.
617 1606 688 1672 16.),
713 1607 751 1659 cf.
772 1605 806 1659 de
824 1606 911 1658 Finn.
932 1603 986 1672 111,
1005 1610 1032 1672 4,
1053 1608 1095 1662 15.
1123 1604 1171 1675 lv,
1191 1607 1235 1672 26,
1256 1608 1297 1664 72
1323 1604 1358 1675 V,

201 1677 246 1740 30,
265 1679 308 1732 90.
328 1676 420 1728 Beier.
446 1676 477 1727 in
495 1677 615 1729 Excurs.
635 1675 683 1729 vl.
709 1677 743 1730 ad
768 1673 828 1729 cic.
857 1676 892 1729 de
912 1677 965 1730 off.
986 1679 1008 1731 1.
1028 1696 1056 1749 p.
1076 1677 1138 1732 310.
1176 1678 1257 1744 Quod
1276 1679 1361 1736 Wol-

200 1745 256 1797 fius
275 1747 306 1798 iu
325 1745 429 1798 scholis
447 1747 582 1815 compleri
601 1748 727 1820 explicat
745 1743 831 1814 effici,
858 1748 1018 1800 accuratius
1037 1748 1154 1805 disiisset
1177 1748 1289 1818 perfici,
1311 1749 1361 1804 οὺ·

200 1813 280 1872 solui.
318 1815 464 1870 Similiter
481 1817 615 1889 loquitur
641 1819 744 1873 Cicero
771 1818 805 1870 de
827 1818 912 1873 Finn.
932 1820 966 1884 V,
984 1822 1032 1883 tt,
1051 1822 1101 1875 ils
1130 1821 1305 1888 complent
1326 1838 1360 1875 ea

200 1886 310 1953 quidem
333 1887 522 1942 beatissimam
547 1891 644 1953 eitam,
677 1889 729 1942 sed
754 1888 808 1955 ita,
840 1895 872 1941 ut
900 1887 960 1943 sine
989 1887 1051 1942 illis
1074 1889 1168 1958 possit
1194 1887 1275 1945 beata
1300 1891 1359 1946 otta

201 1958 329 2013 existere.
346 1990 377 2001 -
407 1960 461 2011 Pro
479 1959 539 2013 Nos
557 1963 650 2012 autem
667 1959 736 2012 Cod.
755 1963 831 2016 Mon.
852 1965 876 2015 l.
895 1959 982 2013 babet
999 1961 1030 2013 11
1034 1975 1072 2012 os
1091 1967 1193 2025 aretem,
1212 1964 1360 2033 frequenti

201 2027 233 2079 iu
250 2029 347 2080 literis
374 2030 539 2082 maiusculis
563 2031 739 2083 confusione.
764 2030 828 2082 Vid.
848 2026 992 2087 Drakenb.
1018 2033 1053 2085 ad
1071 2031 1123 2084 Sil.
1143 2032 1207 2086 Ital.
1227 2035 1277 2100 Vl,
1296 2034 1358 2091 580.

143 2159 149 2168 ,
201 2098 268 2165 Mox
288 2099 355 2152 Coti.
385 2101 458 2152 Gud.
485 2102 569 2170 idque
593 2101 674 2153 nobis
701 2097 848 2167 quidem.
885 2103 966 2155 Unus
991 2101 1040 2153 Ox.
1065 2098 1176 2155 omittit
1200 2098 1262 2170 itta,
1291 2118 1360 2159 mor

200 2169 257 2221 duo
277 2169 328 2221 alii
346 2169 404 2223 ille.
433 2171 522 2224 Rehd.
542 2170 630 2223 habet
646 2169 778 2239 princeps
802 2170 852 2224 ills
874 2167 1174 2241 pbilosophorum:
1213 2174 1291 2244 quod
1317 2178 1360 2230 est

201 2240 252 2294 vel
270 2240 445 2310 interpretis
465 2243 514 2295 vel
539 2242 731 2295 correctoris.'
757 2241 901 2296 Similiter
924 2243 958 2296 de
976 2243 1015 2298 N.
1034 2244 1067 2296 1).
1092 2243 1130 2296 11.
1151 2247 1193 2301 66.
1216 2249 1279 2301 167.
1299 2253 1358 2302 ests

202 2308 367 2379 aprinclpe
382 2305 638 2381 philosophiae
657 2311 771 2366 Socrate
790 2311 966 2378 dictumest,
986 2314 1035 2366 ubi
1054 2315 1125 2367 item
1142 2314 1232 2391 vulgo
1251 2316 1360 2383 (etiam

202 2382 277 2451 apud
294 2383 379 2448 Eru.)
407 2384 434 2434 le
457 2384 517 2436 itur
533 2379 769 2451 philosophorum
800 2402 975 2453 quamquam
997 2382 1071 2437 illud
1093 2385 1199 2439 habeut
1224 2396 1253 2440 et
1271 2388 1358 2441 Godd.

203 2460 232 2506 et
258 2453 362 2522 probae
391 2402 463 2506 Edi.
489 2461 560 2505 vett.
599 2455 734 2508 Ceterum
761 2458 840 2508 recte
867 2464 966 2508 monet
993 2457 1040 2510 Or.
1060 2456 1095 2509 ad
1112 2456 1220 2512 Woltii
1238 2456 1360 2525 scholas,

203 2532 313 2577 certam
331 2539 389 2575 nou
408 2540 466 2576 esse
483 2523 570 2576 huius
588 2526 747 2578 sententiae
767 2525 863 2578 sedem
883 2519 1073 2592 emulorum,
1092 2545 1179 2596 quem
1197 2545 1233 2581 ex
1241 2528 1360 2583 Platone

203 2594 375 2646 excitaverit
393 2595 423 2644 iu
442 2612 506 2646 anu.
527 2613 585 2664 seq.
606 2596 744 2648 Davisius.
780 2598 833 2648 Pro
862 2594 952 2649 animi
976 2602 1018 2649 est
1042 2599 1153 2652 animus
1175 2598 1207 2649 in
1231 2616 1288 2652 uno
1308 2599 1359 2653 Ox.
1412 2663 1415 2668 ι

88 2714 90 2719 ,
203 2672 234 2716 st
252 2655 317 2716 cod.
331 2662 426 2716 'Rehd
463 2665 505 2718 De
523 2665 668 2719 locutione
694 2665 785 2719 animi
803 2667 919 2732 affectus
942 2683 995 2737 pro
1020 2685 1075 2737 qua
1099 2668 1274 2722 recentiores
1291 2666 1360 2721 sim-

223 2734 323 2786 liciter
342 2734 436 2786 solent
454 2735 550 2788 dicere
569 2738 693 2802 affectas,
712 2738 768 2789 vid.
790 2737 938 2790 Menkenii
957 2734 1031 2790 Obss.
1051 2740 1084 2792 Ι..
1104 2740 1137 2792 1..
1155 2756 1184 2808 p·
1203 2737 1247 2794 37.
1284 2739 1360 2792 Lau-

202 2753 251 2858 hat
270 2813 399 2858 nostrum
422 2807 518 2859 locum
545 2809 630 2858 etiam
653 2809 698 2860 Jo.
718 2807 846 2860 Valeusis
869 2809 900 2860 in
925 2808 1180 2880 Compendiloquio
1204 2827 1232 2881 p.
1253 2806 1313 2866 188.
1333 2829 1358 2864 a.

203 2877 253 2929 ubi
276 2884 333 2930 est:
364 2871 495 2946 princeps
525 2873 719 2947 philosophiae
755 2879 885 2932 Socrates
915 2878 1079 2946 disserebat,
1113 2879 1204 2950 qualis
1231 2881 1360 2951 caiusque

201 2949 320 3016 affectus
344 2952 427 3014 esset,
459 2947 544 3000 talem
567 2965 625 3002 esse
648 2947 791 3004 hominem.
829 2949 914 3002 Vides
933 2967 999 3002 eum
1016 2943 1166 3003 bominem
1183 2967 1253 3004 voce
1271 2949 1361 3007 animi

196 3018 351 3085 „coinmode
367 3019 495 3088 potuisse
515 3036 621 3072 carere.
655 3018 847 3073 Memorabilis
862 3026 909 3073 ’est
927 3020 1066 3090 repetitio
1084 3022 1162 3074 vocis
1182 3028 1272 3088 autem
1291 3041 1360 3095 pau-

203 3090 244 3142 cis
269 3089 444 3142 iuteriectis:
478 3089 571 3158 qualis
595 3098 711 3143 autem
736 3089 797 3160 ipse
822 3117 855 3128 —
881 3091 1007 3145 orationi
1033 3098 1149 3145 autem
1172 3116 1205 3132 «-
1234 3095 1359 3160 Affectus

204 3159 308 3211 artem
335 3161 440 3214 animis
465 3161 559 3228 qualia
579 3160 756 3216 recentiores
774 3177 982 3232 nonnunquam
1005 3162 1167 3218 fastidiunt:
1195 3158 1307 3232 Cicero,
1326 3173 1359 3218 ut

202 3229 292 3294 vides,
317 3246 375 3283 nou
399 3231 479 3283 item.
515 3227 578 3284 Me.
930 3268 934 3271 -

103 3365 105 3369 ,
275 3320 372 3375 Qualis
396 3321 525 3389 caiusque
550 3318 642 3373 animi
660 3312 797 3387 adfectus]
824 3320 977 3390 Respicere
995 3315 1115 3380 videtur,
1127 3322 1163 3375 ad
1179 3322 1306 3377 Platonis
1324 3323 1359 3377 ds

202 3391 272 3461 Rep.
292 3391 341 3447 lib.
361 3386 414 3445 ΙΙΙ.
434 3408 502 3465 pag.
520 3389 593 3455 [400.
613 3393 639 3442 d.
660 3390 714 3456 St]
734 3390 795 3446 438.
821 3391 872 3442 ubi
896 3391 1027 3445 Socrates
1054 3391 1091 3445 Ti
1108 3383 1132 3445 d
1152 3391 1169 3446 ὁ
1195 3389 1359 3462 retrorsit

202 3463 298 3523 λέξεως
311 3466 367 3517 ,καὶ
391 3457 407 3514 ὁ
425 3456 516 3530 λόγος,
542 3463 576 3516 οὐ
592 3458 631 3526 aqi
649 3463 695 3528 τῆς
714 3467 807 3529 ψυχῆς
830 3454 892 3526 ἤθει
910 3459 1004 3516 ἕπεται
1022 3490 1056 3500 -
1075 3467 1109 3531 τῇ
1127 3461 1159 3516 til
1176 3465 1244 3525 teta
1262 3460 1359 3534 stillat

202 3532 288 3602 Apud
311 3536 447 3589 auctores
466 3532 571 3602 passim
597 3535 735 3586 feruutur
758 3532 921 3585 huiusmodi
948 3533 1034 3598 diota,
1065 3548 1190 3603 quorum
1220 3538 1360 3590 nonnulla

113 3640 118 3648 -
204 3604 325 3656 corrasit
344 3605 415 3678 Aeg.
435 3604 581 3677 lllleuagius
605 3603 767 3659 adLaertii
792 3604 815 3668 Ι,
834 3605 878 3659 58.
916 3603 984 3669 Nos,
1003 3604 1039 3655 iis
1058 3604 1178 3670 omissis,
1208 3605 1264 3660 alia
1282 3604 1360 3662 dabi-

102 3675 105 3679 '
204 3691 276 3736 mus.
312 3668 501 3744 Demophilus
519 3677 550 3726 iu
568 3683 640 3726 sent.
658 3672 779 3745 Pythag.
799 3691 863 3748 pag.
884 3677 945 3730 620.
982 3666 1050 3728 Οἶον
1071 3673 1180 3744 palpati
1208 3673 1278 3742 ἦθος
1296 3673 1359 3732 ἑκά·

204 3761 280 3808 στου,
297 3740 401 3807 satietis
419 3743 433 3800 ὁ
452 3747 513 3813 βίος
531 3749 576 3797 καὶ
594 3745 624 3796 αιί
641 3744 767 3812 πράξεις·
790 3740 868 3812 ψυχὴ
887 3739 944 3815 γάρ
962 3741 1018 3799 ἔστι
1044 3751 1179 3818 ταμιεῖον,
1192 3750 1287 3817 ,ἀγαθοὶ
1306 3749 1359 3817 μὲν

196 3816 328 3883 ἀγαθοῦ,
353 3812 421 3884 κακὴ
443 3817 476 3870 δὲ
500 3821 598 3868 κακοῦ·
623 3815 756 3868 Clemens
773 3810 986 3869 Alexandrinus
1013 3818 1104 3872 Protr.
1128 3837 1193 3893 pag.
1212 3819 1258 3876 95.
1296 3815 1360 3873 Olus

197 3885 257 3954 ’.μὲν
279 3889 316 3941 ai.
327 3891 433 3954 βουλαί,
465 3891 536 3940 τοῖοι
562 3885 610 3938 καὶ
632 3887 661 3939 oi
684 3885 779 3954 thyas·
802 3885 898 3940 ὁποῖοι
923 3887 1003 3939 ellel
1026 3887 1115 3955 λόγοι,
1141 3889 1244 3945 τοιαίδε
1261 3895 1308 3945 κα1
1325 3890 1358 3943 αἱ

198 3957 328 4028 ,πράξεις’
352 3960 400 4017 καὶ
423 3953 510 4011 ὁποῖα
532 3952 565 4008 τὰ
589 3957 666 4026 ἔργα,
695 3958 815 4019 τοιοῦτος
838 3952 854 4010 ὁ
880 3961 948 4027 βίος.
986 3958 1107 4013 Omnino
1134 3961 1251 4013 fallitur
1271 3965 1305 4017 V.
1325 3961 1357 4016 G.

196 4029 286 4083 toan.
305 4032 446 4094 seuerus,
487 4029 517 4079 ui
535 4045 636 4096 parum
653 4027 737 4080 felici
754 4037 858 4081 conatu
877 4045 973 4084 versus
986 4023 1145 4096 iambicos,
1158 4049 1263 4103 eosque
1282 4031 1358 4086 rnale

203 4109 296 4164 natos,
311 4100 382 4152 binc
401 4045 523 4152 extudit.
563 4098 773 4164 Quinctilianus
792 4100 861 4152 Inst.
883 4101 957 4154 Orat.
978 4099 1028 4152 lib.
1047 4102 1095 4154 XI.
1115 4119 1175 4172 cap.
1198 4108 1220 4158 1.
1246 4102 1359 4170 Profert

204 4170 279 4225 enim
295 4186 388 4223 mores
403 4172 566 4238 plerumque
584 4170 678 4223 oratio
697 4178 723 4222 et
741 4169 831 4224 animi
847 4175 955 4225 secreta
973 4171 1090 4240 delegitt
1121 4187 1169 4225 aec
1192 4173 1254 4226 siae
1272 4190 1358 4228 cauea

206 4240 309 4296 Graeci
324 4241 521 4307 prodiderunt,
540 4249 574 4292 ut
590 4242 680 4304 vivat,
699 4241 776 4314 (lege
793 4240 874 4306 vivit)
898 4259 1041 4313 quemque
1061 4243 1148 4295 etiam
1166 4244 1269 4300 dicere.
1308 4245 1359 4300 Se·

204 4328 275 4369 neca
292 4311 384 4380 Epist.
405 4311 501 4368 cxlv.
537 4312 621 4380 Apud
639 4312 763 4366 Graecos
784 4315 815 4366 in
831 4311 1009 4382 prouerbium
1028 4315 1118 4378 cessit,
1146 4309 1212 4367 talis
1230 4315 1358 4369 homini·

203 4381 254 4436 bus
272 4381 329 4434 fuit
347 4381 449 4447 oratio,
468 4381 560 4458 qualis
579 4383 648 4438 vita.
684 4384 755 4438 Vide
774 4385 813 4439 sis
832 4393 861 4437 et
878 4384 1036 4439 Aristidem
1052 4385 1131 4442 Orat.
1151 4385 1229 4443 Sacr.
1248 4388 1270 4442 1.
1292 4403 1356 4463 pag.
