2856 5084
414 258 637 328 EXCURSUS
658 261 718 326 IX.
741 260 785 324 ad
806 260 922 357 11514.
944 261 994 327 33.
1221 260 1284 341 att

206 431 244 485 D.
259 427 422 500 *hamliuuer
448 427 523 480 Duas
539 425 624 480 besee
641 423 734 492 voces,
759 432 808 480 aut
830 421 1021 488 Prometheum,
1041 439 1077 476 ex
1093 419 1189 477 Maffei
1207 421 1284 477 libro

135 505 193 556 iam
212 501 282 554 olim
307 499 436 551 restituit
458 500 486 551 P.
506 499 658 563 Manutius,
686 516 755 568 quas
778 513 830 550 uos
853 512 967 565 quoque
990 495 1021 546 in
1046 511 1104 547 uno
1123 512 1159 560 ex
1177 493 1282 548 nostris

135 572 305 643 reperimus.
343 568 445 621 Cetera
464 586 535 638 quae
557 568 606 621 hic
631 569 738 622 ibidem
762 576 844 620 erant
859 567 950 619 'foede
969 574 1104 634 corrupta
1123 582 1138 616 a
1156 564 1284 618 Manutio

134 641 344 713 praetermissa,
374 655 424 692 nos
446 657 504 693 non
527 640 695 703 infeliciter,
719 655 783 691 mea
806 637 923 706 quidem
947 636 1097 700 sententia,
1126 635 1286 687 emendavi·

134 731 205 764 mus.
239 711 337 762 Paucis
355 718 419 778 post
429 709 526 762 verbis
545 727 642 762 omnes
659 710 730 763 libri
748 719 860 762 veteres
877 707 983 759 habent
1001 705 1032 760 iu
1050 706 1141 760 lecto
1159 703 1283 773 humido,

133 783 182 836 ubi
200 781 313 904 νιιΙὲαῐί
338 782 368 833 in
393 781 525 833 lectulo
547 779 668 834 humido.
706 781 765 832 Nos
784 778 861 832 MSS.
881 778 1037 847 sequimur.

208 853 236 904 f.
278 849 439 919 ylhurgiue:
469 851 582 921 Optime
607 850 792 914 conveniunt,
820 867 892 918 quae
915 848 1027 917 recepit
1044 846 1207 909 Lambinus,
1235 845 1286 914 qui

134 921 189 974 ista
206 921 343 974 vocabula
361 938 417 973 non
436 922 497 973 sine
511 939 593 974 causa
610 922 641 972 in
660 921 789 974 ordinem
808 920 920 988 recepit
939 928 967 972 et
985 919 1025 970 sic
1043 917 1199 985 lectionem
1219 933 1286 969 con·

134 993 245 1045 stituit:
263 998 344 1060 poter
364 992 457 1045 dicere
475 1000 524 1045 aut
533 991 725 1046 Prometheum
744 997 792 1044 eut
805 989 984 1044 Philoctetam
1000 987 1099 1042 illum?
1118 988 1186 1040 tlloe
1203 985 1285 1052 euim,

133 1079 214 1130 quom
233 1069 268 1127 te,
288 1064 361 1117 melo
381 1062 479 1114 dicere.

204 1133 233 1184 J.
254 1133 447 1186 Ganrerarr'uer
471 1133 572 1202 Aliqui
589 1132 659 1185 libri
677 1132 798 1185 habente
826 1129 1064 1185 Prometheum
1088 1135 1136 1182 aut
1153 1127 1287 1183 Philocte·

133 1207 191 1257 tam
209 1203 299 1256 illum.
337 1202 393 1256 Sed
410 1204 584 1256 retineamus
603 1221 668 1256 sane
685 1201 760 1254 banc
778 1203 966 1272 scripturam:
986 1200 1170 1255 Philoctetam
1187 1199 1268 1254 illum

300 1301 334 1311 -
354 1300 387 1310 -
407 1305 440 1316 -
459 1274 509 1342 qui
526 1277 596 1328 iacet
614 1275 645 1327 in
668 1274 801 1342 lectulo
825 1273 948 1336 turrido,

300 1344 366 1398 Qui
390 1345 503 1410 eiulatu,
529 1351 636 1411 quartu,
659 1344 777 1412 gemitu,
800 1344 969 1409 fremitihue,
1012 1362 1014 1367 ’

299 1414 464 1468 Reconamlo
490 1415 628 1468 multum
655 1414 759 1477 flebiles
781 1431 860 1466 uoces
886 1414 983 1478 refert.

133 1485 207 1539 Sunt
225 1493 320 1536 autem
339 1485 373 1536 de
391 1494 435 1536 tra
458 1486 537 1538 oedia
557 1485 688 1555 quapiam
701 1501 801 1537 versus
819 1485 924 1536 senarii
938 1482 1073 1548 Jambici‚
1092 1483 1204 1553 primus
1222 1483 1286 1553 qui-

134 1557 199 1608 dem
223 1555 397 1621 dimidiatus,
448 1573 483 1608 uo
506 1564 656 1625 sequentes
680 1555 797 1630 integri.
834 1556 869 1607 In
893 1553 1017 1607 secundo
1040 1562 1134 1606 autem
1160 1554 1208 1606 vel
1230 1554 1286 1607 sol-

131 1626 223 1678 venda
240 1626 383 1694 particula
401 1624 458 1693 qui,
488 1632 521 1676 ut
543 1627 594 1679 fiat
616 1627 666 1696 qui
690 1625 874 1696 dissyllabon,
904 1635 952 1677 aut
976 1621 1101 1676 addenda
1120 1624 1285 1678 coniunctio

133 1712 191 1765 que,
211 1705 243 1747 ut
262 1696 300 1747 sit
319 1695 426 1765 quique.
535 1712 538 1724 ·

203 1767 237 1818 A.
258 1764 387 1818 Schottuo
404 1767 477 1821 Nod.
504 1765 563 1822 Cic.
591 1765 628 1821 11.
650 1766 691 1819 13.
739 1768 818 1821 .326
841 1779 899 1833 sq:
932 1764 1006 1817 Num
1023 1767 1124 1831 fortem
1141 1767 1233 1820 virum
1252 1793 1285 1804 -

129 1844 209 1905 polee
228 1836 329 1900 dicere,
348 1844 397 1887 aut
415 1836 600 1890 Philoctetam
617 1837 696 1889 illum
715 1783 806 1904 &uam
825 1842 852 1888 te
865 1835 940 1888 enim
957 1837 1145 1904 maledicere,
1165 1837 1216 1890 ced
1233 1837 1285 1891 ille

132 1914 208 1960 certe
231 1923 284 1961 uon
306 1907 402 1972 fortis)

300 2004 333 2014 ·-
353 2003 383 2012 -
409 1975 465 2031 Qui
483 1978 555 2040 iacet
573 1975 604 2028 in
627 1974 725 2027 lectulo
744 1973 855 2027 humido

299 2046 355 2102 Qui
379 2045 496 2109 eiulatu,
524 2053 629 2116 questu,
654 2043 772 2110 gemitu,
800 2044 959 2107 fremitibus

298 2117 472 2182 Reaouaudo,
497 2117 614 2169 multum
632 2115 738 2178 flebiles
755 2132 834 2167 eocee
852 2118 947 2182 refert.

133 2187 181 2240 sic
200 2187 329 2261 vulgati:
349 2195 485 2256 corrupte
504 2203 578 2239 sane.
614 2185 965 2260 OctaviusJ’autagathus,
984 2186 1094 2253 ltaliae,
1114 2188 1182 2240 dum
1200 2187 1285 2252 vixit,

131 2258 289 2319 oraculum,
309 2257 444 2309 audacter
462 2256 666 2326 interpolabat:
686 2259 741 2308 Aut
761 2265 814 2308 etc.
836 2258 873 2321 [v.
894 2257 999 2327 supral.
1033 2258 1187 2310 Lambinus
1205 2274 1284 2320 vero,

132 2329 184 2398 qui
203 2329 234 2379 in
253 2329 400 2391 Cicerone,
432 2335 518 2397 atque
543 2327 610 2378 adeo
634 2327 736 2396 poetis,
771 2327 801 2392 Q.
820 2327 933 2392 Flacco,
959 2328 993 2382 T.
1019 2329 1166 2392 Lucretio,
1196 2345 1229 2379 ac
1247 2331 1284 2384 Μ.

130 2400 230 2452 Plauto
254 2398 435 2451 emendandis
462 2397 551 2448 studii
575 2397 702 2448 multum
726 2412 886 2466 operaeque
913 2398 1048 2462 contulit,
1077 2398 1118 2450 sic
1145 2398 1286 2451 edendum

131 2469 257 2521 curavit:
277 2467 352 2521 huud
371 2467 401 2532 [l.
422 2468 480 2533 aut]
504 2466 697 2519 Prometheum
717 2475 771 2518 otc.
809 2467 899 2536 Atqui
919 2484 976 2519 non
994 2468 1046 2520 ille
1065 2469 1140 2534 satis,
1165 2477 1199 2519 ut
1224 2469 1286 2538 opi-

130 2555 193 2604 nor,
212 2539 310 2591 locum
330 2538 510 2603 instauravit,
537 2554 569 2590 ac
595 2554 631 2588 ne
650 2537 765 2589 Paullus
792 2538 908 2607 quidem
935 2538 1088 2602 ltanutius,
1121 2539 1286 2608 parenthesi

130 2609 202 2661 baec
228 2607 377 2661 inclusisse
401 2617 561 2660 contentus.
599 2607 685 2659 Facio
711 2608 845 2676 equidem
867 2608 1000 2674 libenter,
1026 2618 1059 2661 ut
1077 2609 1219 2663 librorum
1237 2627 1286 2663 ve·

131 2687 227 2732 terum
246 2680 341 2743 fidem,
362 2678 455 2748 quoad
473 2679 534 2732 eius
553 2695 568 2728 a
586 2693 632 2730 me
650 2678 716 2730 fieri
735 2687 837 2746 potest,
865 2696 975 2748 sequar,
1005 2697 1060 2747 qua
1081 2681 1180 2732 locum
1206 2680 1285 2733 hunc

130 2766 222 2820 prope
240 2749 401 2820 depositum
421 2766 518 2801 sanare
537 2748 668 2800 conabor.
705 2747 753 2800 Sic
773 2749 865 2822 igitur
884 2750 914 2799 in
933 2751 1105 2802 membranis
1123 2752 1287 2824 Longobar·

131 2819 311 2871 dicisToleti
331 2837 407 2871 ame
426 2820 470 2869 ins
493 2818 563 2871 ectis
574 2818 715 2886 scriptum
734 2818 866 2888 repperit
885 2818 959 2870 Num
976 2818 1096 2874 humana
1113 2828 1286 2874 contemnen-

131 2895 186 2944 tem
201 2896 281 2957 potee
300 2888 395 2941 dicere
412 2837 596 2942 Philhctetam
614 2887 716 2941 illum?
738 2889 766 2939 Α
786 2895 813 2941 te
832 2888 905 2942 euim
922 2890 997 2942 muto
1016 2892 1139 2945 diecerex
1167 2892 1218 2944 red
1236 2891 1286 2945 ille

132 2967 205 3012 certe
224 2976 277 3012 nou
295 2962 390 3024 tortia,
411 2959 458 3010 ubi
477 2976 530 3028 pro
549 2964 602 3030 aut·
615 2958 676 3033 legi
688 2958 788 3010 malim
808 2958 964 3028 turparetur
982 2961 1034 3026 eet,
1054 2970 1102 3013 aut
1120 2960 1283 3030 potiussic:

131 3045 167 3082 au
184 3028 368 3082 Philoctetam
386 3028 490 3081 illum?
521 3030 688 3098 Reponatur
706 3029 803 3098 itaque
824 3030 941 3094 discere,
962 3035 1029 3094 non,
1052 3040 1086 3083 ut
1103 3032 1209 3101 passim
1228 3031 1286 3084 edi-

130 3108 189 3165 tur,
209 3101 316 3153 dicere.-
337 3100 412 3167 quod
432 3100 518 3151 etiam
537 3099 568 3150 in
588 3098 672 3151 editis
691 3099 852 3167 antiquitus
871 3100 1009 3165 occurrit,
1034 3110 1068 3153 ut
1086 3101 1165 3155 infra
1181 3101 1232 3155 lib.
1250 3103 1284 3153 V.

130 3170 259 3222 Tuscull.
280 3170 337 3224 Sed
356 3186 372 3221 a
393 3175 419 3222 te
438 3168 591 3239 impetrare
610 3169 728 3222 libenter
746 3169 834 3221 uelim.
873 3170 953 3235 Quod
976 3168 1233 3225 autem'lllanutius
1253 3172 1286 3224 in

130 3257 187 3293 uno
206 3241 302 3293 Maffei
327 3240 392 3302 cod.
422 3241 564 3309 scriptum
588 3247 710 3311 testatur
735 3240 791 3292 Aut
808 3239 997 3294 Prometheum
1024 3250 1072 3295 aut
1094 3241 1284 3307 Philoctetam,

129 3327 235 3364 vereor
251 3320 285 3362 ut
302 3311 424 3379 probum
442 3311 489 3375 sit,
509 3319 538 3362 et
556 3310 589 3361 ab
606 3310 765 3362 haesitante
783 3311 879 3380 potius
904 3312 1023 3364 librario
1048 3313 1224 3383 adscriptum
1241 3313 1286 3364 vi·

131 3381 241 3433 deatur.
280 3381 411 3451 Itemque
431 3381 533 3433 multuo
548 3381 653 3443 flebiles
670 3396 748 3433 vocer
765 3383 855 3447 refert
868 3382 985 3435 'eaedem
1005 3383 1187 3436 membranae
1205 3399 1287 3453 prae-
1385 3389 1388 3395 '

130 3451 270 3505 terebant.
308 3451 431 3520 Reliq'ua
448 3468 516 3503 vero
535 3452 684 3504 de'vetere
703 3460 787 3520 poeta
805 3451 855 3504 bic
873 3471 888 3504 a
903 3452 1052 3519 Cicerone,
1072 3462 1120 3505 aut
1139 3463 1217 3506 certe
1236 3471 1285 3506 ex·

131 3531 224 3575 tremo
242 3522 318 3573 libro
337 3522 375 3573 Il.
396 3523 430 3574 de
449 3522 568 3574 Finibus
585 3522 617 3573 B.
639 3531 668 3575 et
686 3525 722 3574 llll.
743 3521 855 3574 detorta
874 3532 902 3576 et
926 3523 1020 3575 sensui
1039 3533 1104 3593 apta
1122 3523 1283 3576 observavi:

134 3593 234 3660 Turpe,
254 3592 360 3660 inquit,
376 3593 528 3660 protundum
545 3597 590 3645 ert
607 3610 661 3646 uon
680 3592 743 3644 dico
758 3592 861 3656 dolere,
883 3595 996 3647 numid
1015 3595 1127 3662 quidem
1143 3594 1286 3649 interdum

131 3670 173 3716 eat
191 3679 306 3725 necesse,
334 3663 383 3714 sed
406 3679 505 3715 aarum
532 3663 607 3716 illud
624 3663 767 3716 Lemnium
791 3664 914 3717 clamore
938 3663 1107 3719 Philocteteo
1129 3665 1284 3730 funestare:

131 3734 231 3789 Quod
254 3732 409 3797 eiulatu,
435 3739 570 3802 questu,
597 3733 745 3800 gemitu,
772 3734 989 3798 fremitibut.
1025 3739 1066 3790 Ut
1093 3754 1192 3789 saxum
1210 3735 1286 3789 illud

130 3804 235 3867 flehilee
252 3819 330 3856 roceo
347 3804 463 3869 referre,
483 3821 541 3856 non
558 3821 638 3859 secus
657 3813 742 3874 atque
762 3805 857 3880 imago
874 3807 954 3858 vocis
974 3807 1057 3870 solet,
1077 3825 1163 3875 quam
1181 3806 1286 3859 Graeci

129 3873 192 3942 ἠχώ
211 3862 370 3938 ιῖοωίηαιιϊ,
388 3876 566 3942 pronuntiet.
604 3874 652 3928 Sic
671 3876 702 3926 in
720 3876 796 3927 Orat.
816 3893 870 3946 pro
889 3876 1010 3928 Archia:
1039 3876 1117 3930 Saxa
1141 3884 1168 3930 et
1184 3875 1285 3929 colitu-

131 3945 213 3999 dr'uee
231 3947 293 3997 voci
310 3946 498 4012 respondeant.
535 3944 576 3997 Et
593 3946 727 3997 Horatius
745 3944 918 3999 Sermonum
936 3946 994 3999 Sat.
1015 3947 1062 3998 lv.
1094 3945 1185 3999 Suaue
1210 3947 1287 3998 locut

130 4017 207 4072 vorle
225 4021 338 4076 resonat
356 4018 507 4068 conclurus.
537 4013 606 4079 [Sat.
626 4015 648 4066 l.
668 4020 694 4071 4.
715 4015 771 4080 td]
799 4059 801 4064 .

201 4088 249 4141 Fr.
269 4085 432 4140 Fabricius:
464 4086 557 4151 Quum
575 4085 765 4139 Prometheum
790 4093 815 4138 et
835 4083 1017 4140 Philoctetam
1038 4085 1099 4159 legi
1123 4087 1154 4137 in
1171 4091 1285 4138 vetusto

130 4156 226 4209 Maffei
245 4157 319 4209 libro
338 4159 366 4209 P.
380 4157 522 4209 Manutius
541 4156 731 4222 admonuerit,
750 4172 809 4208 non
826 4157 921 4208 minus
940 4156 1032 4226 inepti
1051 4164 1127 4219 sunt,
1146 4157 1198 4225 qui
1215 4155 1285 4209 baec

130 4227 217 4348 verllia
235 4229 376 4294 mutilata,
396 4245 481 4298 quam
501 4226 552 4296 qui
563 4227 711 4298 sequentia
729 4227 828 4297 inepto
844 4227 1013 4301 glossemate
1032 4227 1164 4298 suppleta
1181 4227 1286 4302 legunt

132 4304 161 4350 et
201 4299 308 4350 eenda
329 4307 456 4352 censent.

202 4314 235 4421 ,l
251 4367 427 4424 Gebharduee
445 4368 619 4423 Reduximus
636 4368 793 4422 lectionem
811 4367 951 4421 Vlctorii:
976 4367 1050 4421 Num
1070 4395 1103 4406 -
1122 4369 1216 4423 dicere
1233 4374 1283 4422 aut
