2856 5084
575 253 707 321 mann
726 253 771 333 ν,
790 253 841 319 aa.
1100 288 1106 302 ,‚
1221 254 1284 327 sn

133 421 298 499 vincebat,
322 418 536 489 antPolamo
558 417 753 496 Arcesilam,
776 437 840 501 quo
857 424 944 481 esset
966 415 1120 481 beatior?
1161 417 1285 484 Quanti

136 521 219 568 vero
241 506 304 564 ista
326 498 444 566 civitas
466 500 670 564 aestimanda
692 510 754 580 est,
777 521 817 564 ex
851 520 914 582 qua
947 499 1025 560 boni
1052 500 1285 583 sapientesque
1338 508 1339 513 ’

134 583 351 670 pellunturli
384 585 583 652 Damaratus
621 583 782 676 quidem,
805 584 997 666 Tarquinii,
1032 585 1140 658 nostri
1179 585 1282 671 regis,

132 715 195 723 -—..-

132 774 242 828 tionem
260 772 406 838 iniecerit,
432 789 464 825 ea
481 774 600 826 fortasse
620 770 661 824 ita
684 771 752 824 tolli
768 771 868 841 possit,
892 778 926 822 ut
950 777 1115 835 statuamus,
1143 770 1284 828 Metrodo-

133 862 209 912 rum,
237 844 272 896 de
297 860 360 912 quo,
376 844 427 896 hic
450 843 582 912 loquitur
600 841 712 907 Cicero,
745 858 804 895 esse
830 841 1083 906 Stratonicensem,
1115 839 1195 893 cuius
1212 840 1284 893 facit

133 915 309 968 mentionem
331 913 407 967 idem
424 914 565 987 Diogenes
583 913 617 969 X.
636 912 685 968 9.“
703 909 790 967 Bonh.
827 912 949 978 „Intelli
971 930 986 977 e
1013 911 1208 965 Metmdorum
1226 927 1284 964 non

132 991 208 1052 cum,
226 985 279 1054 ¹qui
296 983 480 1038 Atheniensis
498 984 567 1049 fuit,
587 984 606 1034 i.
626 1000 650 1036 e.
670 983 858 1052 Epicureum,
877 983 926 1035 scd
941 929 1075 1047 aiterum,
1089 981 1285 1036 Stratonicen·

132 1074 191 1111 scm
210 1074 253 1126 ap.
273 1056 354 1129 Diog.
375 1056 407 1105 X.
427 1058 452 1110 9.
472 1063 521 1106 aut
539 1052 719 1125 Scepsium.“
744 1054 813 1109 Ern.
851 1055 990 1150 „Proprie
1016 1052 1210 1122 Atheniensis,
1236 1053 1285 1106 sed

130 1129 219 1201 vulgo
242 1127 448 1196 Lampsacenus
479 1126 581 1190 dictus,
614 1124 736 1196 Epicuri
762 1122 949 1193 discipulus.‘
978 1121 1071 1177 Khhn.
1098 1122 1227 1180 Wolfius
1252 1124 1284 1175 in

131 1198 237 1252 scholis
257 1213 324 1248 eum
341 1197 493 1265 Lampsaco
513 1213 572 1248 esse
591 1195 745 1248 oriundum
763 1196 813 1246 ait.
848 1193 903 1248 Sed
921 1194 979 1247 vid.
999 1194 1034 1248 de
1053 1211 1085 1246 ea
1102 1211 1134 1248 re
1152 1194 1284 1248 Jonsium

131 1269 166 1322 de
186 1266 305 1335 Scriptt.
334 1267 406 1319 Hist.
432 1267 536 1320 Philas.
557 1268 578 1319 Ι.
600 1267 625 1321 2.
645 1270 671 1321 6.
696 1264 724 1334 ι).
746 1269 788 1320 18.
814 1267 924 1338 Menag.
944 1267 983 1335 ad,
1001 1267 1096 1318 baert.
1116 1266 1149 1318 X.
1168 1267 1212 1322 22.
1248 1265 1284 1318 ln

131 1339 225 1391 tribus
245 1337 315 1389 Oxx·
334 1355 387 1405 pro
407 1353 498 1405 quam,
525 1336 595 1406 meod
613 1343 660 1388 est·
676 1351 758 1402 qnam
775 1351 864 1404 paam
902 1336 963 1389 Mr.
1180 1351 1182 1357 ¹

202 1409 261 1460 Aut
279 1406 361 1460 Plato
378 1407 563 1462 Xenocratem
588 1408 720 1471 macelot,
747 1413 795 1460 aut
819 1406 931 1460 Polemo
954 1404 1140 1472 Arcesilamh
1163 1406 1281 1478 Dionys.

131 1479 268 1531 Lambino
293 1478 390 1547 placet
416 1494 451 1530 ars
471 1478 551 1534 Plato
571 1496 657 1530 —an
676 1476 795 1532 Polemo.
832 1479 942 1530 Forsan
964 1476 1067 1530 melius
1085 1493 1215 1548 reponas,
1245 1483 1283 1532 ut
1355 1520 1356 1524 ,

130 1549 215 1603 Plato
235 1549 420 1602 Xenocratem
438 1549 571 1614 vincebat,
591 1554 640 1602 ant
657 1547 768 1602 Polemo
786 1548 956 1614 Arcesilam,
984 1547 1222 1617 queamdmodum
1240 1548 1283 1602 di-

130 1629 207 1673 serte
225 1620 264 1672 Re
287 1657 293 1670 .
313 1620 457 1672 Pithoean.
477 1620 548 1673 Med.
568 1620 636 1671 Bak.
657 1628 686 1672 et
704 1623 829 1674 Petrens.
865 1620 902 1672 D.

202 1698 252 1743 ant
266 1637 353 1744 hiato
371 1690 554 1744 Xenocratem
571 1689 705 1756 vincebat,
725 1691 792 1758 ant]
828 1688 961 1755 „Habent
978 1691 1114 1743 nonnulli
1133 1690 1231 1754 codd,
1252 1689 1284 1741 in

129 1761 178 1814 his
195 1763 263 1834 Reg.
283 1761 327 1813 At
346 1762 445 1816 Plato.-
463 1763 525 1824 alii,
540 1770 573 1813 ut
592 1760 646 1814 duo
665 1761 776 1826 neiat,
800 1760 954 1814 habentui
973 1761 1054 1815 Plato
1075 1789 1107 1800 -
1125 1767 1157 1814 at
1173 1760 1284 1815 Polemo
1379 1795 1381 1800 ·

131 1841 187 1885 cet.
209 1833 377 1902 quibuscum
394 1833 464 1884 iacit
484 1834 526 1886 ed.
547 1849 611 1884 mea
622 1841 712 1885 vetus.
737 1834 804 1885 Non
817 1834 933 1901 placent
950 1831 1004 1886 hae
1021 1833 1170 1898 lectiones,
1189 1847 1284 1901 neque

134 1903 206 1955 aliae
224 1920 240 1954 a
258 1903 330 1955 viris
349 1903 645 1972 criticis-propositae.
670 1905 732 1956 Nec
749 1913 845 1955 tamen
863 1903 924 1972 ipse
942 1903 1057 1973 reperio
1076 1903 1283 1967 coniecturam,

133 1989 207 2042 quae
231 1990 295 2025 rem
323 1973 465 2026 conficere
492 1970 655 2025 videatur.“
680 1971 770 2028 Bouh.
808 1972 983 2041 Nonhabet
1007 1974 1074 2028 God.
1093 1975 1162 2046 Reg.
1187 1980 1218 2025 at
1235 1973 1285 2025 sed

131 2049 172 2108 ut,
192 2050 220 2096 et
239 2043 280 2096 sic
298 2052 408 2111 septem
428 2045 497 2096 Oxx.
520 2042 592 2096 Gud.
614 2048 638 2098 1.
658 2044 683 2099 2.
709 2043 796 2096 lllarb.
825 2044 899 2098 Mon.
919 2045 945 2097 2.
983 2042 1083 2096 Altero
1102 2044 1167 2096 loco
1184 2050 1216 2096 nt
1233 2042 1285 2095 ha-

130 2114 201 2166 bent
228 2114 299 2166 Gud.
320 2115 346 2169 2.
372 2114 459 2167 hlarb.
474 2117 560 2180 Moru
577 2115 605 2167 2.
633 2114 729 2166 Duisb.
759 2121 884 2183 quatuor
907 2114 977 2170 Oxx.
1014 2115 1094 2167 Unus
1120 2115 1171 2169 Ox.
1197 2113 1284 2166 habat

132 2191 174 2249 et„
205 2183 288 2237 Solus
306 2183 395 2238 Rehd.
415 2184 501 2244 habet
519 2200 560 2236 an
578 2180 670 2248 Plato,
689 2184 764 2254 quod
781 2183 895 2237 volebat
912 2185 1008 2237 Lamb.
1029 2186 1156 2237 Frustra:
1181 2183 1284 2240 Varia-
1310 2185 1312 2189 '

132 2262 182 2306 tur
201 2255 402 2330 interrogatio,
422 2271 562 2313 necvero
581 2254 697 2307 additur
720 2255 919 2328 interrogandi
942 2255 1093 2324 particula.
1129 2254 1174 2306 Ad
1199 2253 1284 2306 Plato
1392 2258 1396 2264 “

132 2325 317 2379 Xenocratem
342 2326 476 2400 intellige
493 2323 675 2378 Atheniensis
694 2323 920 2387 Chalcidensem3
943 2325 978 2375 ad
996 2325 1107 2376 Polemo
1125 2323 1286 2378 Arcesilam

131 2413 202 2449 vero
220 2395 398 2461 Atheniensis
415 2395 559 2451 Pitanenm
577 2412 615 2446 sc.
635 2395 768 2449 beatitate
786 2412 813 2445 v.
833 2395 1009 2448 beatitudine
1028 2394 1169 2447 vincebat.
1205 2393 1284 2448 Scri·

130 2464 212 2519 bit'ur
239 2468 270 2518 in
289 2466 355 2518 Ood.
380 2469 454 2523 ltlon.
476 2472 499 2521 1.
527 2466 640 2520 Palemc
656 2464 832 2530 Ardeatium,
859 2466 908 2517 Ox.
929 2467 961 2520 D.
987 2464 1119 2519 Palemon
1142 2462 1285 2519 Archesil-

133 2540 201 2601 lam,
220 2537 252 2589 in
270 2537 327 2589 alio
346 2538 395 2589 Ox.
417 2545 508 2589 estut
526 2537 557 2588 in
575 2536 657 2592 Vind.
678 2542 702 2591 1.
731 2534 936 2603 Archesilaum,
962 2537 993 2587 in
1017 2537 1284 2601 unoArcessidam,
1341 2565 1342 2568 ¹

131 2609 165 2659 in
178 2608 255 2660 Gud.
277 2610 302 2677 2.
323 2607 433 2661 Pelama
451 2607 639 2680 Accersilam5
658 2608 689 2659 in
706 2609 782 2660 Mon.
795 2610 821 2663 2.
842 2605 1034 2671 Archesilaum
1051 2608 1150 2681 pergit
1169 2607 1242 2661 Gud.
1256 2609 1282 2662 2.

135 2680 224 2748 quod
248 2684 321 2732 esset
345 2679 460 2732 beatior.
497 2679 560 2731 Mr.
707 2679 710 2682 ’

204 2749 308 2806 Quanti
331 2766 395 2803 aera
418 2747 474 2803 ista
498 2749 599 2803 ciuitas
616 2749 793 2818 aestimande
811 2747 878 2816 est,]
910 2751 951 2804 Ut
968 2749 999 2806 h.
1016 2748 1037 2800 l.
1059 2748 1152 2818 quanti
1170 2756 1213 2803 est
1229 2765 1284 2818 pro

134 2835 218 2888 qnam
231 2816 324 2888 parui,¹
336 2821 384 2872 'ita
401 2821 433 2872 in
451 2821 546 2873 Somn.
567 2820 683 2890 Scipi.
703 2820 748 2886 (de
766 2821 836 2890 Rep.
855 2817 903 2880 Vl.
924 2822 967 2876 23.
986 2839 1014 2890 p.
1036 2821 1097 2876 501.
1119 2821 1161 2872 ed.
1180 2820 1283 2882 nostr.)
1345 2832 1347 2836 ⁴

134 2919 169 2928 —
189 2892 242 2944 Pro
261 2889 357 2958 quanti
374 2892 406 2942 in
423 2907 481 2944 uno
501 2892 551 2943 Ox.
571 2891 711 2960 scriptum
735 2899 777 2944 est
795 2890 874 2957 φαίης
898 2890 987 2943 Rehd.
1007 2892 1081 2944 Mon.
1104 2894 1127 2945 1.
1155 2899 1184 2944 et
1209 2907 1284 2944 unus

132 2962 184 3015 Ox.
203 2961 309 3013 babent
327 2959 536 3027 existimanda,
560 2964 635 3015 Mon.
655 2964 681 3016 2.
707 2955 884 3026 extimanda3
910 2961 983 3014 Gud.
1003 2961 1154 3035 sapientes,
1182 2960 1285 3015 omssso

153 3048 194 3086 ue.
232 3033 292 3085 Mr.
829 3063 830 3066 =

133 3051 151 3101 q
203 3105 262 3158 ista
280 3101 398 3168 civitas]
426 3168 429 3172 λ
436 3103 579 3169 „Quidam
596 3104 715 3155 Romam
733 3102 830 3160 intelli
852 3096 916 3166 unt,
943 3117 995 3176 ego
1013 3101 1151 3155 Athenas:
1179 3102 1211 3152 in
1230 3119 1285 3172 qua

133 3174 205 3227 urbe
224 3173 355 3226 Socrates
373 3175 531 3240 damnatus,
554 3173 733 3239 Aristoteles,
761 3191 797 3226 ne
824 3119 1017 3239 ‹hamnaretun
1044 3173 1138 3247 fugit:
1160 3172 1285 3226 'Themi-

134 3245 248 3310 stocles,
266 3245 416 3310 Aristides,
435 3244 594 3297 Alcibiades
613 3244 722 3314 aliique
735 3245 896 3313 complures
910 3244 1065 3296 clarissimi
1076 3237 1189 3313 expulsi
1202 3252 1283 3296 sunt:

134 3316 166 3366 in
186 3333 241 3384 qua
260 3315 378 3368 civitate
398 3316 538 3387 oppressit
555 3314 679 3367 virtutes
698 3314 840 3380 invidia.“
863 3314 996 3367 Beroaid.
1035 3315 1069 3365 ln
1087 3328 1164 3382 seqq.
1183 3313 1286 3383 scripsi

135 3395 179 3439 ex
197 3385 280 3438 Oodd.
309 3387 425 3456 optimis
449 3387 621 3454 Damaratus
647 3403 712 3438 cum
736 3386 817 3449 Dav,
844 3402 878 3436 ex
896 3385 965 3458 Reg.
992 3384 1066 3436 Gud.
1094 3389 1118 3440 1.
1143 3386 1168 3439 2.
1195 3385 1283 3437 ltlsrb.

134 3454 344 3522 (Damarathas)
369 3457 453 3517 Vind.
472 3459 498 3511 2.
524 3459 601 3509 Μοιι.
617 3460 647 3512 ¹l.
673 3456 897 3520 (Darmarotus)
922 3459 996 3509 Mon.
1016 3457 1041 3509 2.
1067 3455 1120 3507 Ed.
1139 3458 1167 3528 P.
1192 3471 1282 3538 marg.

134 3527 248 3580 Lambb.
268 3536 390 3596 quatuor
409 3530 478 3581 Oxx.
516 3526 607 3592 Quare
630 3525 723 3578 videri
748 3526 829 3579 debet
849 3527 950 3593 Cicero
968 3525 998 3576 h.
1018 3524 1037 3575 l.
1066 3527 1190 3577 formam
1207 3525 1285 3578 dorr-

135 3615 199 3650 cam
217 3598 397 3667 praetulisse,
416 3599 546 3667 quamvis
564 3598 600 3648 in
613 3596 796 3666 palimpsesto
815 3598 876 3650 cic.
904 3597 939 3648 de
962 3597 1032 3666 Rep.
1051 3596 1089 3648 11.
1110 3597 1152 3652 19.
1172 3613 1201 3666 p·
1220 3597 1282 3654 262.

136 3669 180 3719 ed.
200 3675 289 3719 nostr.
309 3669 450 3737 scriptum
468 3668 598 3721 videatur
615 3668 790 3723 Demaratus.
827 3668 887 3720 Mr.
949 3730 953 3736 ,
1002 3732 1005 3737 y

207 3737 377 3790 Damaratus
394 3737 515 3806 paridem]
554 3739 602 3792 Sic
620 3740 689 3814 Reg.
710 3739 856 3808 Pithoean.
872 3744 906 3791 et
922 3736 1036 3792 Balliol.
1069 3737 1164 3812 Vulgo
1182 3738 1285 3790 Dema-

87 3864 90 3868 ,
135 3813 217 3861 ratas
235 3807 352 3874 paridem.
389 3808 426 3860 D.
1240 3824 1244 3828 ·

206 3879 381 3932 Dausaratns
399 3878 518 3946 qnidam]
547 3881 666 3934 Excidit
684 3882 792 3951 quidem
810 3881 842 3934 in
859 3883 926 3937 (lod.
946 3881 1035 3934 Reno„
1063 3877 1197 3932 Correxit
1214 3877 1283 3929 Dav.

136 3951 167 4001 in
185 3951 238 4002 Ed.
259 3952 284 4004 2.
304 3947 426 4014 qnidam.
463 3951 544 4002 Male.
582 3953 711 4005 Primum
738 3954 815 4005 enim
837 3969 896 4005 non
918 3948 1076 4003 necessario
1101 3948 1183 4017 loqui
1201 3946 1285 4000 debet

136 4021 230 4073 rideri
254 4020 355 4079 Cicero
384 4020 418 4072 de
439 4020 599 4087 Damarata,
628 4023 707 4091 quasi
733 4024 767 4075 de
791 4023 910 4078 obscuro
937 4021 1058 4089 quadam
1077 4026 1162 4087 atque
1185 4017 1285 4090 ignoto

135 4092 262 4156 homine,
291 4101 464 4160 quamquam
486 4092 599 4158 scripsit
624 4093 658 4144 de
682 4093 750 4162 Rep.
771 4092 808 4143 11.
830 4095 877 4145 19:
907 4092 1006 4144 Fuisse
1025 4091 1097 4143 enim
1121 4088 1286 4157 quendam

137 4165 230 4228 ferunt
244 4163 428 4215 Demaratum
434 4179 443 4225 ,·
462 4158 570 4213 deinde
581 4177 638 4213 non
656 4161 858 4214 recordabatur
868 4162 999 4217 Davisius
1017 4157 1285 4222 ususCiceroniani,

137 4235 331 4301 quapridem
354 4233 419 4285 addi
441 4231 514 4284 solet
539 4233 701 4300 nominibus
728 4233 864 4302 propriis,
897 4240 931 4284 ut
952 4232 989 4283 sit
1011 4233 1073 4283 fere
1098 4229 1117 4280 i.
1138 4247 1165 4298 q.
1190 4228 1285 4294 veluti,

137 4303 255 4371 exempli
273 4319 368 4368 caasa,
387 4310 417 4357 at
435 4301 485 4356 hac
503 4308 575 4355 utar.
612 4304 656 4355 Ad
674 4321 737 4354 rem
754 4304 812 4355 vid.
839 4318 909 4371 quos
932 4303 1059 4354 laudavit
1083 4299 1116 4352 A.
1136 4300 1228 4354 Maius
1251 4298 1287 4352 atl

139 4374 200 4429 Cic.
222 4375 256 4427 de
278 4375 348 4445 Rep.
366 4375 387 4426 l.
407 4388 431 4427 ο.
459 4383 488 4428 et
511 4390 582 4443 quae
607 4391 657 4428 nos
681 4374 721 4426 ibi
745 4391 811 4427 cum
829 4373 971 4433 Creuzero
996 4372 1152 4428 addidimus
1176 4390 1203 4443 p.
1223 4372 1285 4428 262.
