2856 5084
368 274 718 341 EMENDATIONES
740 275 800 337 AD
820 274 992 340 LIBRUM
1015 277 1040 338 1.
1212 280 1281 347 389

130 456 213 494 more
239 441 271 493 in
293 443 511 496 vetustioribus>
526 443 739 513 exemplaribus
757 443 887 509 solemni,
914 442 1082 512 profluxisse
1108 442 1183 497 illud
1200 444 1282 501 laeti·

131 515 235 578 ficare3
260 513 345 565 unius
372 514 636 575 duntaxatliterae
664 515 840 568 insertione?
855 559 858 562 Α
875 514 1000 567 Accedat
1026 513 1095 576 buc,
1123 515 1200 584 quod
1222 517 1281 571 iam

131 584 205 635 olim
222 584 311 638 Nonii
330 584 442 637 codices
460 583 595 649 laetificae
613 585 794 658 agnoverint.
831 585 908 639 lllud
927 585 968 637 sic
994 584 1113 658 colligo.
1148 587 1281 643 Versicu-

132 653 196 706 lum
217 653 296 706 bunc
320 656 443 708 tertium
465 654 562 707 laudnt
588 656 620 707 in
645 656 735 709 verbo
758 654 961 721 Incurriscere,
989 671 1024 707 ex
1041 655 1099 708 boc
1124 653 1279 725 ipsolooo:

130 723 201 776 alibi
218 733 315 777 autem
331 743 368 779 ex
385 725 443 778 alio
460 733 585 790 auctore,
604 725 724 779 Sisenna
741 727 865 791 scilicet,
891 727 963 779 citat
980 723 1138 779 laetismre.
1180 725 1281 796 Atqui,

130 793 157 846 si
173 793 224 856 bio
243 796 304 848 eius
322 796 432 849 codices
449 792 481 849 ad
501 795 648 850 luetiscere
665 796 840 862 habuissent,
859 796 920 850 sine
939 795 1025 848 dubio
1044 797 1131 849 etiam
1147 795 1203 850 hac
1216 815 1282 853 usus

131 873 204 918 esset
224 868 406 931 auctoritate,
428 884 500 935 quae
518 867 568 920 sub
587 885 684 932 manu,
702 868 754 920 sub
773 868 862 920 oculis
880 874 1054 920 versaretur.

202 931 221 970 ’l'
238 939 304 990 Post
321 942 482 991 uersaretur
499 937 582 990 addes
612 939 730 993 codices
748 937 840 991 nostri
858 953 956 991 omnes
975 938 1112 991 nitescere
1129 937 1235 991 babent
1253 946 1284 992 et

131 1005 339 1073 incurvescere3
364 1025 431 1072 non,
456 1015 490 1059 ut
507 1008 618 1061 Nonius
642 1009 722 1073 citat,
750 1007 949 1062 incurviscere.
985 1011 1074 1061 Porro
1097 1008 1191 1062 Codex
1215 1009 1284 1063 Gal-

131 1077 189 1130 lius
206 1077 371 1145 Laetificare
388 1078 484 1143 babet,
504 1079 610 1153 Regius
628 1077 793 1144 laetificae..

202 1146 221 1184 ’⁶
240 1149 311 1203 lbid.
348 1149 547 1219 Hominemque
564 1148 656 1217 ipsum
673 1151 754 1220 quasi
772 1153 1017 1217 contemplatorem
1026 1148 1100 1203 caeli
1115 1167 1150 1204 ac
1160 1151 1283 1218 deamat,

131 1217 310 1290 ipsorumque
327 1220 471 1286 cultorem]
509 1223 600 1273 Locus
618 1221 679 1273 sine
697 1220 783 1274 dnbio
800 1222 963 1275 mendosus:
983 1222 1054 1289 quid
1072 1221 1168 1274 enim?
1185 1240 1232 1288 an,
1250 1232 1284 1276 ut

131 1289 266 1344 homines
290 1294 509 1360 contemplantur
529 1291 643 1343 caelum
668 1299 699 1343 et
726 1291 869 1357 caelestia,
895 1291 1036 1344 nimirum
1059 1292 1161 1358 oculis,
1188 1294 1284 1346 itaet

133 1360 200 1413 deos
225 1366 360 1431 possunt?
394 1364 474 1437 Ergo
500 1361 589 1414 dictio
607 1362 712 1427 vitiosa
735 1370 787 1426 est,
817 1362 867 1414 sed
891 1361 985 1414 multo
1007 1363 1099 1436 magis
1124 1364 1284 1430 sententia;

133 1449 206 1501 quae
225 1441 257 1484 ut
275 1450 352 1485 nune
369 1434 473 1497 femur,
491 1431 570 1500 ponit
587 1431 645 1487 etot
663 1439 689 1485 et
706 1434 790 1486 sumit
807 1431 869 1485 dari
886 1431 992 1498 Deos,
1021 1451 1113 1501 quum
1130 1433 1206 1487 dicit
1219 1450 1285 1488 con·

133 1505 284 1571 templator
300 1503 423 1557 Deorum
451 1509 477 1555 et
499 1505 605 1557 cultor:
635 1503 717 1571 atqui
743 1502 803 1572 ipse
823 1502 924 1555 Cicero
942 1519 1000 1555 non
1016 1505 1098 1571 pouit
1123 1521 1180 1558 esse
1207 1504 1283 1571 deos,

132 1575 182 1626 sed
199 1592 235 1628 ex
252 1573 298 1626 his
316 1574 385 1644 ipsis
400 1574 499 1641 probat
518 1591 591 1626 esse:
610 1574 771 1627 utstatim:
790 1572 868 1626 Haec
886 1572 980 1640 igitur
998 1580 1025 1626 et
1042 1574 1113 1626 talia
1126 1575 1284 1628 innumera-

132 1645 204 1698 bilia
222 1661 304 1712 quum
322 1645 467 1709 ceruimus,
484 1660 663 1713 possumusne
681 1645 822 1709 dubitare,
842 1644 910 1712 quin
928 1641 973 1696 lis
994 1644 1102 1711 praesit
1119 1645 1285 1713 eliquasset

133 1717 243 1781 effector
265 1719 310 1769 ael
332 1718 495 1768 moderator
518 1715 594 1768 tanti
612 1719 706 1784 operis
730 1721 757 1768 et
775 1714 924 1768 uauneris?
956 1714 1053 1779 Vides,
1081 1716 1195 1784 opinor,
1226 1716 1284 1768 iam

132 1787 249 1850 dudum,
275 1803 360 1856 quam
384 1788 482 1856 inepte
503 1794 532 1839 et
550 1795 733 1856 praepostere
750 1785 874 1838 habeant
892 1784 1006 1859 vulgati
1024 1785 1141 1838 Codices
1164 1792 1285 1841 contem·

130 1857 228 1924 plutor
246 1863 272 1908 et
290 1859 383 1909 cultor
402 1858 529 1909 deorum:
550 1858 619 1908 dum
637 1858 669 1907 in
688 1873 720 1910 eo
740 1866 782 1909 est
792 1865 901 1921 auctor,
920 1864 953 1909 ut
968 1856 1080 1924 probet,
1098 1858 1284 1927 nondumque

133 1944 196 1980 rem
214 1927 349 1991 confecit,
368 1926 430 1978 dari
449 1927 533 1980 deum
550 1928 599 1978 vel
617 1928 690 1980 deos.
716 1927 779 1978 Duo
798 1945 834 1978 ex
850 1927 956 1978 nostris
975 1926 1104 1991 Codices,
1123 1930 1284 1983 acdeorum

134 2014 292 2066 eorumque
311 1999 456 2050 cultorem:
484 2005 513 2048 at
532 1997 660 2049 Gallicus
683 1997 815 2048 omnium
832 1996 1017 2060 veterrimus,
1043 1996 1156 2048 deorum
1183 2014 1285 2050 eorum

131 2069 280 2122 cultorem:
304 2069 365 2121 sine
383 2066 596 2123 coniunctione.
633 2069 760 2136 Repono,
784 2065 885 2118 audaci
901 2066 1030 2129 fortasse,
1055 2066 1200 2119 siliteras
1217 2083 1283 2136 spe·

133 2147 203 2204 ctes,
231 2139 280 2192 sed
297 2138 457 2191 necessaria
474 2138 509 2191 ad
528 2138 702 2191 sententiam
721 2136 929 2200 emendatione,
952 2137 1192 2205 contemplatorem
1209 2137 1283 2192 caeli

133 2225 168 2262 ac
185 2216 363 2263 terrarum
381 2213 518 2274 cultorem,
544 2215 626 2278 atque
644 2207 767 2261 bominis
782 2204 906 2260 utilitati
923 2221 1013 2273 agros
1030 2223 1125 2262 omnes
1143 2213 1170 2262 et
1185 2206 1282 2261 maria

130 2283 269 2349 parentia.
305 2281 345 2333 Ut
364 2281 442 2333 enim
463 2281 568 2333 Terrae
586 2281 686 2344 cultor,
1171 2324 1174 2329 ,

300 2351 469 2419 Exercetque
486 2351 615 2420 frequens
633 2351 770 2415 tellurem,
789 2356 868 2418 atque
886 2347 1037 2417 imperat
1060 2348 1137 2403 urai
1143 2363 1175 2412 s,

134 2422 186 2486 ita,
205 2422 228 2472 si
247 2420 312 2495 agri
326 2428 457 2488 pareat
475 2420 601 2473 bonrlnis
619 2420 752 2485 utilitati,
772 2436 885 2472 necesse
904 2427 956 2485 est,
975 2428 1008 2472 ut
1025 2419 1106 2490 prius
1116 2420 1150 2472 ab
1162 2418 1281 2474 homine

134 2490 311 2544 colantur.
349 2494 437 2545 Recte
456 2491 550 2566 igitur
570 2491 724 2545 Terrarum
741 2491 883 2544 cultorem.
1250 2498 1254 2505 '

204 2577 223 2613 ‘¹‘
241 2579 309 2649 Cap.
336 2582 379 2636 29.
416 2579 495 2631 Haec
516 2577 608 2645 igitur
631 2585 657 2632 et
680 2581 758 2633 ulia
784 2575 1003 2632 innumerabilia
1027 2595 1107 2646 paam
1130 2577 1282 2646 semmae]

134 2651 178 2704 lta
197 2649 313 2718 quidem
332 2650 413 2714 editi,
442 2650 609 2718 codicesque
628 2651 720 2703 nostri
738 2666 843 2702 omnes.
880 2651 968 2702 Recte
992 2657 1088 2701 tamen
1107 2649 1283 2704 Gulielmius

134 2738 171 2774 ex
189 2721 379 2773 coniecturae
398 2721 476 2773 Haec
501 2719 594 2786 igitur
621 2727 648 2774 et
671 2721 775 2774 talia.
812 2720 987 2788 Absorptum
1005 2725 1085 2784 est‘i,
1111 2719 1179 2788 quia
1194 2720 1284 2772 litera

134 2790 233 2844 eadem
250 2799 450 2860 praecesserat.
484 2791 533 2844 Sic
550 2792 636 2860 paulo
653 2799 727 2861 post,
744 2791 802 2844 hoc
820 2790 882 2859 ipso
901 2790 1010 2860 capite:
1028 2789 1086 2841 His
1103 2795 1131 2841 et
1149 2789 1283 2844 talibus

134 2859 293 2914 rationibus
311 2863 446 2914 adductus
465 2861 603 2914 Socrates.
1000 2884 1003 2891 ·

205 2947 224 2985 ’i
242 2949 313 3001 lbid.
351 2948 386 3002 Si
404 2947 471 3002 iaec
488 2957 555 3001 nata
574 2955 648 3015 sant,
667 2955 696 3002 ut
714 2947 826 3002 Platoni
843 2947 963 3009 uidetur,
982 2948 1027 3000 oei
1042 2947 1071 3000 si
1087 2963 1195 3015 semper
1212 2950 1282 3014 fue-

135 3019 226 3125 ,sap
241 3021 339 3143 niige
352 3021 519 3143 latit
538 3020 1199 3155 tutudit‘tt-‘tettftattttttts
1228 3089 1282 3143 n

128 3112 427 3287 Ιῧὶιιεφιό,ιοῆιηιὶιᾳιιε
444 3108 594 3213 nimmia:
620 3160 667 3211 sed
686 3176 721 3211 ex
744 3175 777 3211 eo
795 3159 897 3211 mendo
921 3127 1040 3211 fortasse
1064 3159 1280 3234 corrigendum,

165 3233 240 3287 mni
246 3249 328 3302 sque
344 3229 553 3300 pulchritudine
568 3231 696 3294 uirtutis:
714 3236 749 3282 ut
767 3229 845 3282 infra
863 3247 887 3281 c.
907 3231 955 3284 40:
984 3229 1019 3282 Et
1042 3231 1073 3283 in
1099 3232 1190 3284 omni
1206 3229 1281 3283 air-

135 3311 406 3427 tm*pl⁰liiil⁹.miied
423 3371 513 3426 alias:
532 3370 685 3426 nuncubi
702 3370 740 3425 sit
758 3367 889 3436 animae]
912 3368 990 3423 MSS.
1009 3371 1102 3423 nostri
1119 3385 1283 3455 nonagno-

131 3452 217 3501 scunt
235 3462 306 3500 nunc
324 3446 380 3499 ubi·
404 3445 493 3528 ,Lege
512 3454 595 3528 ergo:
616 3442 673 3496 Sed
689 3441 780 3526 alias.-
803 3441 850 3515 ubi
872 3440 910 3524 sit
928 3441 1051 3505 animam
1074 3447 1149 3494 certe
1171 3442 1281 3523 quidem

129 3517 159 3570 in
178 3524 205 3570 te
224 3524 275 3570 est.
294 3519 329 3569 ln
346 3519 447 3582 cupite,
466 3523 573 3584 inquit,
593 3521 635 3565 est
653 3530 773 3577 animus,
792 3520 826 3564 ut
843 3511 978 3582 equidem
996 3511 1099 3564 credo:
1119 3511 1168 3565 sed
1184 3512 1280 3578 Altus,

131 3588 183 3640 ubi
201 3587 248 3652 sit,
268 3585 487 3656 disputabimus:
516 3590 600 3648 certe,
620 3583 696 3651 quod
714 3586 791 3634 nunc
809 3582 928 3650 sufficit,
947 3580 979 3633 in
997 3587 1023 3634 te
1041 3589 1088 3634 est.

203 3670 222 3706 ’⁵
240 3664 311 3725 lbid.
349 3672 414 3726 Etsi
432 3675 547 3740 ignores
565 3664 594 3726 et'
609 3662 741 3726 locum'et
758 3669 861 3737 faciem
875 3698 908 3709 -
927 3669 1052 3740 Etiamsi
1069 3670 1101 3725 ei
1106 3668 1281 3741 usignores

132 3753 159 3800 et
178 3745 267 3797 locam
284 3751 309 3796 et
326 3744 457 3809 formam]
494 3743 573 3800 MSS.
596 3743 689 3797 nostri
713 3759 811 3795 omnes
838 3742 938 3794 ordine
961 3742 1087 3795 inverso:
1110 3742 1178 3795 Etsi
1204 3743 1282 3796 eius

138 3817 248 3885 'gnaras
272 3819 299 3867 et
326 3812 415 3876 locum
437 3821 463 3867 et
485 3814 588 3880 faciem
609 3842 641 3853 -
661 3813 773 3867 etiamsi
796 3813 909 3881 ignores
931 3819 959 3878 et
983 3812 1073 3866 locum
1097 3819 1123 3865 et
1151 3815 1279 3878 formam.

132 3886 256 3943 Omnino
274 3884 393 3936 rectius.
616 3940 619 3947 ,
799 3907 800 3910 “
913 3942 926 3948 ..
979 3944 983 3949 ι
1023 3936 1026 3943 ,
1248 3934 1251 3939 ,
1273 3930 1275 3935 ,

202 3952 221 3991 *
239 3954 311 4009 lbid.
341 3953 407 4007 Nec
425 3953 542 4008 interire
560 3952 665 4022 igitur]
702 3952 770 4006 (iod.
791 3953 895 4022 Gallie.
920 3952 951 4005 N
956 3948 1110 4017 einiarire
1128 3949 1239 4019 igitur„

132 4068 135 4073 ·
201 4043 220 4082 ’¹‘
239 4045 310 4098 lbid.
349 4041 437 4098 Quasi
455 4042 594 4096 discessus
611 4050 638 4097 et
653 4040 775 4096 secretae
794 4047 821 4093 et
840 4042 859 4093 d
865 4040 877 4092 i
883 4048 1004 4108 neptus
1021 4054 1124 4092 aarum,
1139 4039 1280 4107 partium]

133 4117 228 4172 Codex¹
244 4114 428 4168 Britannicus
447 4112 663 4180 diremptus:
693 4121 723 4164 et
740 4112 781 4163 sic
800 4127 866 4163 cum
884 4110 1020 4162 Lambino
1046 4118 1074 4169 et
1091 4111 1218 4161 Manutio
1236 4128 1282 4165 re-

131 4185 295 4260 ponendum
315 4195 364 4240 est.
403 4185 514 4254 Quippe
532 4193 638 4252 partes,
665 4199 737 4250 quae
756 4188 821 4234 ante
845 4181 999 4260 interitum
1023 4179 1161 4234 iunctione
1184 4180 1283 4251 aliqua

130 4259 311 4322 tenebantur,
331 4255 386 4328 per
402 4256 557 4307 interitum
574 4271 632 4307 non
651 4252 743 4320 diripi
761 4260 850 4316 certe,
868 4251 917 4303 sed
935 4250 1037 4303 diremi
1054 4258 1120 4303 sunt
1139 4249 1282 4305 dicendae,

201 4325 220 4364 *
238 4329 309 4382 lbid.
346 4329 384 4382 Et
402 4342 482 4395 quum
502 4341 590 4394 paene
609 4325 641 4379 in
667 4338 750 4376 manu
767 4319 949 4388 mortiferum
972 4320 1044 4376 illud
1072 4328 1211 4376 teneret
1233 4338 1284 4390 pa-

130 4398 230 4466 catum]
267 4399 353 4456 Codd.
373 4397 465 4452 nostri
484 4397 540 4451 duo
557 4393 712 4452 veterrImi
731 4399 861 4450 tenens.
890 4391 970 4460 Quod
987 4409 1101 4462 sequor,
1121 4393 1213 4448 eiecto
1230 4393 1284 4447 illo

161 4531 239 4576 cicero
254 4531 318 4575 Tusa.
334 4531 401 4586 Disp.
421 4533 454 4574 nt.
469 4531 553 4576 Moser,
571 4529 594 4575 T.
613 4529 659 4571 ΙΙΙ.
999 4501 1039 4564 19
