2856 5084
211 277 276 346 322
322 325 326 329 -
565 273 784 340 RlCHARDl
803 274 1012 340 BENTLEII

284 439 353 512 Gap.
371 443 399 499 9.
438 440 475 498 tu
498 440 670 511 effugiamus
694 441 853 511 ambiguum
869 456 968 495 namen
992 437 1127 508 iusidias,
1159 439 1233 510 quod
1256 439 1370 494 verbum

214 512 327 566 ductum
344 518 388 567 eet
407 528 426 565 a
443 513 530 568 nimis
548 515 679 568 intuendo
697 517 840 580 fortunam
859 511 1003 579 alterius]
1038 511 1190 564 Blanditur
1208 510 1282 564 mihi
1302 530 1370 566 sane

214 585 390 650 coniectura,
409 601 491 654 quas,
506 593 543 643 ,ut
560 585 632 638 haec
649 585 720 660 legi,
740 585 878 639 continuo
896 584 978 636 venit
996 583 1028 634 in
1044 591 1185 636 mentem:
1207 600 1293 652 quam
1313 585 1370 636 etsi

213 671 312 707 veram
341 663 370 706 et
388 663 497 708 certam
519 672 577 709 esse
599 665 746 728 praestare
770 656 877 720 nclim3
903 653 1141 708 ut·erubescenda
1166 662 1263 706 tamen
1291 655 1370 709 mihi

215 725 264 791 sit,
288 725 386 778 nullus
408 742 520 779 vereor.
558 727 701 792 Quomodo
724 743 793 801 ergo
817 726 926 778 invidia
944 743 960 777 a
977 725 1065 779 ulmis
1089 725 1244 776 intuendo?
1281 725 1373 780 Certe

215 797 266 864 qui
285 795 371 850 nimis
388 795 511 850 intuetur
526 798 674 851 fortunam
697 798 831 863 alteriust
856 814 910 849 cur
928 813 960 850 eo
979 797 1072 871 magis
1089 796 1143 848 sibi
1169 796 1311 849 invidiam
1335 797 1369 848 in

214 876 311 920 mente
339 868 466 934 suscitet,
495 887 581 938 quam
598 870 827 933 admirationem,
851 883 987 933 amorem,
1011 875 1040 918 et
1059 868 1126 920 alias
1150 866 1316 920 affectiones
1335 867 1370 920 ab

214 937 326 991 invidis
348 939 592 1007 disiunctissimas,
619 957 677 994 non
700 941 833 1010 equidem
856 939 950 992 video.
987 937 1083 991 Nimis
1108 940 1235 992 intuetur
1258 945 1372 991 sanator

215 1007 357 1080 impotens
376 1011 562 1081 etperditus,
580 1012 702 1065 sednon
721 1011 840 1064 invidet.
878 1008 972 1064 Nimis
995 1007 1120 1080 intuetur
1144 1008 1250 1083 vulgus
1274 1011 1371 1061 fortu-

215 1096 282 1132 nam
306 1080 438 1147 divitum,
466 1082 620 1147 nobilium,
642 1083 821 1153 potentium:
849 1098 943 1150 neque
968 1088 1072 1133 tamen
1093 1097 1190 1133 omnes
1219 1079 1369 1144 invident3

215 1152 314 1220 plures
340 1153 439 1204 colunt
464 1161 493 1206 et
516 1162 704 1207 venerantur.
741 1153 816 1220 Quae
844 1153 868 1204 si
890 1160 969 1205 recte
995 1151 1145 1216 dicuntum
1178 1150 1311 1220 sequitur
1335 1159 1370 1202 ut

215 1239 273 1276 non
291 1231 372 1276 recte
391 1241 484 1294 neque
502 1225 620 1295 proprie
640 1224 747 1276 invidia
767 1224 881 1278 dicatur
899 1241 914 1274 a
933 1222 1019 1277 nimis
1038 1223 1179 1276 interemto.
1199 1220 1271 1273 Vide
1289 1237 1371 1273 nunc

215 1297 342 1346 nostram
361 1295 564 1348 coniecturam.
589 1296 734 1365 Equidem
752 1296 793 1347 si'c
812 1295 945 1369 legerim,
967 1293 1004 1348 Ut
1022 1294 1191 1360 effugiamus
1208 1292 1371 1358 ambiguum

214 1380 313 1418 nomeu
333 1365 472 1433 Inuidiae,
492 1367 564 1435 meod
580 1368 690 1420 verbum
710 1367 823 1418 ductum
850 1372 891 1419 est
909 1381 928 1419 a
946 1363 1048 1418 limis
1071 1364 1204 1420 intuendo
1226 1363 1371 1428 fortunam

217 1436 344 1489 alterius.
381 1436 455 1489 Nam
474 1437 549 1491 limis
566 1436 672 1491 intueri
688 1436 842 1508 proprium
859 1438 923 1490 fere
946 1444 977 1489 et
993 1435 1142 1507 peculiare
1166 1442 1208 1488 est
1232 1433 1370 1490 invidiae.

215 1505 352 1559 Horatius
371 1506 477 1580 Noster
493 1509 588 1577 Epist.
608 1509 633 1573 1,
652 1509 696 1565 14.

321 1575 385 1630 Nou
402 1575 471 1632 istic
487 1578 603 1648 obliquo
621 1578 705 1632 oculo
723 1593 784 1631 mea
802 1579 944 1632 commoda
962 1576 1105 1648 quisquam

321 1647 425 1716 Lirnat,
445 1666 499 1702 non
517 1651 583 1704 odio
601 1650 716 1704 obscuro
734 1665 879 1720 moratique
897 1654 1020 1706 oeneuot.

214 1717 321 1792 Virgil.
341 1719 413 1772 Aen.
432 1721 481 1788 xl,
499 1723 562 1776 337.

638 1807 717 1860 quem
734 1791 834 1860 gloria
856 1789 946 1844 Turni

321 1859 442 1928 Obliqua
459 1860 581 1926 invidia,
599 1861 774 1930 stimulisque
792 1861 925 1929 agitabat
943 1861 1061 1916 amaris.

215 1929 334 1983 Ovidius
352 1933 464 1984 Metam.
485 1931 524 1997 11,
543 1933 604 1988 776.
626 1934 657 1984 in
676 1933 869 2002 descriptione
888 1932 1025 1997 Invidiae,
1146 1928 1149 1935 ’

319 2000 420 2056 Pallor
437 2004 468 2057 iu
486 2018 535 2056 are
552 2004 646 2069 sedet,
672 2004 776 2057 macies
793 2005 823 2058 iu
840 2019 956 2072 corpore
974 2010 1046 2058 toto:

320 2074 473 2142 Nusquam·
487 2084 566 2127 recta
584 2075 672 2128 acies:
698 2075 784 2129 livent
804 2075 935 2141 rubigine
953 2074 1059 2139 dentes,

214 2151 244 2196 et
262 2143 326 2198 tet.
360 2145 417 2203 Illa
435 2145 517 2197 deam
535 2145 652 2228 obliquo
670 2145 825 2212 fugientem
844 2145 955 2198 lumine
974 2160 1098 2201 cerneus.

213 2214 343 2267 Lucilius
362 2215 437 2286 apud
455 2216 583 2272 Nonium
601 2234 632 2266 1n
650 2220 678 2268 t.
697 2215 844 2283 Strabone,

318 2285 401 2340 Nulli
418 2302 461 2339 me
478 2286 618 2353 invidere,
636 2302 691 2340 uon
708 2286 869 2340 strabonem
886 2285 952 2354 fieri
968 2285 1085 2358 saepius

319 2356 441 2411 Deliciis
459 2373 502 2411 me
520 2357 647 2412 istorum.
668 2389 702 2400 -·
1072 2407 1088 2429 ,

213 2426 323 2480 Plinius
341 2428 376 2481 de
394 2429 536 2482 Leonibus
553 2429 634 2495 Vlll,
653 2431 695 2484 19.
733 2427 834 2483 detera
850 2429 924 2483 dolis
941 2433 1038 2483 eareat
1064 2438 1094 2483 et
1118 2430 1295 2502 suspicione,
1319 2447 1371 2487 nec

213 2498 293 2551 limis
311 2499 464 2552 intuentur
481 2498 582 2566 oculis,
602 2497 744 2572 aspicique
766 2499 858 2554 siusili
883 2501 964 2556 modo
982 2501 1085 2555 nolunt.
1122 2502 1239 2555 Plautus
1263 2503 1370 2558 Baccb

213 2570 250 2636 V,
268 2571 294 2626 2.
1369 2604 1375 2608 -

320 2639 356 2693 Α.
395 2640 495 2695 Videu'
513 2639 634 2706 limulis,
654 2642 774 2707 obsecro,
792 2650 823 2697 ut
841 2642 1012 2696 intuentur?

319 2711 351 2767 B.
388 2709 511 2765 Ecastor
528 2713 589 2766 eiua
607 2713 682 2766 omni
698 2713 826 2768 arbitror
842 2713 966 2786 malitiax
977 2726 1045 2765 esse.

213 2780 300 2835 Vides
325 2781 381 2834 iam
406 2781 485 2835 limis
505 2782 609 2836 intueri
631 2801 690 2838 esse
713 2784 850 2849 invidiae,
877 2784 948 2848 doli,
974 2777 1157 2853 suspicionis,
1180 2783 1311 2839 malitiae
1331 2788 1371 2840 si-

213 2860 313 2927 gnum.
350 2853 394 2905 Er
414 2870 430 2906 ο
448 2853 561 2910 Inuidia
579 2856 673 2924 potius
692 2873 708 2907 a
726 2854 806 2909 limis
823 2854 1026 2926 adspectando,
1039 2870 1126 2924 quam
1144 2871 1160 2907 a
1178 2854 1273 2910 ulmis.

285 2925 352 2994 Cap.
373 2871 416 2981 ll.
454 2926 554 2995 puetis
572 2924 645 2978 euim
663 2925 718 2980 tibi
735 2927 785 2980 ille
803 2926 915 2981 uidetur
936 2925 1055 2980 Tantalo
1070 2932 1238 2995 prognatus,
1265 2925 1370 2998 Pelope

116 3053 119 3060 ,
213 2995 304 3062 uatus,
324 2996 379 3061 qui,
398 2997 537 3065 quondam
555 3013 573 3051 a
590 3013 685 3051 socero
705 2988 843 3051 Oenomao
861 3012 930 3064 rege
939 2996 1155 3068 Hippodamiam
1166 3004 1249 3066 raptu
1266 3007 1369 3054 nactus

214 3065 341 3134 nuptiis?
376 3066 455 3120 Iovis
482 3070 533 3121 ille
557 3068 667 3134 quidem
687 3083 833 3139 pronepos.
874 3071 977 3124 Tamus
1001 3083 1071 3135 ergo
1094 3069 1226 3135 abiectus,
1256 3075 1368 3140 tamque

212 3135 361 3204 fractast]
398 3137 476 3191 Haec
501 3155 536 3191 ex
560 3139 684 3213 Tragion
707 3141 830 3209 quodam
851 3142 943 3209 petita
967 3158 1025 3195 esse
1048 3147 1091 3202 tn,
1112 3149 1145 3192 ut
1175 3140 1256 3206 soles,
1283 3150 1368 3197 acute

213 3207 373 3273 coniecisti,
393 3216 423 3260 et
440 3209 584 3261 senarium
601 3210 669 3262 inda
688 3210 800 3275 eruisti,
822 3211 880 3262 nisi
898 3212 975 3281 quod
992 3209 1101 3282 syllaba
1117 3211 1212 3280 prima
1230 3211 1316 3277 desit,

320 3303 353 3316 -
372 3277 589 3350 Hippodamiam
607 3286 691 3348 raptu
709 3287 792 3349 uactu
808 3280 845 3333 'et
862 3283 978 3351 nuptiis.

212 3347 268 3404 Sed
286 3366 374 3419 quom
397 3357 432 3402 tu
454 3352 600 3405 senarium
625 3369 654 3404 es
672 3351 835 3417 arbitratus,
866 3361 909 3405 est
931 3369 997 3422 pars
1014 3348 1170 3404 Trochaici
1192 3353 1366 3421 septenarii;

211 3420 305 3474 multo
325 3420 404 3477 enim
420 3422 506 3492 plura
523 3431 590 3476 sunt
607 3424 709 3476 Poetae
726 3421 776 3476 bic
792 3422 891 3487 verba,
909 3439 982 3493 quae
1000 3422 1042 3475 sic
1060 3421 1243 3493 disponenda,
1264 3424 1366 3480 Qualis

212 3490 289 3544 euim
306 3491 362 3545 tibi
379 3491 429 3546 ille
447 3493 566 3558 uidetur,
876 3535 880 3542 .
1023 3536 1026 3542 .

262 3585 273 3601 ι
321 3565 435 3618 Tantalo
451 3567 635 3633 prolgnatus,
654 3563 755 3634 Pelope
770 3564 775 3632 1
791 3571 884 3629 notus,
903 3561 951 3633 qui
969 3558 1124 3632 quouldam
1142 3578 1160 3615 a
1179 3577 1262 3616 soem

318 3631 458 3687 Oenomao
477 3638 562 3701 relge
581 3635 796 3704 Hippodamiam
811 3636 816 3700 Ι
831 3641 915 3704 raptu
934 3634 1051 3688 naotu'st
1068 3633 1203 3703 ineptiis,

317 3703 395 3756 Iouis
412 3705 468 3757 iste
486 3705 595 3771 quidem
610 3707 787 3776 lpronepoei
806 3731 840 3744 —-

215 3771 318 3825 Tamus
341 3789 411 3842 erga
436 3775 565 3840 abiectus,
588 3775 698 3844 iamque
719 3777 851 3842 fractus?
886 3775 944 3829 Ubi
973 3777 1062 3828 metri
1088 3777 1200 3830 ratione
1229 3774 1364 3830 inductus

212 3843 300 3899 Socra
319 3859 428 3915 repono
446 3861 499 3914 pro
517 3845 629 3901 Socero.
668 3847 716 3901 Sic
735 3849 814 3900 enim
832 3847 974 3901 Naevium
991 3847 1122 3901 locutum
1141 3863 1198 3901 esse
1217 3849 1300 3900 testis
1318 3855 1365 3900 est

212 3914 323 3968 Nonius
342 3915 377 3968 in
390 3914 507 3982 socrus,
526 3916 638 3970 Attium
656 3917 817 3973 Priscianus
833 3936 898 3993 pag.
918 3920 979 3974 698.
1017 3916 1165 3971 Sententia
1183 3926 1234 3983 est,
1265 3918 1365 3988 Thye-

173 4036 174 4040 ,
212 3994 285 4039 stem
302 3986 393 4040 fuisse
410 3988 524 4059 Pelopis
533 3989 639 4054 filium,
656 3990 773 4042 Tantali
785 3998 927 4061 nepotem,
946 3988 1231 4060 lovispronepotem.
1255 3988 1365 4042 Emen-

213 4056 291 4111 datio
309 4074 408 4127 perse
426 4059 503 4112 clara
522 4068 573 4113 est.
611 4060 753 4114 Continuo
772 4061 903 4130 sequitur

284 4128 355 4182 lbid.
392 4129 488 4183 Nolite
506 4131 628 4215 (inquit)
646 4130 765 4202 hospites
783 4132 822 4185 ad
838 4137 882 4184 me
899 4130 981 4185 adire
997 4127 1079 4185 illico
1096 4129 1178 4198 ittio3

395 4199 437 4254 Ne
455 4207 588 4271 contagto
606 4218 666 4256 meu
684 4204 762 4257 bouis
779 4203 907 4256 umbraue
925 4201 1007 4267 obsit,

397 4271 488 4325 Tanta
505 4273 550 4326 ois
567 4271 691 4328 sceleris·
701 4275 732 4328 iu
746 4278 867 4342 “corpore
888 4271 1005 4337 lueret]

210 4338 331 4393 Frustra
347 4339 398 4393 hic
415 4342 581 4397 laborarunt
598 4345 657 4397 viri
675 4346 806 4409 maximi,
824 4345 875 4415 qui
892 4344 963 4398 haec
980 4342 1016 4396 ad
1031 4358 1166 4400 numeros
1188 4361 1252 4399 suos
1275 4345 1363 4399 resti-

211 4416 293 4464 tuere
312 4418 378 4464 sunt
396 4414 499 4466 conati.
537 4415 689 4468 Turnebus
707 4424 736 4470 et
755 4415 920 4470 Gerhardus
938 4414 1053 4472 Vossius
1071 4415 1209 4472 lumbicus
1234 4416 1362 4472 senarios
