2856 5084
542 258 674 342 Lissa
694 257 740 339 v,
766 258 796 323 s.
1212 257 1235 322 o

82 426 143 487 bus
162 424 198 485 in
220 421 363 487 eundem
384 396 536 507 portum,
554 445 595 486 ex
617 424 839 506 quo-'eramus
871 421 1006 506 egressi,
1037 440 1090 482 ma
1139 439 1158 482 1
1185 421 1235 483 ia·

80 505 160 570 ctaiti
183 515 379 589 tempestate
407 509 630 593 confugimus.¹
684 505 825 568 Ovitae
852 504 1062 587 philosophia
1116 509 1180 566 ux!
1214 523 1235 566 o

80 693 170 746 lectio
188 693 383 757 lombisiaco,
403 693 491 746 etsie
510 696 597 763 etiam
614 692 670 748 Ed.
689 691 773 744 Febr.
793 690 920 754 exhibet,
949 690 1030 743 cuius
1048 699 1143 743 annot.
1164 690 1238 745 haec

14 764 15 768 ’
83 772 144 818 est:
163 763 433 833 ‚sumpsissem
459 780 518 817 non
543 762 777 827 contulissent,
803 761 890 815 hahet
911 771 1013 814 noster
1036 776 1149 831 quoque
1166 762 1238 826 ios„

82 851 141 905 quo
167 835 252 888 modo
279 844 308 887 et
330 850 393 886 suos
417 834 532 899 habere,
565 835 594 887 le
633 835 778 902 ndumque
804 848 863 885 esse
886 833 1040 884 Lambinus
1068 832 1238 900 annotat.“]

82 902 295 974 „Compulisseh
313 913 348 956 ut
366 906 437 957 olim
457 905 530 959 Vici.
552 905 597 957 edi
618 905 652 968 it,
674 904 794 976 legitur,
818 910 853 954 ut
871 903 903 954 in
920 903 1124 966 Lasnbinianis‚
1152 902 1239 955 etiam

82 977 115 1028 11
138 975 266 1046 Gryphii
292 976 377 1027 libro.
414 974 487 1028 Mihi
515 975 641 1044 quidem,
675 983 710 1025 ut
736 990 795 1026 non
820 973 1009 1038 dissimulem,
1037 972 1113 1041 quod
1137 973 1240 1038 sentio,

82 1046 175 1100 studio
194 1043 220 1099 ‘et
244 1046 386 1098 voluntate
409 1045 441 1096 in
465 1046 562 1096 sinum
584 1052 738 1114 portumve
763 1044 902 1112 compelli,
936 1060 993 1113 quo
1018 1060 1116 1096 omnes
1143 1051 1242 1097 nostra

82 1125 183 1187 sponte
201 1117 337 1177 ferimur,
357 1115 523 1166 duriuscule
542 1115 604 1166 dici
617 1114 766 1166 videtur.“
785 1115 866 1167 Brut.
903 1115 1086 1179 ‚‚La1nhinus,
1106 1131 1142 1166 ne
1159 1113 1241 1166 vide·

63 1191 167 1254 'retur
189 1205 205 1238 a
228 1187 358 1238 Victorio
385 1186 534 1255 accepisse,
561 1184 793 1253 compulissent
821 1184 866 1236 edi
897 1184 994 1239 iussits
1028 1185 1077 1237 sed
1104 1184 1178 1237 illud
1197 1192 1243 1237 est
1340 1236 1344 1247 ,

12 1317 20 1329 ,
49 1304 52 1310 .
83 1267 233 1329 praeterea
251 1257 282 1307 in
299 1257 368 1308 Pall.
388 1265 518 1324 quatuor,
542 1257 623 1308 Fabr.
643 1256 770 1307 Vatican.
807 1255 901 1328 Vulgo
926 1273 976 1309 nos
1000 1254 1240 1318 contulissent3

84 1328 204 1381 omnino
223 1326 334 1448 inepkte:
361 1327 433 1378 licet
450 1334 479 1378 et
496 1344 559 1378 mss.
573 1327 735 1382 ,lectionem
753 1325 947 1378 duriusculam
972 1335 1104 1379 autumet
1122 1327 1239 1396 quidam

84 1397 190 1450 Baro.“
225 1397 307 1450 Geo.

157 1467 245 1521 liuius
268 1466 299 1520 in
318 1463 422 1519 sinum
436 1497 469 1510 -
493 1473 593 1520 nostru
618 1470 748 1521 voluntas
774 1466 946 1534 studiumque
970 1481 1024 1522 ooo
1049 1465 1240 1533 contulisset]

85 1537 134 1591 Sic
152 1541 202 1590 ltls.
222 1537 291 1592 Bak.
313 1545 343 1590 et
361 1539 449 1590 editio
473 1538 649 1605 Manuciana.
685 1539 779 1613 Vulgo
806 1538 994 1605 compulisset;
1026 1539 1101 1608 quod
1125 1555 1192 1589 cum
1214 1536 1239 1595 1.

83 1611 122 1661 Μ(
140 1609 230 1661 Bruto
249 1608 415 1660 duriuscule
440 1609 499 1661 dici
521 1608 680 1669 videretur,
710 1625 776 1661 eum
799 1616 953 1678 propterea
977 1611 1109 1663 bosonem
1125 1608 1242 1662 vocavit

85 1678 262 1749 Gebhardus.
298 1679 392 1731 Bonus
410 1687 505 1732 autem
525 1679 572 1731 vir
590 1679 730 1732 conviciis
750 1678 839 1731 alium
857 1687 967 1750 petens,
987 1689 1077 1734 semet
1095 1680 1156 1750 ipse
1174 1695 1242 1750 per-

85 1750 189 1813 cussit;
219 1757 287 1801 nam
311 1749 398 1816 verbo
423 1748 605 1819 compellendi
635 1751 732 1801 nullus
755 1758 798 1801 est
820 1748 874 1802 bac
901 1750 933 1801 in
956 1769 989 1805 re
1012 1752 1102 1804 locus.
1138 1750 1240 1803 Cicero
1289 1752 1293 1760 '

85 1820 204 1890 quidem
215 1827 314 1890 sponte
332 1819 598 1889 suaphilosophiue
616 1821 710 1872 studio
724 1837 753 1872 se
770 1820 864 1885 dedit3
883 1829 913 1872 at
931 1821 968 1885 ei,
988 1823 1038 1893 qui
1050 1821 1240 1891 compellitur,

86 1898 137 1942 aut
153 1888 293 1960 'corporea
309 1891 352 1941 vis
371 1897 420 1941 aut
436 1891 585 1942 rationalis
604 1891 771 1944 adhibeatur
793 1906 906 1943 necesse
925 1899 974 1943 est.
1011 1893 1048 1946 D.
1111 1898 1113 1907 ‘

158 1977 207 2014 nos
221 1960 425 2030 compulisset]
462 1961 593 2024 „Merito
621 1962 689 2013 Dav.
716 1961 858 2030 praetulit
882 1961 1057 2029 contulisset,
1098 1963 1176 2033 quod
1199 1968 1242 2014 est

86 2033 174 2086 etiam
199 2032 230 2082 in
248 2047 306 2083 uno
325 2031 426 2085 Leid.“
449 2029 538 2085 Bouh.
584 2033 789 2100 „compulisset
815 2032 834 2083 i.
858 2049 881 2084 e·
905 2032 1053 2095 movisset,
1082 2042 1117 2085 ut
1140 2043 1192 2086 nos
1209 2034 1242 2084 in

85 2103 181 2155 sinum
200 2103 261 2154 eius
280 2102 486 2154 conferremus.
514 2103 634 2157 Frustra
650 2103 803 2176 corrigunt
821 2103 1017 2157 contoulisset.“
1036 2105 1127 2170 Eros„
1161 2105 1243 2157 Cons-

83 2173 204 2242 pulisset
221 2171 327 2224 habent
343 2172 429 2244 Regii
448 2173 533 2225 Codd.
556 2189 610 2241 pro
628 2174 709 2248 vulg.
729 2172 919 2226 contulisset.“
938 2172 1012 2227 Luto.
1043 2174 1139 2229 lliihn.
1160 2174 1242 2225 dubi-

85 2253 148 2296 tare
166 2261 195 2296 se
214 2243 264 2307 ait,
283 2261 320 2294 an
338 2243 428 2294 latine
447 2243 504 2296 dici
521 2244 622 2312 possit:
648 2260 710 2296 meo
727 2244 855 2295 voluntas
874 2260 916 2295 me
934 2244 1052 2296 contulit
1071 2244 1102 2296 in
1118 2243 1243 2311 philoso-

83 2313 292 2382 polissemum,
320 2330 494 2381 quamquam
520 2322 600 2366 recte
624 2313 749 2366 dicatur:
784 2329 837 2378 ego
863 2330 907 2365 me
929 2314 1091 2368 contulisti
1117 2312 1253 2381 phitom-⁴

81 2383 196 2453 phium:
226 2384 296 2452 poni
320 2391 416 2438 autem
438 2382 620 2453 compellendi
643 2383 765 2435 verbum
798 2383 941 2452 exquisite
967 2391 997 2436 et
1024 2384 1184 2437 efficaciter
1208 2384 1244 2436 ad

85 2454 373 2508 vehementissimum
410 2454 499 2505 animi
539 2454 681 2524 impetum
716 2452 944 2532 significandum.
995 2455 1035 2506 Et
1062 2455 1094 2506 in
1117 2453 1172 2506 hoc
1200 2471 1245 2506 ac·

86 2524 293 2595 quiescendum
319 2522 449 2576 videtur:
488 2541 560 2592 quac
586 2533 628 2576 est
658 2523 745 2576 etiam
777 2525 920 2575 sententia
952 2523 1093 2589 Schiitzii,
1125 2525 1241 2590 Wolfii,

87 2597 199 2649 Orellii.
253 2594 365 2646 Habent
396 2602 493 2646 autem
523 2596 697 2662 compulisset
728 2594 814 2648 eodo.
851 2595 921 2647 Res.
961 2596 1044 2648 Vind.
1068 2599 1094 2651 3.
1129 2595 1241 2666 Gryph.

87 2664 151 2722 col.
171 2665 245 2726 eud,
267 2670 291 2719 l.
312 2663 356 2714 Au
379 2702 385 2714 .
409 2663 496 2717 Rehd.
519 2664 617 2718 Duisb.
643 2653 731 2722 Marb,
756 2667 833 2718 lllon.
855 2638 924 2719 11.
951 2665 1087 2728 (111013.
1108 2667 1160 2730 m.)
1184 2673 1243 2718 tres

87 2737 158 2790 Oxx.
179 2736 250 2789 Edd.
271 2734 300 2787 S.
312 2735 346 2785 Ε.
357 2681 391 2786 11
405 2735 473 2787 Rob.
495 2732 593 2804 Steph.
613 2737 711 2789 Herw.
732 2737 828 2788 hamb.
850 2735 941 2787 Gebh.
961 2738 1032 2788 Ern.
1052 2737 1125 2789 Lali.
1145 2738 1241 2792 Wolf.

86 2802 150 2877 sqq'.
187 2807 325 2858 Fluctuat
343 2812 373 2856 et
390 2805 458 2857 alibi
477 2806 564 2857 lectio
583 2806 662 2859 inter
678 2806 735 2859 hoc
751 2807 874 2859 verbum
897 2815 926 2858 et
944 2807 1062 2860 similia:
1081 2808 1140 2860 vid.
1160 2809 1244 2860 Lam-

13 2900 17 2905 ·
85 2878 147 2930 bin.
167 2877 201 2930 ad
220 2877 266 2929 Or.
286 2890 340 2944 pro
358 2873 438 2928 Sulla
457 2879 500 2941 14,
519 2878 564 2929 40.
588 2885 617 2928 et
640 2876 674 2930 ad
690 2879 740 2929 Or.
766 2879 801 2930 de
824 2878 906 2929 Prov.
933 2876 1049 2934 Consul.
1078 2881 1121 2941 13,
1140 2881 1183 2932 33.
1214 2885 1244 2930 et

86 2949 123 3002 ad
142 2965 189 3000 eos
206 2948 284 3000 locos
302 2945 349 2998 Or.
385 2945 431 2998 Ad
448 2964 511 3000 rem
530 2948 567 2998 cf.
585 2947 683 3000 Kiihn.
703 2947 737 3000 de
757 2947 815 3001 Cic.
845 2947 877 2998 in
894 2945 999 3005 Philos.
1017 2948 1130 3000 meritis
1148 2966 1178 3019 p.
1197 2951 1241 3004 40.

86 3021 132 3075 44.
156 3021 199 3074 65.
236 3019 296 3071 Mr.
574 3015 579 3033 ⁴
769 3018 774 3035 “

159 3087 204 3142 his
221 3086 402 3154 grauissimis
418 3089 527 3142 casibus
542 3119 573 3131 -
588 3086 773 3157 confugimus]
811 3088 894 3156 „Hoc
911 3097 1032 3159 propter
1049 3089 1126 3142 bella
1144 3089 1248 3143 civilia

87 3159 201 3212 dictum
220 3166 271 3224 est,
291 3158 393 3227 quibus
404 3177 449 3212 res
463 3159 578 3229 publica
588 3176 722 3231 oppressa
741 3163 772 3213 in
786 3161 982 3229 mancipatum
991 3160 1116 3213 Caesaris
1130 3159 1244 3217 venit.“

88 3231 220 3283 Beroald.
256 3229 380 3295 „Portus
399 3231 526 3300 eleganti
545 3230 654 3284 dicitur
676 3232 855 3302 metaphora,
887 3231 980 3300 qualis
999 3238 1042 3284 est
1064 3233 1151 3284 etiam
1169 3229 1245 3301 apud

87 3296 260 3372 Euripidem
278 3301 388 3356 Medea:
415 3299 479 3366 [733
497 3299 552 3370 sq.]
640 3345 642 3348 ,

253 3365 333 3431 οὗτος
350 3369 404 3442 γὰρ
419 3367 510 3442 “α’νὴρ,
529 3366 546 3444 ᾗ
565 3371 673 3445 proiice?
697 3370 861 3441 ἐκάμνομεν·

253 3439 335 3509 λιμὴν
353 3447 492 3513 πέφανται
509 3448 566 3496 τῶν
590 3439 666 3506 ἐμῶν
687 3443 889 3512 βουλευμάῖων.

88 3512 129 3565 Et
147 3511 199 3565 ille
219 3513 250 3564 in
267 3514 322 3583 Ep'
347 3522 495 3579 rammate,
520 3514 642 3567 salutem
660 3515 756 3567 dicens
774 3516 835 3585 spei
855 3523 885 3568 et
902 3517 1044 3579 fortunae,
1071 3509 1244 3582 sisimirus,

32 3615 40 3624 ·
89 3583 196 3651 inquit,
221 3577 323 3654 εὗρον.ι
362 3585 471 3638 comer.
517 3587 608 3638 Locus
639 3593 682 3637 est
709 3586 740 3637 in
768 3586 886 3638 Anthol.
911 3588 962 3639 Gr.
989 3586 1112 3638 Jacobsii
1140 3587 1175 3638 Τ.
1196 3588 1244 3641 lV.

89 3670 117 3722 p-
138 3653 373 3708 1511111111.
399 3674 428 3725 p.
448 3658 509 3711 386.
547 3655 592 3707 Ad
617 3657 788 3708 sententiam
814 3672 885 3733 egre
908 3658 935 3710 ie
958 3658 1028 3708 facit
1053 3658 1129 3726 quod
1155 3659 1247 3709 Heus-

90 3724 153 3774 dius
179 3725 304 3792 scripsit,
322 3726 356 3775 V.
376 3726 430 3791 01,
459 3726 491 3777 11
516 3725 612 3792 luitiis
630 3725 735 3780 Philos.
760 3729 868 3780 Platon.
886 3675 910 3781 1.
935 3747 964 3801 p.
983 3731 1018 3783 60
1036 3746 1098 3798 sqq.
1124 3755 1153 3766 —
1189 3729 1245 3778 Pro

89 3790 425 3858 hiscod.Duisb.lits,
448 3799 570 3853 11111.
598 3796 647 3850 s‘is.
686 3799 747 3851 Me.
1008 3845 1009 3848 ,

161 3899 196 3935 ex
215 3897 268 3950 quo
287 3896 398 3934 eramus
416 3884 550 3951 egressi]
588 3884 815 3954 „Philosophiae
834 3883 969 3948 studium,
990 3884 1068 3952 quod
1086 3881 1246 3948 reliquera-

71 3969 163 4018 mus,
182 3970 249 4022 cum
263 3967 318 4004 uos
337 3951 372 4003 ad
389 3970 451 4004 rem
468 3955 616 4021 publicam
640 3957 863 4020 conhulissemus
882 3950 1067 4026 gerendarn.“
1086 3951 1152 4000 Em.
1190 3951 1245 4000 Pro

91 4038 127 4076 es
145 4040 194 4093 quo
213 4023 281 4076 coo.
302 4025 376 4074 Mon.
396 4025 422 4076 3.
446 4024 526 4075 unde.
563 4025 603 4076 Et
627 4026 668 4076 sic
692 4026 793 4077 Cicero
821 4021 1027 4087 nonnunquam
1050 4020 1163 4069 locutus
1187 4025 1244 4068 est:

90 4111 119 4144 v.
141 4110 164 4145 c.
185 4094 218 4146 de
241 4094 339 4146 Divin.
368 4095 392 4146 1.
412 4095 455 4147 49.
479 4110 540 4161 prc.
567 4095 641 4146 unde
669 4094 799 4160 digressa
822 4098 871 4153 est,
900 4087 995 4142 eodem'
1018 4088 1115 4141 redeat
1141 4086 1243 4143 oratio.

92 4165 140 4216 Or.
167 4165 314 4232 pro-Mur.
336 4169 382 4220 122
414 4163 444 4216 ia
470 4167 530 4231 loeo
550 4191 592 4226 —,
612 4195 645 4205 —
663 4164 733 4216 unde
760 4163 892 4225 obissent,
921 4161 1016 4212 eodem
1045 4193 1079 4206 -
1107 4160 1243 4213 redirent.

31 4274 35 4279 .
91 4234 154 4287 Duo
174 4235 242 4291 Oxx.
262 4236 334 4290 iusti
356 4252 409 4306 pro
432 4233 547 4286 iactati.
584 4233 644 4284 Mr.
692 4257 696 4263 ·

165 4305 286 4359 Oos'tue
308 4304 486 4375 philosophia
509 4305 585 4357 dux!
617 4319 634 4354 o
659 4300 770 4356 uirtutis
795 4299 985 4368 indagatus]
1021 4301 1101 4354 Hanc
1119 4301 1246 4370 philoso·
1290 4348 1293 4359 ,

91 4374 177 4446 phiec
201 4377 315 4431 laudem
337 4379 503 4450 vituperans
525 4373 691 4428 Lactantius
712 4371 809 4429 Divin.
834 4373 903 4426 lust.
923 4375 975 4427 111.
998 4377 1040 4428 13.
1064 4392 1092 4443 p.
1112 4376 1174 4428 331.
1202 4372 1244 4425 ed.
1346 4365 1353 4377 ‘
