2856 5084
350 273 777 357 EMENDATIONESAD
798 271 973 338 LIBRUM
995 272 1056 338 IV.
1224 271 1289 342 329

136 441 328 513 δισσυλλᾶβως.
358 442 445 511 -Quod
462 443 487 496 si
504 444 561 497 alio
580 442 679 498 ordine
703 457 809 496 omnem
825 439 896 510 mibi
920 439 1028 515 legeris
1051 454 1119 492 cum
1138 437 1288 493 Gebhardi

136 515 290 581 codicibus,
313 515 457 579 Victoria,
479 523 587 584 tuoque
606 513 776 584 exemplari,
803 522 833 566 et
851 512 946 565 Nonio
966 511 1119 576 Marcell03
1148 518 1213 563 tum
1237 528 1289 564 ne·

136 604 212 641 cesse
232 587 290 638 erit
308 585 343 639 ob
360 586 472 640 easdem
489 587 577 637 metri
594 586 683 658 leges,
701 593 734 636 ut
752 581 912 638 exanimata
931 584 1024 636 solum
1042 582 1081 633 sit
1098 598 1210 634 verum.
1230 581 1287 637 seo

134 666 169 711 ut
186 674 264 710 nunc
282 673 310 708 se
328 674 375 709 res
389 656 477 725 babet
496 657 527 708 in
545 665 625 709 tanto
643 655 876 708 membranarum
894 654 1019 718 dissidio,
1047 652 1126 705 nihil
1142 652 1193 705 hic
1211 653 1288 707 certi
1339 655 1346 671 ’·

135 725 252 782 deliniri
269 736 379 798 potest,
398 744 465 779 cum
483 727 626 780 utrumvis
644 734 688 778 sat
705 735 784 779 recte
803 743 833 779 se
854 725 966 778 habeat.

206 799 272 868 Cap.
293 799 319 853 9.
356 797 518 862 Discordia,
543 797 591 849 ira
615 796 752 861 acerbior,
780 796 878 849 intimo
903 795 967 848 odio
991 800 1017 848 et
1044 795 1128 847 corde
1145 795 1286 863 concepta]

105 887 107 890 ’
134 869 216 937 Quid,
236 869 327 934 sodes,
347 877 389 921 est
407 871 535 922 intimam·
552 868 666 921 odiam?
693 867 809 922 Siccine
826 876 860 919 ut
879 867 980 920 Cicero
999 866 1113 918 locutus
1132 866 1189 918 sit?
1213 866 1293 930 Geb-¹

133 941 240 993 hardus
259 956 325 992 cum
344 940 401 991 suis
419 939 474 992 hoc
493 939 579 991 facile
605 941 724 991 fortasse
743 938 925 1004 concoxerit,
951 937 1000 1002 vel
1026 945 1107 988 caute
1127 936 1287 991 dissimula·

133 1012 224 1064 verit:
245 1020 275 1063 at
292 1010 447 1062 Lambinus
464 1010 579 1063 honesti
598 1009 768 1077 interpretis
786 1011 902 1062 functus
929 1017 970 1061 est
987 1023 1117 1071 munere,
1145 1024 1199 1060 nec
1217 1024 1288 1061 con·
1336 1035 1338 1046 ι

134 1083 276 1135 iacturam
304 1099 383 1132 suam
401 1082 493 1134 tacuit
510 1079 607 1133 intima
626 1077 730 1135 animo.
768 1079 872 1142 Codex,
896 1097 981 1149 quem
1006 1093 1155 1144 memoras,
1183 1078 1287 1132 Canta-

134 1152 288 1227 br'igiensis
306 1151 391 1203 hebet
409 1167 463 1205 ore.
500 1152 557 1202 Vix
574 1151 683 1215 dubito,
709 1149 781 1219 quin
799 1158 848 1202 aut
866 1151 963 1204 intima
981 1145 1093 1216 anima,
1110 1157 1159 1201 aut
1183 1148 1290 1213 intima,

131 1230 243 1294 pectore
262 1230 362 1274 auctor
376 1222 540 1291 scripserit:
560 1239 627 1274 nam
646 1221 721 1272 illud
739 1222 803 1274 adia
823 1229 865 1273 est
882 1220 969 1295 longe
988 1219 1205 1272 odiosissimum.

177 1333 179 1335 .
205 1294 277 1345 lbid.
313 1292 486 1358 indigentia,
505 1289 592 1346 libido
611 1291 802 1359 inexplebilis:
822 1290 1012 1355 Desiderium,
1032 1290 1119 1343 libide
1139 1293 1209 1357 eina,
1235 1289 1285 1361 qai

113 1364 254 1419 ,nondam
272 1364 358 1426 adsit,
377 1363 499 1417 videndi.
535 1363 724 1432 Distinguunt
742 1362 815 1415 illud
835 1362 929 1427 atiani,
955 1371 988 1414 ut
1013 1361 1051 1413 sit
1074 1362 1164 1415 libido
1189 1359 1289 1416 earam'

134 1433 238 1496 rerum,
266 1449 335 1502 atrae
359 1433 488 1486 dicantar
513 1435 547 1486 de
572 1435 691 1503 quodam
714 1437 762 1485 ani
779 1434 952 1502 quibasdam,
981 1446 1053 1504 qaae*
1074 1427 1290 1502 κατηγορήματα

133 1504 287 1558 Dialectici
305 1505 461 1572 appellant3
479 1510 510 1556 at
530 1522 613 1557 avere
632 1503 761 1569 divitiae,
781 1521 886 1574 cupere
904 1502 1038 1568 bonores.-
1057 1501 1221 1572 indigentia
1240 1521 1287 1559 re·

107 1634 109 1637 ,
133 1591 198 1628 rum
216 1577 340 1644 ipsarum
359 1585 409 1640 est,
429 1581 459 1628 ut
478 1573 618 1638 banorum,
636 1582 665 1628 at
681 1575 834 1643 pecuniae]
871 1575 988 1628 Nollem
1010 1583 1039 1626 te
1063 1575 1161 1628 locum
1183 1592 1236 1646 per
1254 1591 1285 1629 se

133 1646 198 1717 plus
224 1647 292 1700 satis
306 1646 493 1711 mendosum,
521 1647 590 1698 dum
613 1646 757 1707 curationi
782 1650 901 1698 manum
922 1644 1062 1708 admoves,
1090 1646 1173 1715 peius
1192 1645 1287 1699 adhuc

134 1717 352 1770 contaminasse:
374 1717 450 1786 quod
468 1726 565 1769 tamen
584 1716 747 1769 doctissimo
766 1718 872 1786 cuique
892 1716 1038 1768 interdum
1051 1716 1125 1769 solet
1143 1717 1284 1770 accidere.

133 1789 193 1841 Nos
211 1788 339 1856 primum
363 1788 559 1841 exhibebimus
584 1786 681 1852 verba,
713 1795 746 1839 ut
763 1787 886 1862 legenda
908 1803 967 1838 esse
993 1803 1154 1852 censemus5
1181 1786 1286 1842 deiude

134 1858 247 1933 singula
257 1858 403 1910 illustrare
418 1859 594 1913 conabimur.
614 1860 692 1932 Lege
703 1875 785 1933 ergo:
807 1847 904 1912 Diali
910 1863 1087 1924 nganntar
1105 1858 1118 1910 i
1123 1859 1135 1911 i
1140 1860 1172 1911 io
1190 1859 1285 1926 etiam,
1340 1860 1341 1863 ’

134 1935 165 1982 at
192 1928 410 1981 desiderium
433 1929 473 1981 sit
498 1928 587 1983 libido
611 1944 709 1980 earnm
736 1945 838 1994 reram,
866 1943 936 1998 qaae
963 1928 1097 1981 dicantar
1115 1930 1149 1982 de
1167 1930 1287 1997 qaedam

133 2006 184 2052 ant
203 1999 373 2066 quibasdam,
393 2015 461 2068 quae
479 1998 687 2069 κατηγορήματα
704 1998 858 2053 Dialectici
876 1999 1027 2066 appellant,
1046 2006 1076 2051 at
1093 1998 1222 2053 babere
1240 1999 1287 2053 di-

132 2068 231 2134 citias,
251 2085 375 2138 capere
393 2069 527 2123 bonores:
548 2071 718 2136 indigentia,
739 2072 751 2122 l
757 2070 835 2123 ibid
841 2087 857 2123 c
875 2086 971 2122 reram
989 2068 1128 2138 ipsarann
1152 2074 1184 2122 at
1202 2069 1287 2124 bona·

133 2157 206 2205 rum,
224 2148 254 2194 nt
268 2139 410 2209 pecuniae.
448 2140 505 2194 Sub
530 2141 650 2194 libidine
675 2149 829 2195 censentur
846 2140 1028 2193 Desiderium
1053 2148 1082 2193 et
1107 2141 1171 2194 ludi
1194 2143 1285 2195 entia:

124 2210 203 2264 baec
223 2213 277 2265 duo
296 2207 331 2264 ex²
349 2212 490 2263 sententia
508 2211 672 2264 Stoicorum
691 2212 733 2265 sic
750 2213 828 2264 inter
846 2229 874 2264 se
903 2211 1068 2284 distinguit.
1104 2156 1287 2266 Desiderium

134 2292 179 2338 est
196 2283 286 2335 libido
305 2284 360 2336 τῶν
378 2277 619 2352 κατήγορημαίιωα,
646 2283 811 2355 indigentia
827 2282 918 2334 libido
935 2299 1036 2333 rerum
1054 2283 1190 2351 ipsarum.
1229 2283 1289 2336 (la-

133 2360 277 2420 iegcrema
301 2362 397 2406 autem
415 2353 520 2406 Stoicis
540 2362 582 2406 est
606 2355 816 2423 imperfectum
830 2351 1023 2417 enunciatum,
1050 2361 1084 2404 ut
1102 2353 1192 2407 Habet
1206 2355 1288 2408 divi·

134 2424 208 2490 tias3
239 2426 402 2493 perfectum
426 2425 487 2476 sive
508 2425 620 2476 axioma
645 2433 687 2475 est
704 2424 879 2488 huiusmodi,
906 2423 1026 2476 Crassus
1050 2420 1130 2476 babet
1156 2424 1286 2479 divitiae.

113 2495 214 2569 ¹Ergo
233 2494 290 2547 huc
309 2496 385 2548 redit
404 2495 551 2546 distinctio
570 2495 622 2546 illa
640 2495 782 2547 Desiderii
801 2503 830 2548 et
849 2494 1045 2619 Indiffentiau
1065 2495 1139 2547 illud
1157 2499 1289 2550 refertur

92 2577 94 2584 ’
132 2566 169 2617 ad
188 2573 249 2618 cate
271 2573 404 2627 cremata,
429 2565 499 2618 haec
522 2566 556 2617 ad
583 2582 629 2617 res
648 2566 736 2635 ipsas3
762 2574 796 2617 ut
822 2566 908 2635 proin
929 2583 944 2617 e
963 2564 1114 2617 dicendum
1132 2567 1179 2632 sit,
1202 2567 1288 2621 Deci·

135 2637 203 2689 dero
221 2584 320 2689 babere
344 2638 500 2704 pecaniam,
528 2636 657 2688 desidera
682 2653 781 2704 capere
802 2634 940 2701 bonorea3
964 2652 1032 2701 non,
1058 2637 1186 2692 desidero
1202 2653 1289 2708 pecta

134 2707 222 2768 niam,
242 2704 377 2759 bonores.-
396 2717 507 2775 contra,
525 2706 644 2774 indigeo
661 2708 801 2774 pecuniae,
820 2709 934 2776 indigeo
953 2705 1099 2774 bonoram3
1125 2727 1194 2776 non,
1212 2709 1288 2764 indi·

133 2794 186 2846 gea
205 2775 303 2831 babere
320 2779 475 2845 Pecuniam,
504 2777 618 2843 indigeo
637 2794 737 2845 capere
759 2776 882 2831 bonores.
919 2777 1003 2830 Vides
1031 2779 1155 2849 ineptias
1174 2779 1288 2833 Stoico-

133 2866 215 2913 rum3
236 2866 306 2916 quos
325 2867 406 2918 saepe
426 2850 537 2900 incusat
555 2851 615 2918 ipse
635 2847 746 2913 Cicera,
764 2858 912 2918 tamquam
932 2849 981 2918 qui
997 2850 1136 2901 usitatum
1146 2851 1287 2920 loquendi

133 2935 246 2972 morem
266 2920 453 2971 immutarent
473 2928 501 2971 et
520 2930 749 2989 corrumperent.
786 2920 861 2971 Nam
878 2929 912 2972 ut
930 2937 1033 2971 verum
1058 2920 1168 2973 sithoc
1187 2921 1220 2973 de
1239 2923 1288 2974 ln·

133 2989 263 3065 digentis
282 2991 341 3043 sive
360 2997 393 3058 τῇ
410 2991 532 3055 Euam,
553 2999 679 3044 atcerte
698 2993 824 3043 alterum
844 2990 1104 3043 illudDesideriam
1122 2991 1288 3053 eiveIIc‘boe

133 3060 209 3130 apud
225 3061 349 3130 optimos
373 3062 523 3130 utriusque
546 3061 662 3135 linguae
690 3070 819 3114 auctores
844 3078 903 3113 nou
925 3060 1031 3126 minus,
1056 3062 1146 3115 immo
1175 3063 1286 3134 saepius

134 3132 233 3185 adres
252 3134 325 3202 ipsas
350 3133 488 3195 refertur,
517 3149 602 3198 quam
630 3132 664 3184 ad
689 3140 906 3205 categoremata.
945 3132 1080 3185 Ceterum
1104 3150 1157 3204 pro
1176 3133 1287 3189 Distin-

132 3207 231 3269 guunt,
251 3203 397 3255 Victorius
422 3219 488 3254 cum
506 3211 557 3256 tuo
581 3202 679 3256 codice
698 3201 912 3270 Distingaitar5
940 3203 1015 3256 unde
1042 3204 1213 3257 refinximus
1233 3205 1287 3259 Di·

135 3273 331 3342 stingnaniar3
360 3281 388 3326 et
406 3272 471 3336 1110,
499 3272 528 3324 id
548 3282 589 3326 est
608 3273 661 3324 illa
678 3293 720 3338 re,
747 3274 1148 3327 illaratione.‘1amautem
1167 3275 1288 3329 Deside-

134 3346 219 3409 rium,
249 3346 324 3413 quod
344 3354 372 3396 et
390 3345 442 3395 alii
460 3345 607 3409 viderunt,
632 3345 791 3398 necessario
810 3344 993 3396 inserendum
1013 3353 1070 3410 est3
1098 3345 1206 3415 quippe
1225 3347 1286 3399 eius

135 3415 268 3481 definitio
285 3415 335 3467 hio
353 3416 484 3468 iteratur.
522 3415 652 3484 Denique
669 3415 771 3470 Libida
790 3415 821 3466 in
847 3416 1047 3468 vetustissimis
1074 3415 1228 3481 codicibuS,
1253 3425 1288 3469 ut

133 3487 165 3538 in
184 3494 234 3538 tuo
258 3486 344 3538 etiam
370 3494 457 3538 extat.
496 3487 545 3538 Est
569 3495 666 3538 autem
684 3488 805 3539 minime
823 3485 873 3537 hic
900 3487 1049 3539 convenit:
1075 3485 1140 3537 cum
1157 3487 1230 3539 haec
1248 3487 1287 3540 sit

134 3557 223 3610 series
241 3557 408 3621 sententiae,
429 3556 466 3610 Ut
484 3556 655 3610 desideriam
672 3561 720 3623 eit,
740 3555 908 3625 Indigentia
926 3558 973 3609 ait.
1010 3557 1054 3608 Er
1074 3571 1090 3608 o
1108 3566 1158 3610 aut
1180 3565 1221 3611 est
1239 3558 1289 3611 de-

133 3628 254 3683 lendum
273 3628 339 3690 erit,
372 3629 485 3692 anteit,
510 3628 751 3694 substituendum3
780 3629 856 3696 quod
879 3637 909 3680 et
925 3628 1038 3691 Paullus
1085 3628 1199 3680 anutius
1225 3629 1288 3682 ani-

133 3697 300 3752 madvertit.
338 3696 415 3749 lllud
440 3707 586 3767 postremo
612 3700 674 3753 sine
696 3699 764 3752 dubi
804 3699 893 3763 vides,
916 3697 1022 3750 falsum
1048 3708 1078 3751 te
1105 3700 1288 3754 coniecturae
1329 3740 1331 3744 ι

132 3770 232 3833 fuisse,
253 3784 318 3817 cum
337 3784 488 3836 reponeres
513 3787 594 3823 acere
622 3779 651 3822 et
677 3715 785 3837 caperb
822 3770 890 3835 Quis
910 3769 988 3821 enim
1010 3770 1128 3834 dixerit,
1157 3769 1287 3824 desidera

133 3856 217 3894 acm
236 3836 361 3903 diuitiae,
382 3838 511 3892 desidero
530 3856 629 3910 capere
645 3841 779 3895 bonores?
815 3842 855 3895 Ut
873 3858 909 3893 ne
928 3841 1036 3906 addam,
1064 3856 1146 3893 avere
1169 3840 1288 3893 divitiae

132 3930 170 3964 ne
190 3909 325 3962 Latinum
348 3910 465 3978 quidem
488 3929 555 3964 esse.
598 3911 676 3964 Avea
700 3913 778 3965 enim
800 3929 941 3980 nusquam
968 3919 1133 3980 usurpatur,
1160 3910 1219 3962 nisi
1244 3927 1289 3964 se·

133 3977 240 4052 quente
258 3979 345 4032 verbo
364 3981 521 4046 infinitivo,
539 3989 573 4034 ut
590 3983 666 4035 Aaeo
684 3986 768 4049 scire,
786 3981 897 4045 andire,
916 3981 1021 4045 cidere,
1040 3988 1069 4032 et
1087 3980 1202 4033 similia.

205 4053 270 4121 Cap.
293 4055 334 4105 ll.
370 4050 445 4104 Nam
462 4068 523 4106 cani
541 4060 583 4106 eat
601 4054 747 4122 concupita
768 4051 898 4121 pecnnia,
925 4067 974 4104 nec
1002 4051 1131 4105 adbibita
1157 4051 1287 4106 continno

133 4125 219 4188 ratio,
240 4122 320 4192 quasi
337 4123 472 4189 quaedam
496 4123 640 4178 Socratica
662 4124 809 4189 medicina,
833 4138 901 4190 qaae
922 4132 1034 4175 sanaret
1059 4139 1120 4175 eam
1146 4122 1288 4190 cupidita-

134 4202 198 4259 tem,
216 4200 362 4260 permanat
381 4194 412 4247 in
429 4193 533 4258 aenae]
561 4195 643 4246 Ratio
662 4203 826 4266 temporum
845 4193 997 4268 efflagitat,
1016 4199 1053 4245 ut
1072 4199 1151 4246 sanet
1170 4195 1286 4260 dixerit,

134 4281 193 4317 non
212 4271 338 4318 sanaret:
359 4274 444 4333 atque
464 4266 504 4318 ita
522 4266 612 4318 codex
629 4266 681 4317 ille
700 4275 767 4322 tuus
784 4266 1051 4336 praestantissimus.

175 4350 177 4355 ⁴
207 4336 276 4388 Ibid.
313 4336 506 4408 Similiterque
524 4335 613 4390 ceteri
630 4337 728 4402 morbi,
747 4344 776 4390 nt
793 4336 903 4405 gloriae
920 4336 1072 4406 cupiditas,
1099 4343 1132 4390 at
1155 4336 1289 4391 muliera-s

135 4405 209 4460 sitas
227 4406 267 4471 (at
285 4408 327 4461 ita
345 4410 479 4480 appellem
498 4425 568 4477 eam,
594 4424 665 4477 qaae
684 4407 790 4464 Graece
808 4401 970 4479 φιλογύνεια
997 4405 1112 4473 dicitnr)
1137 4408 1286 4480 ceterique
