2856 5084
211 268 274 336 sto
564 261 781 328 attatum
809 262 1017 327 suarum
1085 214 1090 226 ’

213 433 350 486 matorum
369 427 499 494 omnium,
517 426 652 498 stirpitus
670 413 853 498 Philosophia
872 445 902 481 se
914 435 1111 493 'extracturum
1126 423 1286 494 pollicetur.
1311 427 1374 479 Pla-

164 537 166 541 <
213 512 260 558 cet
284 503 372 555 etiam
403 515 437 552 ea
464 516 547 568 reque
571 501 668 570 potius
696 518 782 569 quam
807 517 891 569 eaque
914 517 960 553 ree
985 508 1019 550 ut
1042 498 1124 549 Tusc.
1145 499 1180 563 V,
1204 501 1229 552 8.
1268 497 1374 551 Contra

119 577 124 597 ¹
212 575 367 626 Brutumne
395 587 439 624 rae
467 572 607 624 dicturum
627 572 734 637 putas?
768 587 834 634 non,
863 571 1003 624 Contrane
1025 570 1156 620 Brutum.
1200 569 1244 620 Ita
1269 569 1373 621 Cicero

212 644 320 712 ubique
345 643 428 711 ioqui
453 651 542 709 amat,
575 651 609 693 ut
634 642 698 693 Fin.
723 643 770 707 IV,
797 645 838 697 tt.
876 642 932 693 Aut
958 639 1121 708 uoluptatis,
1147 655 1202 692 uon
1225 640 1375 693 dolendive

212 718 361 784 particeps.

713 816 879 830 -.,...-.,,.

455 945 531 1035 nnn
565 941 808 1003 nonnum
841 906 1130 1014 'cularum
1218 945 1220 949 ·

284 1071 353 1141 Cap.
373 1072 400 1124 4.
437 1067 555 1121 Numeri
572 1075 713 1133 motasque
732 1067 935 1131 tractabantur,
959 1075 985 1120 et
1009 1069 1080 1120 uude
1101 1068 1195 1121 onznia
1215 1067 1370 1134 orirentur,

215 1157 299 1210 quoue
316 1141 497 1206 recederent]
525 1141 644 1192 Utinam
663 1139 693 1189 in
712 1146 825 1189 textum
843 1139 998 1207 recepisses
1018 1141 1207 1191 certissimam
1225 1139 1372 1190 cuiusdam

216 1212 468 1275 emendationem,
484 1229 568 1279 quam
593 1209 747 1287 [rutupinus
771 1208 878 1277 aliique
904 1218 1074 1261 memorant.
1118 1211 1209 1263 Ortove
1231 1209 1373 1262 recide·

215 1289 301 1336 reat.
329 1285 405 1335 Nam
423 1280 550 1334 recidere
569 1281 731 1349 oppositum
751 1286 849 1346 estrat
867 1282 955 1333 oriri:
976 1297 1033 1332 non
1053 1281 1183 1332 recedere
1196 1281 1273 1348 quod
1291 1296 1373 1349 pror-

215 1370 261 1406 sus
280 1354 359 1405 aliud
378 1361 428 1404 est.
465 1353 508 1404 lta
526 1354 632 1404 Noster
648 1351 690 1402 De
709 1352 774 1401 Nat.
794 1350 937 1414 Deor..ll,
956 1353 999 1404 26.
1014 1350 1093 1403 Dttt
1108 1354 1196 1416 putri,
1217 1350 1371 1419 quiDiues,

215 1429 247 1476 ut
266 1423 340 1492 apud
352 1423 473 1475 Graecos
484 1420 627 1484 Πλούτων,
647 1420 711 1488 attio
731 1428 757 1472 et
775 1421 905 1473 recidant
924 1423 1016 1473 onznia
1033 1421 1066 1474 o’u
1086 1428 1179 1474 terras
1198 1428 1223 1473 et
1241 1422 1373 1474 oriantur

216 1510 231 1546 e
250 1497 346 1547 terris.
383 1494 534 1544 Lucretius
553 1493 576 1557 I,
596 1496 656 1547 866.

190 1557 192 1566 ’
383 1563 423 1615 At
443 1579 527 1632 aeque
546 1564 675 1616 recidere
695 1562 732 1614 ad
750 1560 868 1615 nibilum
885 1578 931 1615 res
943 1578 1033 1631 posse,
1053 1568 1251 1631 nequeuntem
1298 1607 1301 1612 .

384 1635 518 1688 Crescere
538 1634 571 1686 de
591 1632 678 1687 nihilo
697 1641 782 1686 testor
801 1650 847 1685 res
866 1640 930 1685 autc
947 1634 1090 1700 probatas.

218 1712 248 1757 et
266 1705 301 1769 V,
319 1706 381 1759 28⁰.
419 1705 505 1756 Haud
522 1704 617 1770 igitur
635 1712 723 1757 cessat
742 1704 826 1777 gigni
845 1706 878 1757 de
897 1706 988 1767 rebus,
1013 1710 1040 1755 et
1058 1704 1090 1756 ia
1108 1717 1156 1755 res

382 1775 520 1827 Recidere
540 1775 666 1840 assidue,
691 1775 822 1844 quoniam
839 1775 925 1837 ttuere
944 1773 1037 1826 amaia
1056 1781 1171 1827 constat.

216 1845 374 1897 Enimvero
392 1863 482 1914 paene
500 1848 631 1914 poenitet
653 1863 698 1897 me
716 1846 802 1896 huius
821 1845 930 1914 opellae
950 1846 1068 1909 frustra,
1095 1853 1128 1895 ut
1146 1845 1272 1909 videtur,
1292 1864 1374 1899 nava·

217 1924 279 1981 tae,
308 1933 374 1968 cum
398 1916 512 1967 videam
535 1917 707 1968 certissimas
732 1916 856 1968 aliorum
880 1917 1074 1969 correctiones
1100 1916 1155 1967 iam
1179 1917 1327 1968 saeculum
1347 1925 1374 1971 et

217 1987 341 2056 atnplius
360 1987 393 2037 ab
413 1986 569 2053 editoribus
588 1986 733 2061 neglectas
752 2003 824 2038 esse:
857 1987 913 2037 nisi
938 1987 968 2038 id
992 1988 1111 2039 fortasse
1130 1988 1272 2049 evenerit,
1300 1989 1374 2057 quod

218 2075 268 2110 eae
287 2058 378 2110 nudae
401 2058 544 2126 expositae
564 2059 687 2110 fuerint:
717 2066 831 2109 nostrae
849 2074 929 2121 vero,
956 2057 1012 2108 nisi
1039 2057 1135 2120 fallor,
1164 2066 1193 2109 et
1216 2059 1374 2111 rationibus

218 2135 312 2182 tectae
339 2129 525 2196 munitaeque
550 2137 625 2194 sunt,
652 2136 681 2181 et
706 2129 794 2202 signis
818 2127 874 2178 suis
900 2144 933 2180 ac
957 2128 1151 2180 monumentis
1174 2131 1375 2199 apparentibus

218 2207 286 2251 sunt
304 2199 503 2271 agnoscendae.
542 2215 545 2221 ·
847 2219 849 2224 ⁸
1056 2217 1059 2226 ’

168 2271 176 2280 ’
291 2271 356 2340 Cap.
376 2271 403 2327 5.
430 2269 492 2322 Nou
510 2267 580 2321 mtto·
597 2267 707 2323 uidetur
725 2270 763 2322 ad
780 2270 845 2323 bene
862 2270 1007 2322 uiuendum
1025 2270 1095 2322 sotis
1109 2285 1193 2337 posse
1209 2270 1373 2338 virtutem]

220 2339 294 2399 Mihi
313 2357 427 2410 quoque
446 2341 532 2404 idem,
558 2341 634 2408 quod
651 2341 798 2406 Lambino,
825 2341 951 2402 videtur,
976 2341 1131 2414 legendum
1151 2358 1212 2394 esse
1235 2340 1372 2396 Virtus.

220 2411 264 2463 lta
283 2413 362 2463 enim
379 2412 480 2464 Cicero
500 2411 605 2480 ubique
631 2412 713 2480 loqui
731 2413 813 2477 solet,
837 2420 870 2463 ut
888 2412 1006 2463 Tuscul.
1026 2412 1082 2477 ΠΙ,
1102 2414 1127 2465 4.
1164 2413 1287 2465 Videtur
1306 2413 1375 2466 miti

220 2482 319 2535 cadere
343 2481 375 2534 in
397 2480 546 2550 sapientem
572 2482 730 2555 aegritudo.
767 2483 807 2534 Et
825 2483 849 2546 Ι,
870 2485 913 2538 15.
952 2484 1066 2536 Malum
1092 2480 1298 2536 metiamtur
1316 2501 1375 2537 esse

220 2569 307 2605 mors.
328 2554 376 2619 lV,
389 2556 414 2607 4.
443 2552 507 2606 Νοη
525 2549 595 2605 mtto·
612 2553 728 2605 videtur
745 2553 820 2606 corni
832 2553 921 2606 animi
936 2553 1147 2621 perturbatione
1163 2569 1245 2620 posse
1264 2558 1375 2625 sapiens

220 2638 330 2678 vacare.
367 2623 406 2676 At
424 2623 456 2674 in
473 2623 537 2675 loco
555 2622 611 2675 hoc
633 2632 779 2693 postremo
798 2625 888 2677 codex
912 2633 978 2676 tuus
996 2625 1150 2693 sapientem
1172 2623 1266 2678 habet.
1304 2626 1377 2690 Quid

221 2697 303 2745 tum?
322 2695 419 2745 nullus
438 2693 512 2745 alius
530 2694 620 2746 codex
637 2695 830 2748 accusativum
844 2689 898 2747 'hic
917 2697 1061 2818 agnoscit:
1086 2697 1123 2746 in*
1136 2697 1238 2748 ceteris
1257 2705 1295 2748 be
1316 2698 1375 2765 ipse

222 2764 347 2834 quidem.
386 2765 479 2817 lmmo
497 2764 553 2817 hoc
571 2765 633 2833 ipso
651 2767 741 2839 magis
759 2767 917 2818 verisimile
958 2775 979 2830 t,
999 2766 1142 2818 Librario's
1162 2782 1259 2819 omnes
1278 2784 1375 2820 errare

220 2836 364 2904 potuisse:
385 2836 462 2905 quod
480 2834 546 2887 tu'us
565 2835 757 2920 illeinsignis
777 2837 928 2900 erraverit,
951 2855 1017 2890 cum
1036 2853 1068 2889 eo
1087 2836 1244 2890 deteriores
1263 2847 1376 2890 rectum

222 2923 340 2958 cursum
366 2914 510 2960 tenerent.
553 2908 665 2976 Nempe
692 2917 733 2958 1ta
756 2908 837 2976 loqui
863 2909 991 2961 solebant
1015 2908 1070 2977 ipsi
1096 2908 1229 2972 Librarii,
1258 2909 1282 2959 si
1308 2910 1377 2977 quid

221 2977 318 3030 literis
336 2978 519 3041 mandarent3
546 2978 577 3030 et
592 2977 643 3028 vix
661 2978 714 3029 sibi
732 2979 952 3048 temperabant,·
965 2979 1036 3048 quin
1054 2978 1231 3031 Ciceronem
1247 2979 1282 3030 ad
1299 2998 1377 3031 suam

222 3063 354 3100 normam
379 3049 538 3122 exigerent.
558 3042 649 3100 ¹Nam
677 3050 754 3117 quod
779 3057 812 3101 tu
832 3068 867 3102 ex
886 3049 1022 3102 Sallustio
1048 3050 1242 3100 accusativum
1261 3048 1313 3102 bic
1330 3051 1377 3104 de·

222 3118 327 3183 fendis,
360 3118 429 3169 alibi
447 3118 502 3169 tibi
521 3135 601 3169 mens
621 3128 690 3185 erat,
719 3138 785 3172 cum
812 3121 842 3172 id
870 3122 1023 3186 scriberes,
1053 3120 1167 3172 Rectius
1185 3117 1245 3172 esse
1262 3121 1378 3173 videtur

224 3187 339 3254 ingenii
357 3189 452 3258 opibus
469 3187 594 3254 gloriam
612 3206 766 3258 quaerere3
778 3192 913 3251 ‚Arduum
924 3192 1040 3244 videtur
1059 3207 1106 3243 res
1125 3197 1222 3258 gestas
1241 3192 1374 3244 scribere.

223 3258 291 3325 Quis
310 3259 388 3311 enim
407 3260 521 3333 ignorat
538 3259 698 3313 infinitivos
724 3262 792 3314 istos
816 3262 987 3314 nominativi
1004 3261 1065 3313 vim
1085 3270 1113 3315 et
1137 3269 1311 3331 potestatem
1329 3262 1377 3315 ha·

222 3329 311 3383 bere?
334 3337 368 3393 ut
386 3330 417 3381 in
436 3330 506 3393 illis,
526 3336 555 3382 et
573 3331 636 3398 aliis
654 3334 809 3384 sexcentis:

387 3401 446 3454 Nec
462 3400 554 3454 minor
573 3411 618 3454 est
635 3403 735 3468 uirtus,
756 3419 837 3470 quom
856 3420 1003 3472 quaerere,
1021 3411 1104 3470 porta
1122 3404 1209 3457 tueri.

388 3472 493 3525 Amare
511 3471 606 3526 iuueni
622 3474 730 3538 fructas
750 3483 800 3539 est,
820 3477 923 3528 crimen
942 3475 1013 3528 seui.
1166 3502 1168 3504 v
1196 3487 1197 3490 ’

295 3542 361 3612 Gap.
383 3544 408 3597 t.
435 3541 514 3595 Nam
531 3542 643 3596 Xerxes
662 3544 772 3611 quidem
789 3547 912 3611 refertus
935 3546 1062 3598 omuibus
1083 3546 1220 3616 praemiis
1239 3545 1377 3615 donisque

223 3612 378 3680 torturae]
414 3613 493 3666 lllud
507 3613 648 3681 praemiis
668 3616 730 3667 iure
745 3617 883 3668 lambino
902 3617 1063 3686 displicuit:
1084 3634 1177 3685 neque
1197 3617 1274 3670 enim
1291 3632 1377 3684 prae·

218 3685 282 3752 ,mia
300 3686 430 3751 fortunae
449 3684 669 3738 ciceronianum
686 3685 809 3738 videtur.
838 3688 981 3740 Fortunae
1001 3688 1075 3740 douo
1093 3695 1159 3739 sunt
1177 3697 1226 3741 aut
1245 3702 1375 3752 munero,

220 3754 351 3824 praemia
369 3763 464 3807 autem
488 3755 615 3813 ¹virtutis,
633 3764 663 3810 et
688 3756 846 3830 dignitatis.
882 3756 960 3810 Adde
981 3757 1211 3827 quod‘continuo
1230 3767 1376 3823 sequatur,

217 3825 377 3895 proemium
401 3824 564 3894 proposuit:
598 3835 631 3877 ut
655 3827 805 3879 invenusta
827 3827 918 3879 fuerit
943 3829 1089 3898 repetitio.
1127 3828 1183 3881 Sed
1201 3830 1278 3897 quod
1302 3829 1376 3882 idem

222 3897 377 3950 Lambinus
395 3913 449 3967 pro
465 3895 612 3964 praemiis,
630 3898 790 3951 maneribus
808 3897 965 3965 substituit,
993 3900 1024 3950 in
1042 3916 1074 3953 eo
1094 3899 1218 3952 nimium
1237 3908 1378 3970 quantum

223 3984 240 4020 a
263 3968 407 4022 codicibus
429 3968 549 4027 recedit.
591 3967 623 4021 si
652 3967 793 4022 hariolari
821 3968 933 4034 liceret,
966 3970 1007 4022 sic
1030 3971 1216 4036 coniicerem,
1247 3972 1378 4037 Refertur

223 4039 349 4092 omuibus
373 4039 538 4105 corporis
566 4038 668 4092 bonis
693 4048 722 4092 et
745 4042 883 4106 [ortunae.
920 4041 1002 4093 Boua
1021 4044 1152 4108 fortunae
1169 4042 1273 4112 passim
1291 4041 1377 4094 habes

223 4109 298 4178 apud
315 4110 462 4163 Nostrum.
500 4108 631 4173 Refertur
648 4110 733 4174 bouis,
752 4119 786 4162 ut
803 4111 920 4162 Tuscul.
941 4113 974 4176 V,
993 4114 1036 4167 31.
1073 4113 1122 4166 Sic
1139 4117 1198 4167 atta
1216 4129 1270 4166 nou
1288 4113 1378 4165 solum

223 4179 253 4232 si
270 4179 391 4249 undique
408 4180 517 4232 referta
533 4179 614 4231 bonis
633 4187 683 4236 est.
713 4180 788 4247 Quin
807 4190 837 4236 st
848 4183 929 4235 Bona
948 4181 1076 4250 corporis
1092 4191 1118 4236 et
1136 4186 1278 4250 fortunae,
1298 4184 1378 4237 Boua

222 4251 361 4316 corporis,
391 4255 418 4303 et
446 4256 562 4312 externa
583 4251 815 4320 frequentissime
841 4253 1011 4326 iunguntur,
1037 4263 1070 4305 ut
1087 4256 1126 4318 11,
1147 4257 1188 4309 12.
1229 4254 1266 4308 Ut
1283 4253 1378 4306 omnio

169 4327 174 4334 '
220 4326 380 4387 praeterea,
400 4334 469 4386 quae
486 4320 705 4390 bonacorporis
724 4331 753 4374 et
775 4325 908 4376 fortunae
929 4330 1074 4393 putantur,
1097 4324 1258 4392 perexigua
1281 4332 1309 4378 et
1326 4325 1379 4377 mi·

225 4395 295 4445 nuta
312 4388 469 4458 uideantur.
508 4390 615 4446 Contra
632 4391 749 4446 Tuscul.
769 4395 803 4458 V,
822 4397 847 4451 8.
882 4394 917 4448 Iu
934 4395 1023 4450 matis
1042 4403 1133 4450 autem
1151 4399 1303 4466 sapientem
1320 4410 1379 4450 esre
