2856 5084
354 291 706 368 snsnoirroans
726 299 787 366 so
809 267 982 367 anian
1003 302 1062 367 111.
1223 306 1286 374 sss

136 465 188 521 hio
205 475 362 538 quaerunt,
381 467 430 520 sed
446 468 508 520 vim
525 466 638 520 faciunt
655 466 810 520 verborum
828 466 924 520 ordini
942 482 1001 521 non
1022 468 1109 524 facile
1132 471 1286 526 admitten-

137 538 212 596 dam.
248 539 336 592 Janus
358 538 534 592 Gulielmius
555 536 731 591 Trochaioos
755 538 951 592 Tetrametros
974 537 1101 626 effingit,
1124 543 1172 595 sed
1195 545 1287 597 nimia

135 626 203 662 usus
224 609 344 664 licentia
368 611 400 660 in
423 608 569 662 vocabulis
593 626 649 680 qua
671 609 826 673 mutandis,
860 626 915 679 qua
941 610 1084 664 addendis.
1120 613 1167 666 Tu
1190 622 1287 668 autem

136 696 203 732 cum
219 681 319 734 Paullo
337 680 464 733 Manutio
487 679 597 733 leviore
621 681 739 750 quidem
764 680 924 733 mutatione
941 681 1115 736 Trochaicos
1137 685 1287 738 trimetros

135 749 243 817 efficis,
281 752 379 822 quales
402 759 500 803 tamen
527 767 621 819 neque
644 750 818 824 Tragoedia,
848 767 941 836 neque
966 752 1116 807 Comoedia
1150 772 1286 825 umquam

134 822 261 948 ἳξέονὶτ.
294 822 338 888 [V.
366 821 496 875 adhaec
521 819 683 875 Ahlwardt.
717 823 747 874 ‘n
771 820 904 879 Seebodir
932 821 1072 877 Archiv
1102 826 1124 876 f.
1149 824 1285 879 Philol.

185 895 210 947 6.
230 896 256 950 3.
277 911 305 964 p.
325 891 401 959 493]
418 894 482 967 Ego
499 908 580 956 vero,
598 900 632 943 ut
649 892 779 962 primum
795 892 935 960 videram,
953 896 1091 947 continuo
1109 895 1288 965 deprehendi

133 979 233 1016 versus
261 981 319 1017 esse
337 963 509 1016 Bacchiacos
532 971 726 1027 tetrametros,
760 962 858 1031 quales
880 962 914 1015 hi
937 966 1005 1036 puri
1031 965 1194 1020 afferuntur
1212 967 1288 1038 apud

133 1033 387 1106 Hephaestionem,
785 1076 786 1079 η

238 1106 267 1158 ‘0
284 1107 383 1176 ταῦρος
398 1102 446 1170 1’ὁ”
465 1102 570 1166 darnart
587 1105 706 1174 nuptam
721 1103 727 1168 Ι
742 1104 792 1157 τιν’
812 1101 915 1172 ἀρχάν,
958 1125 961 1131 ·

240 1175 404 1236 Φθάσαντος
420 1175 425 1242 Ι
441 1174 465 1227 d'
485 1171 525 1227 ἐπ’
545 1175 635 1246 ἔργοις
650 1178 655 1238 Ι
671 1168 900 1245 προπηδὴΙσεταί
914 1192 967 1229 νιν.

134 1246 175 1301 At
197 1249 272 1318 apud
295 1246 411 1300 Latinos
438 1247 469 1297 in
494 1245 591 1316 prima
614 1246 680 1299 sede
704 1246 792 1298 etiam
809 1245 963 1300 Molossum
989 1248 1091 1318 pedem
1117 1252 1289 1321 frequenter
1313 1280 1317 1283 ·

87 1327 90 1336 '
134 1319 296 1389 recipiunt3
322 1319 354 1368 in
372 1317 476 1369 ceteris
494 1319 641 1380 Paeonem,
666 1324 696 1368 at
713 1317 866 1369 Molossum
884 1319 991 1389 rarius.¹
1022 1316 1156 1374 Ceterum
1180 1322 1288 1375 Ennia-

135 1404 242 1441 norum
259 1389 367 1443 horum
392 1395 505 1458 partem
529 1387 644 1440 adducit
663 1387 763 1441 Cicero
788 1387 823 1440 de
842 1389 961 1441 Oratore
980 1390 1033 1455 111,
1053 1393 1098 1446 41.
1134 1391 1216 1458 Nolo,
1243 1394 1288 1446 in·

135 1461 212 1542 quit,
230 1477 292 1514 esse
310 1459 421 1512 aerium
444 1457 595 1527 angustius
623 1458 655 1512 id
672 1457 744 1526 quod
761 1459 929 1512 translatum
946 1461 995 1526 sit,
1019 1477 1099 1530 quam
1123 1461 1198 1518 ittnd
1219 1479 1288 1532 pro-

132 1547 230 1602 prtum
247 1546 281 1585 ac
298 1542 388 1595 cauni,
1275 1541 1281 1555 ’

242 1629 276 1640 -
294 1601 424 1671 quidnam
443 1606 496 1666 est,
515 1598 645 1654 obsecrat
671 1599 740 1669 quid
757 1605 785 1652 te
803 1601 885 1658 adire
903 1601 1041 1655 sinaitas!

133 1673 241 1727 Metius
255 1679 341 1739 essm,
360 1680 451 1737 vetas,
469 1671 614 1742 prohibes,
634 1670 787 1724 absterres:
808 1673 938 1741 quoniam
955 1674 1006 1726 itte
1024 1673 1144 1730 dixerat.

239 1743 321 1808 Iltico
339 1743 415 1808 istic,
434 1759 468 1795 ne
487 1741 620 1811 contagio
637 1756 700 1793 mea
718 1742 799 1794 donis
818 1743 948 1796 umbrave
966 1743 1047 1799 obsit.
1218 1771 1222 1783 <s

133 1813 180 1866 Ex
197 1813 244 1867 his
268 1815 342 1866 illud
366 1813 479 1883 liquido
498 1821 618 1878 constat,
646 1812 805 1883 Thyestem
822 1813 872 1866 hio
890 1832 956 1868 oum
975 1815 1069 1870 Chora
1094 1815 1190 1890 loqui3
1218 1834 1287 1896 ergo

134 1884 214 1937 nulla
232 1893 282 1936 aut
299 1884 421 1936 minima
438 1885 597 1937 mutatione
617 1883 658 1936 sio
675 1891 769 1936 totum
787 1883 884 1938 locum
903 1887 1060 1939 constituo:

208 1970 286 2043 Tay.
322 1971 416 2026 Nolite
434 1968 575 2041 hoetpites
592 1972 631 2025 ad
647 1973 705 2034 ime
723 1970 820 2024 adire:
850 1973 944 2038 illlico
963 1973 1047 2027 istic:

325 2043 368 2097 Ne
387 2040 535 2111 contatgio
553 2058 614 2095 mea
630 2044 635 2106 Ι
651 2041 730 2096 donis
746 2039 891 2108 nmldraae
915 2042 1001 2097 obsit:

325 2117 395 2168 Meo
407 2112 505 2181 tantia
523 2113 567 2166 vis
584 2111 718 2182 scelelris
736 2112 767 2165 in
784 2111 918 2182 cortpore
936 2112 1040 2168 haeret.

206 2200 281 2256 cto.
319 2202 458 2260 Quidnam
475 2209 517 2255 est
537 2199 684 2271 ablaturo!
711 2199 781 2271 quid
796 2201 801 2266 Ι
816 2206 844 2254 te
864 2200 943 2255 adiri
957 2199 962 2267 Ι
978 2209 1113 2258 renutas?

132 2271 229 2356 Atque
245 2274 302 2327 hoc
320 2292 410 2349 genus
427 2291 565 2326 versuum
591 2275 678 2326 etiam
702 2273 734 2324 in
753 2272 905 2326 Comoedia
928 2282 1029 2327 vetere
1056 2276 1153 2329 locum
1171 2277 1285 2348 habuit3

132 2352 163 2396 et
182 2363 213 2395 m
232 2345 330 2397 Plauto
348 2345 544 2413 Terentioque
563 2361 639 2395 nunc
659 2351 772 2408 extant3
793 2343 844 2412 qui
862 2352 959 2395 tamen
977 2344 1115 2404 hactenus
1129 2349 1285 2404 editoribus

133 2431 251 2475 crucem
275 2415 415 2481 fixerunt,
440 2433 456 2467 a
477 2415 594 2468 nemine
620 2413 774 2468 intellecti.
813 2414 848 2467 la
870 2414 980 2468 Andria
1005 2417 1070 2470 Aet.
1090 2419 1145 2473 111.
1174 2421 1219 2476 Sc.
1241 2427 1283 2478 ll.

132 2484 175 2538 sic
192 2503 290 2539 versus
309 2487 336 2540 di
360 2486 457 2539 erendi
480 2493 562 2539 sunt:
892 2532 893 2537 ,

219 2555 220 2558 ’
299 2505 397 2611 Aditur
412 2553 570 2625 Arlchytis,
590 2571 659 2623 quae
677 2550 827 2624 adlectant,
848 2551 983 2625 quaelque
1001 2565 1110 2626 oportet

299 2626 546 2696 Signaaesse·adt
564 2627 681 2679 satutem
699 2624 809 2694 amlns‘a
827 2622 892 2678 duic
910 2624 987 2696 asise
1004 2629 1095 2689 video.
1162 2664 1165 2668 ‹

297 2698 380 2754 Nund
394 2699 534 2768 primam!
551 2699 600 2764 faa
617 2694 742 2763 isthaec!
760 2698 850 2751 lavet:
874 2703 937 2765 post
952 2697 957 2763 Ι
973 2699 1084 2769 deinde,

298 2771 379 2827 Quod
395 2770 469 2825 iussi
486 2769 513 2823 ei
528 2769 533 2836 Ι
550 2770 618 2841 dari
635 2766 753 2835 bibelre,
773 2775 798 2820 et
817 2775 947 2837 quantum
969 2770 1119 2840 insperati,

298 2843 387 2895 Date:
410 2857 475 2895 moa
493 2839 562 2909 eigo
579 2835 632 2892 nuc
649 2846 783 2892 revertor.

131 2935 167 2988 sn
183 2931 279 2987 anua
295 2927 590 3001 Amphitryoniades.
609 2929 647 2982 11.
667 2928 750 2982 seen.
772 2932 795 2983 1.
815 2929 856 2981 sn
875 2927 1139 2999 asponensium:
1186 2910 1191 2920 ’

298 3005 369 3070 Age,
389 3001 402 3053 i
419 3006 448 3053 tn
466 3000 638 3062 tsecundum.
673 2999 678 3066 Ι
710 2999 763 3053 So.
786 2998 902 3068 Sequor,
919 2999 1087 3071 sndtsequor
1104 3008 1140 3056 te.

167 3074 259 3144 Amp.
296 3071 545 3140 Scelestislsimnm
563 3078 589 3124 te
607 3069 762 3124 arbitror.
799 3070 851 3127 Sa.¹
870 3069 963 3137 Nom}
982 3075 1175 3142 quamodrem!

166 3163 259 3234 Amp.
298 3163 370 3218 Quia
388 3161 422 3214 id
439 3159 512 3230 quod
529 3159 632 3232 lneque
651 3166 701 3224 est,
719 3175 767 3213 nec
782 3157 870 3226 t‘fuit,
889 3176 938 3212 neo
953 3159 958 3228 Ι
973 3163 1097 3227 intumum
1114 3170 1166 3232 est,
1190 3167 1194 3184 ‘

296 3231 376 3287 Mitt
384 3233 567 3301 'prasidicaa
583 3236 585 3239 ’
604 3231 656 3284 So.
677 3228 796 3300 Eclcere
813 3232 872 3285 iam
887 3230 892 3296 Ι
907 3232 1010 3286 tuatim
1085 3289 1087 3293 ,
1193 3253 1195 3256 ’

295 3303 381 3358 Facis
398 3311 427 3357 tu
445 3304 493 3368 nti
512 3305 569 3357 inis
587 3301 682 3368 autito
700 3301 775 3370 opud
792 3307 837 3368 tet
852 3304 921 3368 fides
938 3301 1010 3355 sit.'
1116 3311 1119 3327 ³
1194 3326 1197 3330 >

165 3375 257 3446 Amp.
275 3407 278 3416 =
294 3377 369 3431 Quid
387 3370 448 3428 'esti
466 3369 632 3444 quot-modo?
651 3372 709 3425 iam
727 3372 855 3442 {quidem
873 3371 966 3427 hercle
983 3373 1053 3440 egoi
1071 3372 1126 3428 titt
1141 3374 1226 3430 istam

293 3447 455 3510 scelestam,
474 3446 479 3510 Ι
498 3445 597 3508 scelus,
617 3439 760 3512 linigeram
779 3443 975 3508 abscindam-'t
1005 3443 1059 3498 So.
1083 3445 1160 3515 Tuue-
1176 3462 1246 3512 sum,

292 3518 418 3572 Proinde
435 3523 466 3569 nt
478 3513 668 3584 'comtmodum
684 3519 725 3566 est
744 3514 788 3576 etl
806 3515 877 3568 ludet
895 3512 1030 3585 qnidt'qae
1047 3515 1154 3582 facias.-

295 3591 401 3642 Tamen
419 3587 485 3655 quin
500 3586 506 3651 Ι
521 3587 620 3656 loquor
637 3600 690 3653 ego
708 3581 792 3649 daec!
808 3585 853 3638 uti
870 3581 966 3654 facita
983 3593 1045 3639 sunt
1061 3585 1117 3652 dic,

293 3659 447 3728 Numquam
464 3657 541 3722 ndat
557 3658 638 3710 inodo
657 3671 700 3708 me
717 3655 812 3723 tontes
835 3653 1011 3724 deiterrere3

163 3732 256 3800 Amo.
292 3728 496 3784 Scelestissime
514 3728 599 3783 audes
615 3729 619 3795 Ι
635 3724 705 3780 mitti
721 3724 905 3793 prasidicare‘
917 3727 958 3784 id.

292 3800 378 3854 Domi
395 3806 422 3852 te
440 3796 517 3867 estse
535 3815 614 3863 nunc,
639 3797 687 3865 qni
703 3793 750 3849 hic
765 3797 769 3863 Ι
786 3799 890 3851 Μυῒ
909 3798 961 3852 So.
984 3794 1076 3867 Velra
1095 3797 1169 3855 dico.

163 3877 249 3940 Amp.
288 3871 416 3926 Mutum!
440 3869 599 3937 quoditidt
622 3866 654 3921 dt
672 3866 910 3938 {decantatione
928 3885 981 3936 ego
999 3866 1083 3921 hodie
1120 3918 1123 3922 ,
1203 3923 1206 3928 ,

292 3943 382 3996 Dato.
418 3939 468 3995 So.
487 3940 563 3994 Istuc
578 3942 583 4004 Ι
599 3939 653 3992 tibi
671 3946 712 3991 est
729 3938 779 4002 int
796 3954 896 3992 manu.-
919 3954 984 3990 nam
1000 3937 1004 3996 Ι
1021 3940 1174 4003 innisum,

163 4015 254 4085 Amp.
295 4013 363 4066 Tnn'
380 4027 424 4065 me
441 4010 582 4076 aeribero,
609 4011 711 4075 audes!
729 4006 825 4061 herum
842 4006 1035 4077 tuldisacerel

184 4117 187 4120 -
295 4084 362 4139 Tnn’
381 4082 463 4137 tadi
468 4080 473 4150 Ι
480 4099 541 4148 cere
559 4079 661 4134 audes!
677 4078 691 4144 t
704 4079 775 4148 quod
792 4095 870 4132 nemo
888 4076 1032 4148 umiqnum
1056 4077 1135 4132 homo
1158 4079 1276 4136 antehac

132 4170 135 4174 ’
295 4155 385 4221 Vidit,
405 4155 471 4218 nect
487 4158 577 4222 potest
595 4149 685 4216 fitam,
709 4145 847 4217 temlpore
869 4166 923 4203 nno

292 4220 381 4285 Homo
399 4227 472 4280 idem
490 4223 612 4288 lduodus
628 4219 633 4286 Ι
650 4219 720 4274 iocis
738 4226 769 4271 ut
785 4224 790 4285 Ι
804 4219 889 4272 simul
906 4218 953 4272 sit.

197 4299 250 4354 So.
286 4298 424 4366 Perfecto,
442 4295 495 4362 nt]
511 4296 620 4361 loquor,
638 4306 684 4343 res
700 4291 705 4358 Ι
720 4289 761 4343 ita
778 4297 827 4344 est.
864 4290 957 4363 Amp.
976 4287 1120 4359 luplpiter'
1134 4298 1161 4345 te

291 4369 406 4422 Perdat.
442 4368 497 4423 So.
517 4365 591 4422 Quid
608 4361 696 4429 {mati
712 4377 782 4427 sum,
800 4359 876 4428 dere,
893 4362 898 4426 Ι
919 4368 967 4414 tua
979 4377 1012 4414 ea
1022 4378 1054 4415 re
1069 4362 1277 4431 ipromera‘tus!

161 4440 254 4512 Amp.
291 4440 389 4509 Rogas
406 4455 450 4507 ne,
475 4433 624 4508 tmlprode,
644 4432 740 4502 etiam,
756 4433 761 4500 Ι
782 4432 831 4503 qni
846 4433 926 4487 leudos
941 4433 946 4499 Ι
961 4432 1038 4501 facis
1056 4435 1118 4488 me?

1006 4540 1072 4604 21*
