2856 5084
212 277 274 345 132
412 272 643 340 CICERONIS
663 270 912 342 TUSCULAN.
934 270 1175 338 msPUTAT»

211 443 294 507 tiam
318 442 402 504 remi
427 449 534 518 raret,
564 440 696 504 civibus
728 423 916 502 libertatem
947 445 982 502 et
1013 440 1090 500 iura
1119 433 1297 500 redderet:
1325 437 1369 501 iis

212 529 301 589 enim
323 546 358 588 se
379 463 567 586 adolescen
579 521 771 605 improvida
792 530 901 584 aetate
921 522 1098 584 irretierat
1108 521 1241 598 erratis,
1263 539 1370 602 eaque

211 610 440 687 commiseram
462 614 504 669 ut
529 606 643 669 salvus
672 624 744 668 esse
773 624 840 666 non
871 612 993 687 posset,
1020 605 1051 668 si
1074 623 1174 666 sanus
1201 622 1272 666 esse
1294 624 1371 668 coc-

233 694 324 754 isset.
1224 742 1228 751 .

40 807 46 814 ’
148 711 233 852 221)
294 773 427 838 Quanto
449 790 551 855 opere
571 788 654 834 vero
676 771 839 833 amicitias
854 768 1074 847 desideraret,
1097 769 1238 850 quarum
1254 765 1370 829 infide-

138 874 183 929 63.

207 963 305 1027 etiam,
334 962 358 1015 si
376 960 469 1024 lubet,
497 967 530 1012 at
550 960 689 1028 explicari
713 958 783 1011 h.1.
807 975 861 1027 per
885 957 1027 1028 quoaeodo,
1054 965 1088 1009 ut
1109 962 1175 1026 post
1192 953 1255 1010 veri
1272 955 1368 1011 mmiie

210 1040 252 1087 eet
270 1032 411 1104 explicari
429 1030 532 1084 licet.“
549 1028 680 1084 Sabellam
701 1029 776 1082 Obss.
795 1029 826 1080 in
843 1029 931 1099 prisc.
952 1046 1022 1081 serr.
1041 1046 1070 1098 p.
1083 1031 1145 1083 105.
1177 1027 1369 1092 „Wunderus

210 1122 303 1173 nuper
327 1104 359 1156 in
376 1102 478 1155 Jabnii
496 1101 613 1164 AnnaIl.
632 1102 670 1153 11.
689 1104 715 1154 3.
735 1104 761 1155 2.
787 1117 817 1169 p.
839 1104 888 1157 151
908 1118 971 1170 sqq.
997 1100 1140 1170 probavit,
1164 1098 1266 1164 varias,
1295 1116 1369 1168 quae

210 1192 270 1235 esse
287 1175 450 1239 videantur,
470 1174 550 1227 vocis
573 1179 604 1225 ot
622 1171 847 1246 significationes
873 1187 970 1224 omnes
990 1171 1131 1239 explicari
1153 1186 1235 1240 posse
1254 1186 1290 1221 ex
1307 1171 1370 1238 pri·

207 1246 299 1302 maria
325 1247 386 1299 eius
410 1245 435 1297 si
458 1244 642 1296 nificatione:
677 1258 730 1312 quo
753 1243 844 1296 modo.
881 1243 926 1294 lta
949 1241 1005 1294 hoc
1033 1241 1113 1294 loco:
1151 1242 1191 1293 Ee
1208 1240 1294 1305 stand
1312 1238 1369 1293 idm

208 1315 286 1373 nicht
309 1316 413 1370 eiamat
437 1264 496 1369 §ie
515 1308 635 1367 Wei'ae
657 1314 724 1379 feei,
754 1314 815 1366 mie
843 1329 875 1364 er
902 1311 980 1365 torte
1004 1310 1206 1365 zarictkedren
1230 1310 1369 1368 tdanm.“

210 1388 260 1442 Or.
281 1388 317 1440 ad
333 1387 441 1442 Wolfii
459 1385 577 1439 scholas.
598 1384 662 1436 Vid.
683 1384 737 1437 illo
754 1385 819 1437 loco
838 1384 869 1434 in
887 1385 990 1454 primis
1008 1402 1036 1453 p.
1057 1386 1117 1451 151.
1137 1392 1166 1437 et
1186 1386 1245 1438 161.
1271 1393 1301 1436 et
1318 1383 1368 1435 hic

231 1458 328 1510 uidem
337 1457 508 1513 Wunderus
527 1464 658 1509 nostrum
675 1457 774 1508 locum
787 1454 927 1522 explicat:
948 1457 1010 1521 fieri
1028 1464 1082 1507 noa
1098 1460 1219 1521 poterat,
1238 1460 1269 1506 nt
1286 1453 1321 1507 ic.
1334 1485 1367 1497 -

208 1477 281 1582 de.
300 1529 411 1582 Etzler.
439 1528 476 1580 ib.
492 1527 559 1579 Vol.
578 1529 658 1580 VIII.
684 1523 998 1594 (1828.111.1.)1.p.
1020 1529 1080 1580 112.
1110 1526 1162 1594 qui
1187 1532 1286 1580 nostro
1303 1525 1367 1577 loco
1404 1540 1405 1544 ¹

208 1605 241 1654 nt
261 1618 318 1653 esse
337 1597 430 1665 effecti
449 1598 573 1663 (einer
591 1597 1067 1677 Wirlrungsbestimmung)
1086 1595 1366 1670 necveroadsigni-

208 1670 374 1724 ficationem
393 1670 470 1728 rnodi
489 1669 607 1736 (eines
625 1669 727 1733 Wie)
747 1667 932 1722 referendum
944 1667 1103 1722 contendit.
1134 1667 1249 1720 Mireris
1262 1675 1367 1732 autem,

209 1741 286 1811 quod
298 1743 443 1794 Ernestus
466 1740 626 1796 contendit
639 1756 779 1808 nusquam
805 1755 833 1791 se
858 1740 1000 1809 reperisse
1029 1738 1104 1790 banc
1128 1738 1271 1790 formulae
1297 1737 1370 1790 inte-

209 1828 295 1879 grum
319 1819 360 1865 est
383 1819 569 1876 structuram,
591 1827 657 1861 cum
675 1811 713 1862 sit
732 1810 820 1863 inr.
839 1826 892 1880 pro
912 1812 986 1861 ItIur.
998 1811 1031 1863 4¹:
1051 1824 1137 1878 aeque
1155 1814 1197 1863 est
1216 1809 1367 1876 integrum,

167 1919 170 1922 -
208 1889 239 1936 at
265 1880 361 1936 meam*
376 1882 500 1936 laborem
520 1909 552 1919 -
571 1881 740 1949 impertiam.
784 1880 871 1933 Nibil
894 1881 1002 1933 certius
1026 1888 1078 1946 est,
1109 1877 1200 1949 quam'
1219 1880 1308 1934 verba
1334 1895 1369 1932 ne

209 1955 354 2021 integrum
376 1953 488 2021 quidem
513 1959 573 2005 erat
600 1968 658 2004 esse
681 1952 768 2024 plane
795 1952 835 2013 id,
862 1950 938 2020 quod
966 1966 999 2002 ae
1024 1951 1089 2016 fieri
1112 1951 1221 2021 quidem
1246 1956 1368 2019 poterat,

210 2042 297 2094 quam
316 2024 473 2079 formulam
491 2041 640 2089 nunquam
658 2040 716 2075 non
735 2023 845 2093 excipit
863 2027 917 2075 td.-
938 2019 984 2073 Ad
999 2039 1027 2074 v.
1047 2029 1137 2088 atque,
1157 2038 1213 2091 quo
1231 2020 1369 2078 vocabulo

208 2097 303 2166 posito
331 2095 422 2148 oratio
451 2092 595 2147 adscendit
622 2093 657 2144 ad
674 2094 808 2168 graviora
827 2101 856 2146 et
880 2093 998 2158 maiora,
1027 2094 1065 2145 cf.
1084 2092 1191 2145 Handii
1209 2093 1368 2146 Tursellin.

98 2192 100 2197 ·
198 2167 234 2219 .1.
260 2184 288 2236 P·
309 2169 371 2224 484.
408 2166 443 2217 In
468 2164 527 2217 sola
549 2163 685 2216 Editione
711 2164 863 2217 Davisiana
888 2162 988 2215 Rathii
1016 2171 1058 2216 est
1085 2163 1176 2234 atqui.-
1204 2164 1280 2233 quod
1304 2181 1370 2216 cum

152 2280 153 2283 ,
210 2253 270 2290 non
288 2238 326 2291 sit
344 2238 375 2289 in
393 2235 465 2288 Dav.
477 2238 502 2292 2.
525 2243 554 2288 et
573 2235 700 2288 eiusdem
719 2235 881 2298 Oxoniensi,
901 2250 1054 2303 operarum
1073 2235 1167 2288 errori
1185 2235 1370 2288 tribuendum

116 2334 120 2341 -
209 2308 335 2361 videtur.
374 2306 519 2361 Scribitur
537 2321 570 2359 ne
588 2304 616 2358 ei
643 2306 675 2357 in
692 2305 765 2358 Edd.
784 2308 817 2361 P..
833 2305 867 2357 A.
886 2306 917 2356 B.
938 2305 966 2358 S.
986 2305 1020 2357 E.
1040 2306 1110 2358 Ven.
1139 2314 1228 2359 nostr.
1257 2306 1322 2358 Asc.
1344 2311 1368 2360 I.

211 2379 293 2432 Unus
313 2378 379 2433 Cod.
399 2378 485 2432 habet
504 2376 624 2442 integer.
644 2375 832 2444 Remigrondi
852 2376 939 2428 verbo
958 2375 1027 2428 alibi
1046 2393 1102 2428 non
1121 2378 1217 2429 utitur
1233 2377 1370 2430 translate

211 2449 324 2503 Cicero.
361 2451 491 2522 Pergunt
513 2449 688 2517 civibusque
714 2448 769 2500 duo
788 2450 858 2501 Oxx.
887 2455 915 2499 et
932 2447 1004 2499 Edd.
1031 2456 1096 2500 ante
1121 2447 1213 2501 Gebh.
1243 2448 1370 2518 exceptis

210 2520 287 2584 Viet.
307 2519 375 2574 Rob.
395 2517 495 2591 steph,
516 2528 546 2575 et
569 2527 634 2589 post
654 2518 847 2584 Gebhardum,
862 2517 947 2571 hall.
974 2517 1048 2570 oliv.
1074 2517 1149 2589 Bip.'
1162 2518 1288 2575 Mannh„
1316 2519 1373 2572 Sed

211 2608 266 2644 eur
291 2609 307 2643 a
333 2583 471 2645 Godidum
497 2589 623 2644 lectione
651 2589 822 2655 discedatur,
857 2587 1231 2643 nullaestcausa.=1)uisb.
1253 2588 1373 2643 exhibet

211 2664 278 2715 iura
304 2666 331 2714 et
359 2657 528 2715 libertatem.
565 2663 600 2715 In
627 2677 705 2732 seqq.
732 2671 798 2724 esse,
828 2659 879 2729 qui
898 2675 951 2729 pro
975 2658 1014 2712 iia
1034 2658 1187 2715 exhibeant
1204 2657 1259 2724 tte,
1284 2677 1372 2712 neruo

211 2749 270 2785 non
290 2731 473 2804 exspectabit.
512 2731 567 2784 Sed
584 2749 643 2786 non
663 2741 705 2784 est
724 2732 800 2802 quod
814 2747 865 2797 ¹eos
884 2747 1092 2794 enumeremus,
1112 2729 1241 2799 quamvis
1261 2729 1319 2781 sint
1339 2731 1372 2781 in

147 2835 149 2838 >
212 2820 314 2856 eorum
332 2819 453 2858 numero
472 2803 542 2877 Reg..
563 2812 592 2855 et
610 2803 683 2856 Gud.
697 2808 721 2858 l.
747 2803 809 2855 Duo
827 2803 895 2855 Oxx.
918 2810 947 2853 et
964 2801 1038 2877 Aug.
1057 2800 1197 2855 omittunt
1214 2817 1252 2854 ce.
1271 2800 1371 2853 Duisb.

211 2873 298 2927 habet
316 2874 477 3000 adolescente?
495 2891 533 2927 ae.
550 2872 700 2950 Codeiug.
721 2871 837 2928 exhibet
856 2887 926 2925 caro
941 2870 1122 2941 praebend
1128 2877 1239 2939 erent,
1258 2881 1288 2925 et
1306 2889 1374 2926 mox

213 2945 392 3001 irretioerat.
467 2963 492 2996 r.
698 2976 703 2983 ·

283 3036 437 3104 Inprovtoa
457 3035 562 3102 aetate]
589 3037 698 3090 Forsan
717 3038 748 3092 in
772 3036 921 3106 inprovida
940 3040 1041 3090 aetate.
1079 3035 1136 3088 Illa
1154 3027 1234 3087 ce'rte
1251 3050 1372 3104 praepo-

213 3106 281 3159 sitio
300 3107 465 3175 parimodo
484 3108 595 3177 saepius
620 3117 662 3160 est
688 3109 831 3179 absorpta.'
866 3109 915 3162 Sic
933 3107 1007 3178 apud
1024 3104 1171 3159 Velleium
1188 3105 1373 3157 Paterculum

212 3176 264 3229 lib.
285 3176 324 3231 11.
356 3193 417 3251 cap.
437 3177 565 3242 XXVIII,
589 3181 614 3234 2.
635 3178 670 3231 de
695 3179 791 3233 Sulla:
824 3179 956 3232 Dictator
980 3184 1090 3231 creatae
1109 3210 1140 3220 -
1161 3174 1288 3244 imperio,
1319 3192 1372 3245 quo

211 3247 326 3317 priores
343 3247 382 3300 ad
404 3249 602 3301 vindicandam
627 3250 761 3303 maximis
782 3249 1098 3319 per-nutie=1temp.uet
1120 3248 1243 3314 fuerant,
1269 3247 1373 3300 immo-

213 3319 293 3372 dicae
312 3318 490 3373 cradelitatt's
507 3319 627 3372 licentii
653 3337 718 3374 usae
743 3329 793 3374 est.
831 3320 953 3375 Omnino
981 3319 1199 3374 rescribendum
1224 3317 1373 3371 ire-inmo-

214 3387 294 3444 dicae
320 3389 498 3443 crudelitatis
521 3390 666 3446 licentiam
692 3407 758 3446 asae
785 3398 834 3449 est.
880 3389 1020 3447 Eiusdem
1045 3390 1116 3441 libri
1141 3407 1200 3459 cap.
1220 3388 1319 3454 XXXI,
1343 3392 1370 3444 3.

214 3461 360 3517 contrario
379 3461 456 3515 vitio.
472 3461 593 3535 legitur,
613 3462 671 3515 Sed
688 3469 781 3515 tomen
799 3462 876 3516 idem
892 3460 943 3514 doc
962 3468 1028 3514 ante
1046 3459 1191 3514 biennium
1209 3459 1239 3510 in
1258 3463 1295 3512 Μ.
1309 3460 1374 3511 An·

212 3532 289 3607 tonii
307 3541 444 3602 praetura
463 3532 602 3586 decretam
621 3540 691 3586 erat.
728 3535 857 3602 Reponas
875 3532 976 3597 velim,
998 3539 1071 3604 ‘ante
1094 3529 1294 3585 bienniava.
1315 3529 1374 3582 An-

213 3602 615 3725 tonioxpraetorindecretam
645 3610 716 3657 erat.
760 3603 832 3656 Vide
862 3602 1045 3657 Lactantiurn
1073 3602 1140 3655 Div.
1165 3603 1240 3677 ¹lust.
1269 3601 1321 3657 lib.
1348 3601 1372 3654 1.

215 3691 248 3727 ca
270 3711 277 3724 .
339 3675 409 3737 ,32
478 3712 483 3726 .

248 3691 446 3812 Pimprovido
465 3744 568 3810 aetate]
590 3745 668 3798 Iusto
687 3743 820 3814 cupidius
839 3744 870 3795 in
888 3742 941 3798 Ed.
961 3744 986 3798 1.
1007 3745 1119 3815 recepit
1137 3744 1218 3810 Dan,
1242 3743 1375 3797 Bentleio

213 3818 335 3871 fortasse
362 3825 515 3879 annuente,
541 3817 739 3868 coniecturam
765 3833 846 3868 suam
871 3816 905 3868 ia
929 3815 1088 3883 improvida
1106 3821 1213 3872 ,aetate
1249 3814 1304 3867 Est
1321 3813 1376 3867 im-

212 3889 344 3955 provisa
362 3886 393 3940 in
406 3886 483 3939 Edd.
503 3888 575 3939 Ven.
600 3894 689 3938 nostr.
709 3885 773 3939 Asc.
793 3890 818 3942 2·
845 3887 925 3939 Junt.
946 3886 1023 3939 Crat.
1062 3885 1118 3940 Sed
1140 3886 1211 3939 haec
1230 3886 1262 3938 in
1279 3902 1373 3960 marg.

213 3959 333 4029 probam
357 3957 514 4013 lectionem
537 3957 631 4010 habet.-
667 3958 733 4011 Post
761 3963 852 4011 aetate
875 3958 956 4009 unus'
974 3958 1024 4014 Ox.
1050 3957 1136 4012 habet
1160 3956 1277 4023 interes,
1301 3952 1376 4009 alius'

215 4027 283 4100 qaae
300 4032 467 4101 pro'eoqoe,
488 4029 562 4082 Gud.
583 4033 608 4083 l.
628 4043 777 4098 eaquae.
815 4026 876 4081 Mr.
978 4043 982 4054 ⁸

284 4125 317 4172 at
334 4118 430 4171 soloas
448 4132 509 4170 ecee
525 4134 581 4170 non
597 4123 701 4187 poscet,
733 4117 761 4170 si
779 4133 864 4171 conae
882 4132 939 4170 eeee
966 4115 1090 4187 caperet]
1133 4116 1178 4183 „I.
1198 4133 1223 4168 e.
1243 4113 1273 4168 ei
1290 4115 1376 4169 liber-

128 4200 131 4203 ’
213 4195 298 4256 tatem
315 4187 419 4258 populo
443 4186 624 4255 reddidisset,
655 4190 686 4242 ia
715 4187 824 4243 iudicia
853 4186 950 4243 vocari
980 4196 1075 4258 porcat
1096 4195 1213 4258 propter
1242 4186 1388 4252 facinora·

213 4258 374 4323 iuuentutis,
393 4263 421 4310 et
439 4259 603 4313 damnari.“
622 4260 688 4315 Idm.
790 4279 792 4285 ·
1295 4275 1297 4278 ’

237 4374 238 4379 1
285 4367 311 4402 c.
330 4350 373 4402 11.
410 4347 587 4417 Quantopere
605 4366 669 4404 uero
689 4347 845 4416 amicitias]
864 4351 911 4403 Or.
932 4349 1050 4419 scripsit
1068 4356 1168 4418 quanto
1186 4363 1279 4415 opere,
1298 4345 1377 4416 quod

214 4419 320 4490 recepi.
339 4417 403 4472 Vid.
423 4435 496 4488 quae
519 4429 619 4474 monet
642 4423 759 4498 Baumg.
780 4421 896 4476 Orusius
922 4421 953 4473 in
980 4420 1018 4474 cl.
1036 4419 1163 4478 Sueten.
1191 4437 1220 4489 p.
1245 4419 1307 4474 557.
1336 4416 1375 4475 cf.
