2856 5084
212 270 277 337 3⁰2
571 268 786 332 lllCHARDI
812 269 1020 334 BEN'I'LEH

214 434 326 488 bantur.
364 431 454 498 Quid?
472 435 570 486 Iamne
588 434 667 487 vides
685 435 786 501 huius,
800 452 887 504 quem
905 436 1016 500 volunt,
1037 436 1183 489 Oetonarii
1201 436 1367 489 absurdissi-

213 522 290 558 mam
308 505 498 558 sententiam?
533 504 607 570 Quid
625 505 677 558 ille
696 507 784 559 alter:

377 573 434 626 Per
451 583 555 629 terrem
573 576 653 629 sanie
672 577 811 631 delibutas
828 578 909 642 foede
928 576 1109 629 diocesariae?

212 647 295 713 Quid,
325 647 443 711 malum,
471 646 500 698 id
522 646 706 714 lamentatur,
733 648 808 716 quod
833 664 886 715 per
912 655 1018 700 terram
1043 649 1216 700 divexandus
1241 650 1300 700 sit?
1331 667 1366 700 an

212 718 312 770 mallet
327 733 380 786 per
398 732 498 784 uquam
516 735 532 768 a
550 718 667 769 marinis
685 719 798 782 belluis,
817 726 867 769 aut
887 734 940 785 per
958 724 1051 771 uirens
1076 737 1091 770 a
1111 720 1277 772 vulturibus
1296 719 1366 771 dila·

212 789 321 841 cerari?
357 788 441 840 Nihil
467 787 529 839 vidi
554 789 685 840 stultius:
718 799 747 842 et
772 790 904 857 profecto
933 788 989 842 hoc
1022 790 1111 842 etiam
1139 790 1202 841 aliis
1229 792 1363 842 suboluit.

212 859 301 912 Aldus
319 861 397 912 enim
408 859 560 922 Manutius,
578 860 740 923 Lambinus,
760 857 930 923 Scriverius,
944 861 1066 925 Vossius,
1085 869 1119 913 ut
1131 860 1248 925 labanti,
1269 862 1363 924 ered0,

209 931 368 985 sententiae
399 930 612 999 aliquantulum
638 931 831 994 consulerent,
872 930 1024 984 delibutam
1047 932 1199 984 ediderunt
1217 930 1273 995 se),-
1299 931 1363 996 Sed,

211 1009 413 1072 praeterquam
436 1002 512 1068 quod
539 1008 568 1054 et
592 1001 715 1054 Victorii
744 1001 864 1065 codices,
890 1009 919 1052 et
938 1002 1091 1066 Gebhardi,
1115 1011 1145 1054 et
1166 1003 1210 1052 tui
1229 1003 1364 1055 delibutas
1401 1011 1405 1017 '

209 1087 321 1125 summo
340 1080 477 1127 consensu
494 1089 564 1140 prae
583 1089 612 1125 se
630 1074 741 1137 ferant3
772 1089 857 1140 quam
881 1071 929 1122 illi
953 1073 1109 1125 lectionem
1136 1073 1288 1139 inducunt,
1321 1082 1365 1126 est

211 1145 272 1213 ipsa
289 1159 343 1215 per
363 1141 593 1211 seespernanda.
630 1143 756 1195 Veretur
774 1142 852 1195 enim
871 1141 931 1206 hic,
951 1161 987 1196 ne
1001 1144 1121 1196 cadaver
1139 1162 1220 1196 suum
1236 1162 1290 1212 per
1308 1151 1365 1196 ter·

210 1230 273 1266 ram
290 1232 306 1264 a
325 1213 441 1265 canibus
459 1212 643 1265 distrahatur.
676 1213 758 1278 Quot,
780 1228 891 1281 quaeso,
910 1215 974 1288 agri
992 1213 1093 1287 iugera
1110 1217 1228 1282 pueruli
1246 1217 1366 1268 cadaver

209 1285 291 1338 sanie
309 1285 448 1337 delituere
466 1284 581 1352 potuit?
617 1286 708 1336 Immo
727 1299 796 1336 vero
823 1285 919 1353 ipsum
938 1300 1051 1353 corpus,
1078 1300 1135 1336 non
1159 1294 1253 1351 terra3
1288 1287 1364 1354 ipsae

208 1355 349 1424 reliquiae
366 1355 444 1407 sanie
463 1363 492 1406 et
510 1354 574 1406 tabo
591 1353 726 1407 fluebant.
754 1354 839 1406 Vides
858 1354 914 1406 iam
934 1363 964 1407 et
980 1354 1253 1419 huncOctonarium
1268 1357 1362 1408 nihilo

209 1427 361 1479 meliorem
380 1441 448 1490 esse,
469 1442 553 1493 quam
572 1424 658 1476 illum
675 1425 813 1495 priorem.
850 1423 1045 1494 Experiamur
1064 1426 1171 1500 igitur,
1199 1446 1234 1478 an
1254 1428 1365 1496 aliquid

209 1497 304 1549 sanius
323 1496 539 1568 elegantiusque
559 1503 695 1570 exurgat,
723 1496 757 1561 si,
775 1504 809 1548 ut
827 1495 893 1547 sane
912 1495 1024 1562 debent,
1043 1496 1077 1548 ad
1095 1496 1269 1550 Trochaicos
1288 1499 1364 1550 redi·
1405 1497 1409 1507 “

207 1575 316 1642 gantur
331 1559 393 1634 **).
431 1565 525 1634 Atque
543 1582 619 1631 ecoe,
642 1582 700 1618 non
722 1567 809 1640 longe
827 1567 946 1635 petitos:

374 1636 443 1690 Neu
465 1632 621 1705 reliquunt
637 1639 805 1691 semiesas
823 1635 828 1705 Ι
844 1635 1009 1707 denudatis!
1027 1637 1136 1692 ossibus

378 1709 483 1760 Tetra
508 1706 588 1760 sanie
607 1703 768 1775 l'delibutas
783 1704 788 1778 Ι
805 1708 886 1773 foede
910 1705 1097 1778 dioealarier.

208 1798 301 1865 Quid?
332 1813 428 1849 nonne
451 1796 503 1847 hos
527 1796 611 1848 bonos
636 1788 809 1864 septenarios
833 1796 897 1849 iure
916 1797 1024 1866 optimo
1050 1798 1209 1850 nominavit
1227 1799 1363 1852 Tullius?
1392 1824 1397 1834 ·

117 1929 120 1936 ,
207 1869 352 1938 Equidem
380 1867 466 1920 bonos
492 1884 552 1920 esse
577 1883 676 1919 versus
704 1877 733 1919 et
758 1884 827 1920 vere
845 1885 860 1918 a
878 1883 924 1919 me
951 1867 1098 1920 restitutos
1117 1877 1262 1939 praestare
1281 1887 1362 1940 posse

206 1939 323 2006 videor,
352 1955 388 1989 an
416 1937 589 2006 septenarios
615 1946 680 2006 post
707 1936 878 1993 videbimus.
919 1937 981 1990 Neu
1005 1941 1194 2010 manuscripti
1219 1943 1263 1992 tui
1282 1950 1362 1994 recte

207 2011 360 2083 exhibent„
379 2023 438 2061 non
460 2007 520 2061 beu.
564 2008 757 2061 continuatur
779 2008 857 2061 enim
885 2009 992 2073 oretio;
1021 2008 1112 2076 Surge
1145 2012 1286 2079 etssepeli
1309 2029 1361 2076 me,

207 2098 273 2137 nese
290 2082 370 2134 sines
388 2095 431 2132 me
447 2079 617 2133 inhumatum
632 2086 800 2148 putrescere,
820 2094 872 2132 neu
887 2093 905 2128 α
923 2078 997 2145 feris
1014 2081 1095 2145 foede
1114 2080 1264 2134 dilaniari.
1284 2083 1362 2135 Illud

205 2152 278 2220 ‘vero
301 2149 353 2204 beu
380 2151 431 2221 qui
454 2150 544 2220 possit
574 2168 641 2202 cum
667 2150 754 2202 verbo
787 2149 933 2201 infinitivo
961 2149 1109 2224 coniungi,
1139 2153 1236 2203 nullus
1267 2154 1359 2212 video,

205 2227 294 2279 Porro
317 2238 371 2292 pro
396 2222 541 2291 corruptis
566 2221 628 2272 illis
652 2218 785 2272 semiassi
806 2218 887 2286 regis
910 2236 976 2270 cum
1004 2221 1092 2272 metri
1114 2228 1176 2275 tum
1203 2226 1361 2277 sententiae

206 2295 296 2349 ductu
314 2308 422 2362 repono
442 2291 591 2346 semiesas:
610 2309 626 2342 a
644 2291 808 2343 volucribus
826 2306 930 2358 nempe
949 2298 978 2342 et
996 2291 1082 2344 feris:
1104 2310 1159 2361 quo
1179 2295 1249 2362 quid
1269 2297 1361 2364 aptius

207 2374 237 2420 et
255 2362 473 2419 convenientius
496 2363 570 2486 fin&
596 2364 712 2431 potest?
747 2361 831 2413 Vides
851 2360 929 2415 enim
954 2361 1010 2412 iam
1028 2380 1114 2431 quam
1132 2366 1260 2434 apposite
1280 2366 1363 2418 addat

206 2435 357 2492 denudatis
382 2430 497 2490 ossibus.
520 2436 523 2441 ’
563 2449 608 2484 am
635 2431 711 2500 quod
737 2432 827 2484 ceteri
851 2438 950 2502 poetae
977 2447 1100 2485 semesas
1123 2436 1218 2502 potius
1252 2437 1362 2504 dicunt,

208 2611 254 2681 ‘’t)
282 2613 422 2684 Sequitur
439 2612 470 2663 in
488 2611 565 2662 notis
583 2609 715 2666 ineditis:
738 2607 795 2661 Sed
813 2615 839 2661 et
861 2606 984 2664 Victorii
1001 2607 1111 2661 codices
1129 2616 1156 2661 et
1176 2609 1318 2664 Gebhardi
1337 2622 1364 2665 et

276 2687 371 2739 nostri
387 2681 566 2736 delibutas
584 2694 686 2755 summa
704 2693 838 2731 consensu
853 2694 970 2747 praese
987 2679 1088 2742 ferunt.
1122 2679 1210 2734 Vides
1227 2682 1284 2734 iam
1305 2692 1361 2735 etc.

275 2755 387 2815 omissis
405 2750 584 2819 interpositis
603 2749 731 2818 quinque
749 2749 844 2801 lineis.
882 2750 942 2803 ΜΓ.

204 2839 253 2912 **)
277 2845 312 2898 In
330 2841 405 2896 notis
425 2819 527 2892 inede
537 2847 699 2906 sequuntur
715 2838 800 2890 haee:
820 2838 880 2902 „Et
889 2838 962 2890 olim
976 2838 1097 2907 quidem
1110 2840 1151 2891 sic
1169 2840 1360 2913 refingebam:

368 2909 399 2964 N
403 2927 441 2963 eu
468 2907 608 2975 reliquiae
624 2905 629 2977 Ι
643 2909 816 2961 semiesas
831 2905 836 2975 Ι
852 2909 999 2961 denudatis
1014 2905 1019 2976 Ι
1035 2909 1146 2963 ossibus

371 2981 475 3034 Tetra
497 2980 575 3033 sanie
589 2975 595 3047 Ι
611 2979 748 3033 delibatas
762 2976 766 3049 Ι
781 2981 863 3045 foede
878 2977 1074 3045 ‘diselaarien

277 3055 352 3120 Qrae
375 3070 412 3106 ne
436 3069 514 3103 nune
531 3051 649 3121 quidem
666 3051 840 3120 poenitenda
863 3059 925 3103 erat
943 3052 1123 3104 coniectura:
1154 3051 1211 3101 nisi
1229 3051 1261 3102 in
1278 3061 1362 3104 vetu-

275 3125 378 3177 stiores
397 3122 508 3176 codices
526 3121 700 3187 incidissem,
727 3139 850 3191 quorum
868 3120 999 3196 vestigiis
1020 3122 1208 3175 certissimam
1228 3125 1361 3176 emenda-

221 3230 224 3237 ι
276 3196 387 3249 tionem
405 3192 547 3266 indagavi.
585 3194 688 3246 Omnes
707 3193 819 3245 codices
837 3191 906 3245 Neu
924 3191 1039 3256 habent,
1063 3209 1122 3244 non
1140 3191 1217 3256 bem
1247 3203 1276 3246 et
1294 3213 1360 3248 sane

277 3267 484 3320 continuantur
507 3264 559 3316 illa
580 3264 693 3333 priora:
734 3263 827 3330 Surge
852 3269 880 3315 et
905 3264 994 3332 sepeli
1017 3270 1113 3316 uatum
1131 3291 1164 3300 —
1192 3264 1361 3334 Priusquam

280 3342 360 3406 ferae
378 3338 555 3402 volucresque
574 3362 608 3373 -
633 3333 694 3386 Neu
719 3336 854 3404 reliquias
876 3334 909 3387 ed
932 3333 974 3386 eie
1001 3333 1130 3388 &serari
1148 3335 1233 3387 unes.
1270 3340 1360 3389 Porro

279 3425 333 3480 pro
350 3407 505 3461 horrendis
523 3405 593 3470 illis,
618 3405 746 3458 semiassi
770 3405 860 3472 regis,
885 3405 1033 3458 recentior
1055 3414 1153 3458 noster
1170 3406 1256 3459 habet
1271 3409 1360 3460 semi-

205 3510 208 3517 ·
280 3483 341 3536 assi
357 3477 504 3551 eorporis:
523 3485 553 3531 at
570 3475 626 3527 duo
643 3477 806 3541 veterrimi,
823 3491 931 3528 sareas
949 3477 1042 3542 sireis,
1061 3477 1143 3530 nullo
1163 3495 1260 3530 sensu:
1284 3480 1361 3532 unde

280 3552 455 3622 posteriores
479 3547 593 3600 librarii
618 3549 789 3610 remisissem,
817 3547 842 3600 si
860 3547 1037 3616 displicet,
1064 3564 1155 3614 regem
1173 3550 1255 3601 nobis
1273 3566 1360 3619 appo·

275 3629 403 3673 suerunt.
441 3622 504 3695 Ege
521 3634 602 3682 vero,
627 3618 721 3670 multo
738 3618 892 3671 melioret
917 3618 1072 3670 humanior
1090 3635 1207 3688 coquus,
1231 3622 1272 3673 sic
1295 3638 1361 3673 ver-

274 3709 338 3744 sum
356 3691 458 3744 condio
478 3699 507 3743 et
524 3689 661 3742 restituo:

237 3777 240 3783 ·
369 3761 399 3814 N
404 3777 442 3813 eu
464 3759 604 3829 reliquiae
619 3755 624 3829 Ι
638 3759 692 3813 sie
714 3775 807 3813 meas
828 3761 924 3814 siris
938 3755 943 3828 Ι
959 3761 1110 3817 denudatis
1124 3757 1129 3830 Ι
1145 3761 1254 3815 mutue

374 3833 477 3886 Tetra
501 3833 582 3885 sanie
597 3826 603 3899 Ι
619 3829 774 3892 delibutasl
789 3831 870 3898 foede
893 3829 1084 3900 diaelaare'er.
1177 3864 1181 3871 ι

205 3928 209 3935 ·
274 3905 410 3968 Attende,
428 3904 517 3970 sodes,
542 3903 578 3955 ad
595 3901 705 3969 literas,
732 3917 837 3955 sameas
854 3901 941 3956 sireis
968 3912 997 3956 et
1020 3904 1064 3956 sic
1087 3920 1164 3958 meas
1187 3903 1275 3958 siris.-
1301 3921 1360 3957 non

276 3979 355 4032 enim
374 3976 541 4030 coniectura
559 3983 611 4038 est,
630 3975 678 4027 sed
696 3974 812 4046 virgula
831 3973 935 4025 divina.
965 3977 1049 4028 Nosti
1067 3978 1141 4046 apud
1159 3985 1273 4028 veteres
1291 3993 1360 4046 poe-

275 4059 318 4102 tas
335 4065 412 4101 meus
429 4045 660 4117 monosyllabon:
686 4054 715 4098 et
732 4045 813 4109 siris,
833 4044 919 4099 sirint
936 4047 1041 4115 passim
1057 4047 1158 4100 haberi
1176 4057 1229 4117 pro
1247 4048 1359 4113 siveris,

206 4132 228 4141 ”
275 4121 405 4175 maerim.
444 4118 581 4173 Ceterum
606 4116 637 4167 in
659 4133 745 4169 versu
770 4115 893 4169 seeundo
916 4132 971 4188 pro
996 4119 1049 4170 illo
1069 4135 1123 4186 per
1146 4118 1358 4185 terraciensis,

203 4202 209 4212 '
275 4193 352 4262 quod
370 4192 481 4245 codices
507 4188 599 4243 nostri
624 4189 823 4259 compendiose
849 4188 891 4240 sic
909 4187 1046 4242 exhibent
1060 4191 1143 4257 pira,
1172 4191 1259 4243 litera
1277 4208 1297 4259 p
1315 4191 1360 4241 in-

128 4317 137 4331 ,
203 4265 206 4271 '
240 4270 244 4279 '
274 4265 359 4316 ferne
378 4263 532 4327 decussata,
553 4259 623 4331 quid
637 4265 700 4311 *tam
718 4259 885 4331 proximum
899 4260 1003 4313 etreri
1021 4260 1128 4326 simile,
1149 4278 1234 4329 quam
1247 4271 1360 4333 aposta

276 4335 334 4387 seri
355 4343 417 4385 tum
437 4351 494 4386 esse
514 4331 630 4398 tetra;“
649 4340 703 4384 etc.
741 4331 816 4384 Tum
838 4331 938 4406 pergit
955 4333 1036 4385 utin
1059 4334 1140 4403 prius
1160 4334 1257 4387 editis:
1288 4335 1361 4404 quod

275 4352 372 4461 sasiri
388 4402 525 4472 epitheton
541 4407 625 4473 longe
648 4403 827 4471 aptissimum,
839 4409 889 4458 eet·
926 4403 985 4456 Mr.
