2856 5084
524 248 696 355 ''ntuun
725 275 772 369 v,
800 277 850 353 nt.
961 277 968 286 “
1073 271 1078 278 “
1193 274 1283 378 uti

131 459 181 524 'est
201 459 362 542 sapientis
381 461 540 541 ordinum²
562 476 638 521 aum
660 458 710 518 his
731 455 935 533 habitantem
963 463 1278 546 pernoctantemque

130 545 241 605 curis!
269 552 319 621 nt,
341 562 442 623 quum
472 545 578 605 totius
604 538 721 602 mundi
750 547 860 600 motus
883 540 1180 629 conversionesque
1201 559 1278 620 per·
1328 586 1330 591 s

130 627 291 708 sperarit,
312 624 488 707 sideraque
506 623 634 687 viderit
659 621 915 682 Innumerabilia
945 621 1036 682 caelo
1069 621 1279 685 inhaerentia

129 726 206 769 oum
226 710 302 769 eius
320 709 424 790 ipsius
445 715 539 768 motu
567 724 755 790 congruere
782 705 884 764 certis
912 705 1014 765 infixa
1045 703 1195 768 sedibus:
1228 723 1279 766 ee-

131 800 225 872 ptem
244 792 309 854 elia
328 806 406 874 suos
428 808 577 872 quaeque
600 797 716 851 tenera
739 805 869 862 cursus,
892 787 1033 847 multum
1055 787 1147 847 inter
1167 805 1203 848 se
1225 794 1283 860 eut

131 871 310 950 altitudine
331 881 390 933 aut
410 871 598 935 humilitate
620 869 790 945 distantia,
811 887 955 947 quorum
976 869 1054 931 vani
1076 876 1188 935 motus
1208 868 1364 928 retae-²⁴²·

132 965 244 1022 tamen
265 963 300 1016 et
321 963 414 1022 certa
434 956 487 1019 sul
509 972 627 1013 cursus
649 953 756 1037 spatia
779 949 949 1025 definiant.
970 964 1029 997 -’
1060 963 1158 1020 orum
1185 951 1284 1023 nimi·
1314 939 1338 974 ³·

132 1052 209 1105 rum
236 1035 409 1121 adspectus
433 1037 571 1119 ,impulit
601 1033 678 1101 illos
705 1042 836 1097 veteres
866 1042 900 1094 ot
921 1030 1106 1112 admonuit,
1126 1040 1165 1094 ut
1185 1033 1285 1116 plura

133 1127 346 1202 quaererent.
394 1116 475 1183 lude
498 1127 549 1184 est
573 1115 746 1205 indagatio
768 1123 846 1183 nata
866 1116 1042 1177 initiorum
1064 1126 1098 1178 et
1118 1123 1287 1196 tamquam

131 1202 307 1291 seminum,
323 1199 417 1283 ‘unde
438 1207 547 1269 essent
568 1202 680 1262 omnia
690 1208 777 1280 orta,
797 1206 968 1284 generata,
989 1207 1165 1273 concretae
1186 1217 1286 1289 quao-

131 1312 1288 1343 W*

138 1378 313 1446 uideretur.“
349 1384 412 1463 Ego
440 1399 511 1442 uero
539 1384 618 1459 quid,
648 1391 766 1457 praeter
791 1382 819 1436 le
842 1383 922 1436 idum
951 1379 1097 1444 Gebhardi
1122 1381 1153 1433 in
1172 1381 1300 1450 cuium„

134 1454 375 1521 considerandum
395 1455 442 1520 sit,
461 1470 519 1507 non
539 1451 633 1511 video.
653 1455 728 1511 Gud.
746 1402 840 1506 hebed
852 1454 1064 1532 compendium,
1093 1401 1176 1522 quod
1188 1451 1289 1527 legens

135 1528 205 1587 ‹lum
223 1524 341 1585 videtur
356 1531 560 1592 provocantem.
588 1553 622 1572 ,-
659 1526 751 1583 Caras
777 1525 913 1600 intellige
932 1524 1040 1586 studia:¹
1067 1520 1097 1577 h.
1118 1523 1138 1574 1.
1167 1532 1288 1588 naturae

136 1592 424 1666 contemplationem.
446 1594 592 1652 Similiter
610 1595 715 1650 Graeci
734 1603 857 1648 utuntur
874 1610 946 1648 voce
963 1594 1066 1667 μελέτη,
1088 1593 1155 1657 Cod.
1175 1592 1288 1659 Gudz.

135 1668 253 1724 exhibet
272 1674 311 1720 eet
330 1674 391 1727 ant
410 1665 556 1736 capientis,
577 1668 608 1718 in
627 1665 869 1723 antecedentibus.
907 1667 967 1719 Mr.

206 1745 251 1803 nt,
271 1738 477 1808 qanm'totins
495 1737 591 1795 mnndi
607 1738 710 1811 neotus]
731 1737 804 1805 „lta
823 1736 1012 1813 [provulgat.
1033 1742 1064 1788 et
1081 1735 1155 1802 anm]
1174 1733 1288 1807 Gryph,

139 1817 171 1861 et
187 1809 305 1865 Victor.
324 1809 468 1862 Neutrum
489 1808 520 1873 [i.
541 1824 564 1861 e.
583 1825 677 1877 neque
695 1815 733 1868 nt,
761 1824 853 1876 neque
873 1806 912 1872 et]
935 1807 1032 1867 Lamb.
1058 1804 1177 1865 habet.“
1205 1808 1288 1875 Brut.

141 1880 208 1942 Non
229 1879 422 1937 dubitaverim
442 1881 566 1935 abiicere
584 1885 615 1935 nt
635 1897 702 1933 cum
720 1878 851 1933 Bentleio
871 1885 900 1936 et
917 1876 1065 1931 Davisio.“
1083 1875 1171 1939 Bonb,

209 1951 279 2003 (lam
298 1953 382 2009 totins
399 1949 500 2010 mundi
519 1947 619 2014 motas]
654 1948 713 2002 Vul

138 2038 186 2074 sus
212 2022 412 2091 importunam
439 2022 504 2073 iure
531 2020 659 2073 resecult
683 1967 734 2072 (ἓξ
753 2019 918 2082 Remmius,
948 2035 1069 2090 eamque
1096 2018 1190 2077 nescit
1216 2018 1289 2085 llled²
1387 2036 1389 2045 ⁴

137 2094 261 2146 illandus
280 2099 377 2144 autem
396 2089 453 2143 hoc
471 2089 503 2141 ln
521 2090 586 2147 loco
606 2090 719 2146 caelum
737 2087 870 2144 denotata
897 2096 1006 2142 terram
1031 2087 1110 2147 enim
1137 2087 1290 2155 immotam

138 2169 213 2218 stare
233 2162 388 2216 censebant
405 2162 540 2231 plerique
558 2168 706 2224 veterum,
740 2158 887 2235 Virgilius
906 2160 937 2211 in
957 2158 1020 2212 ciri
1039 2177 1082 2223 ve.
1102 2159 1127 2223 7.
1157 2222 1159 2227 ,

302 2232 401 2286 Altino
419 2232 457 2291 ad
474 2229 575 2298 magni
592 2228 737 2291 subtendit*
749 2230 846 2285 sidera
864 2229 975 2291 mundi.

137 2305 181 2358 Ac
196 2322 240 2360 ve.
259 2304 321 2361 218·
525 2301 530 2309 ⁸
1032 2352 1035 2363 .

97 2371 100 2377 ’
289 2374 434 2443 'Respicit
452 2376 490 2428 ad
506 2375 578 2433 culti
594 2371 723 2432 natantia
740 2373 836 2426 sidera
855 2372 965 2431 mundi.

139 2446 186 2499 lta
203 2462 340 2514 persaepe
359 2444 495 2505 Manilius
515 2452 544 2496 et
562 2443 624 2501 alii.
660 2442 733 2496 Vide
752 2443 839 2497 Corn.
861 2443 1002 2501 Severum
1020 2443 1051 2495 in
1069 2441 1163 2509 Aetna
1180 2445 1291 2509 vss.43‚

140 2521 185 2580 69.
206 2524 236 2568 et
253 2515 380 2573 Plinium
399 2510 435 2566 H.
454 2515 489 2570 N.
510 2514 560 2568 lib.
582 2513 621 2565 ll.
643 2530 694 2584 cap
717 2556 723 2570 .
745 2518 769 2579 l,
789 2517 814 2571 4·
850 2514 889 2588 D.

146 2591 149 2599 '
210 2592 267 2649 at,
287 2602 364 2654 mnne
384 2584 434 2650 ..p
470 2581 564 2652 „Inoo
588 2589 660 2639 itate
678 2531 845 2641 adiecerunt
868 2592 898 2645 nt
916 2582 1010 2638 Bentl.
1037 2591 1065 2641 et
1083 2585 1154 2646 Dav.
1173 2585 1228 2643 Est
1248 2585 1292 2657 id,

141 2657 218 2727 quod
236 2656 326 2732 vulga
345 2656 447 2709 dicunt
465 2602 587 2727 exempli
599 2655 733 2724 gratia.“
750 2654 845 2708 Kena.
883 2656 994 2713 Orellio
1012 2656 1208 2717 videturesse
1226 2654 1292 2716 ἀνα-

140 2730 294 2780 antennor:
315 2728 392 2799 quod
411 2727 486 2781 mihi
504 2744 619 2799 quaque
639 2729 680 2781 ita
697 2727 826 2789 videtur,
845 2726 928 2780 modo
946 2745 983 2779 ne
1001 2734 1030 2779 nt
1044 2727 1130 2780 aliter
1149 2729 1292 2801 explices,
1373 2790 1374 2794 Ἰ

139 2796 438 2925 ttttdttttftt.
452 2792 1291 2942 itttttdtltt.t'sitl.int:.⁸.·..E.·.;j“1l·s.¹³ttt
1339 2910 1344 2919 .

139 2946 229 2991 nostr.
249 2941 275 2993 2
312 2937 393 2991 Unus
408 2941 458 2994 Ox.
480 2939 592 2991 omittit
609 2954 701 3009 quana
719 2939 793 2993 alius
812 2938 899 2992 habet
917 2946 1003 2991 metas
1042 2957 1075 2991 ro
1092 2946 1192 3005 neotusf
1230 2941 1292 3003 Me.

210 3009 397 3078 perspexerit]
433 3009 581 3076 „Palatim
609 3017 704 3078 quart.
729 3009 914 3076 prospexerit.
954 2957 1135 3078 vApollonius
1163 3008 1240 3063 libro
1266 3015 1292 3071 1,

139 3080 191 3132 ubi
209 3080 271 3154 agit
289 3078 324 3131 de
342 3078 452 3149 Tiphy,
472 3079 662 3148 npodnrlvnef‘
681 3078 761 3130 Gebb.
792 3078 859 3131 Ood.
880 3080 956 3131 blon.
979 3084 1002 3135 l.
1026 3078 1113 3144 habet
1134 3081 1291 3149 perspexitr

141 3169 178 3204 ex
195 3169 232 3204 ae
253 3150 330 3202 lecto
351 3151 533 3222 compendio.
570 3149 672 3225 Pergit
689 3149 779 3202 Rehd.
799 3152 896 3203 sidera
915 3149 973 3218 qni
981 3152 1071 3216 dene,
1091 3152 1196 3213 omisso
1217 3152 1294 3204 vide·
1315 3204 1318 3210 ,

140 3223 190 3277 rit.
263 3236 307 3274 em
326 3218 416 3273 habet
433 3217 575 3274 berentia
592 3237 647 3293 pro
675 3219 868 3274 inhaerentia.
899 3220 966 3272 Cod.
983 3220 1065 3274 Gud.
1084 3223 1110 3286 2.
1132 3220 1248 3281 exhibet
1266 3225 1293 3281 si

142 3291 259 3360 deniqne
276 3308 331 3361 pro
351 3292 509 3360 sideraque.
548 3290 613 3344 blox
631 3308 705 3344 unus
725 3291 774 3347 Ox.
794 3291 973 3345 certisnisi
989 3293 1075 3357 fian.
1113 3291 1175 3352 Me.

212 3362 321 3430 Septem
339 3362 398 3414 alia
417 3379 479 3415 creos
514 3359 622 3431 tiaeque
636 3368 730 3415 tenere
748 3363 866 3429 curcua]
902 3359 1017 3431 Septem
1046 3362 1114 3414 dicit
1135 3360 1165 3414 h.
1185 3361 1205 3423 l.
1225 3361 1293 3439 pla-

140 3441 235 3485 netas:
266 3449 350 3502 supra
369 3431 391 3487 1.
417 3434 462 3489 28.
490 3381 535 3488 i
599 3435 678 3503 inque
699 3430 795 3485 stellas
821 3432 936 3503 cosdem
963 3433 1138 3497 nominavit,
1164 3434 1293 3501 exeeptis

133 3503 284 3563 ¹videlicet
302 3502 362 3554 sole
381 3512 411 3555 et
426 3504 506 3560 ⁴lirna.
525 3509 562 3573 '‚‚
591 3500 627 3555 al.
647 3511 715 3555 tert.
736 3518 791 3573 qna
810 3501 875 3573 [pro
895 3503 1044 3573 quaeque],
1073 3502 1185 3559 Gembl.
1206 3496 1290 3559 Febr.
1320 3547 1322 3555 ,

142 3573 263 3642 aeque.“
292 3572 374 3632 uest,
403 3600 436 3611 —
472 3575 552 3627 Unus
571 3575 623 3628 Ox.
651 3589 782 3643 saosqne
801 3589 931 3642 quaeque,
958 3576 1033 3626 Mon.
1054 3577 1080 3629 l·
1098 3589 1232 3642 cneoque
1250 3580 1292 3627 te·

142 3659 217 3713 pere,
243 3661 318 3695 unus
337 3645 388 3696 Ox.
408 3660 471 3696 enos
520 3660 648 3714 uaeque,
673 3644 772 3697 Duisb.
792 3661 855 3697 snos
872 3659 998 3713 aeque,
1027 3662 1113 3716 supra
1140 3644 1194 3698 lin.
1218 3663 1290 3714 qmq.

142 3715 198 3766 Est
216 3727 283 3766 euos
301 3728 403 3780 quoqne
421 3715 453 3765 in
470 3664 544 3786 Edd.
562 3717 595 3770 A.
614 3716 645 3769 Β.
666 3711 693 3770 S.
712 3713 749 3765 E.
774 3716 838 3767 Asc.
861 3719 884 3769 l.
903 3715 986 3767 dunt.
1012 3714 1076 3768 Sola
1103 3714 1158 3769 Eu
1178 3715 1245 3772 asc.
1263 3714 1292 3771 i.
1365 3725 1366 3728 ’

142 3783 233 3843 habet
252 3783 405 3850 qnodque.
443 3783 521 3836 lllud
540 3785 665 3854 (qnoque)
685 3794 728 3836 est
748 3786 835 3838 etiam
854 3783 885 3838 in
902 3802 961 3841 uno
980 3785 1029 3838 Ox.
1067 3786 1135 3838 Mox
1152 3785 1207 3839 duo
1226 3785 1294 3845 lati·

144 3852 245 3907 tadine
263 3868 317 3920 pro
335 3851 493 3920 altitudine,
510 3853 566 3907 Ed.
586 3855 620 3908 A.
641 3854 802 3913 valitudine.
823 3856 858 3909 In
875 3873 954 3926 seqq.
974 3856 1043 3910 Cod.
1063 3855 1137 3913 Mon.
1159 3861 1183 3917 1.
1204 3871 1293 3908 rara

144 3932 247 3988 tamen,
265 3921 356 3981 neno.
375 3931 477 3976 recta
495 3930 697 3992 tanten3‘unus
716 3927 766 3979 Ox.
786 3925 965 3991 definiantur,
990 3929 1067 3979 bion.
1087 3930 1112 3979 l.
1138 3925 1293 3991 diffiniant,

135 4013 218 4066 ,quae
243 4001 305 4047 erat
325 3995 564 4067 frequentissima
587 4011 641 4068 per
664 4002 769 4060 totum,
797 3995 874 4064 quod
899 3996 1011 4066 dicunt,
1037 3995 1165 4053 medium
1189 4012 1293 4054 aeuum
1357 4035 1359 4040 .

145 4066 275 4136 scriptio.
312 4062 389 4115 Tum
407 4062 461 4123 ille
479 4063 530 4116 Ox.
550 4065 732 4133 adspectum.
750 4067 838 4117 Marb.
857 4062 955 4119 boram
973 4063 1116 4121 nimiam
1133 4065 1293 4132 adspectum

146 4153 220 4188 unus
239 4136 290 4193 Ox,
318 4134 430 4204 impulit
455 4136 601 4191 dolores
625 4141 749 4200 oeteres;
771 4133 870 4189 Duisb.
892 4133 1003 4203 impulit
1027 4132 1152 4195 heroes
1169 4142 1293 4200 veteres.;

146 4208 222 4259 Mon.
234 4211 258 4261 1.
271 4213 298 4260 et
317 4207 490 4270 admovit,
511 4206 587 4274 quod
606 4213 703 4259 ortam
722 4213 764 4259 est
774 4223 809 4259 ex
821 4205 979 4274 scriptione
989 4207 1119 4259 admdait.
1139 4207 1206 4267 Mox
1217 4206 1295 4265 Gud.

147 4278 199 4339 ta
215 4281 240 4333 l.
253 4293 292 4333 ms.
311 4277 425 4330 indeest
444 4277 541 4344 enine.
561 4274 618 4329 Sed
634 4277 726 4330 altera
744 4293 844 4329 manus
862 4283 1041 4344 postremam
1055 4292 1158 4331 vocem
1176 4278 1299 4349 punctis

146 4349 267 4401 notavit.
304 4346 385 4401 Unus
410 4347 461 4403 Ox.
485 4346 573 4402 habet
599 4345 748 4414 indagatio
773 4351 839 4415 nain
865 4339 1043 4400 aitioraa'n.
1073 4346 1150 4405 Gud.
1169 4352 1194 4417 2.
1223 4351 1296 4409 pade

148 4426 236 4474 ament
254 4419 358 4473 semina
378 4426 462 4473 orta.
500 4416 612 4475 Vocem
632 4423 693 4470 orta
708 4416 913 4495 bisysoript'am
931 4417 1017 4472 habet
1036 4417 1105 4474 cod.
1125 4422 1213 4478 ltarb.
1238 4424 1294 4476 Pro

1007 4526 1069 4586 lt*

735 1964 752 2001 o
770 1955 802 2004 nt
820 1964 881 2000 cnm
899 1948 993 2000 totins.
1014 1947 1069 2001 Sed
1086 1963 1187 2011 vocem
1205 1963 1290 2017 pror.
