2856 5084
562 269 691 333 LIBER
712 268 759 348 V,
781 272 832 341 31.
1224 273 1286 338 193

131 435 291 516 quitatem
311 435 461 498 levitate.
498 433 564 499 Qut
586 434 717 497 tandem
739 437 798 496 isti
819 433 1036 520 grandiloqui
1057 444 1176 498 contra
1201 435 1283 498 bae'c
1300 437 1344 492 89.

132 517 211 596 duo,
233 536 315 600 quae
326 518 468 580 maxime
489 527 626 605 angunt,
648 520 763 581 arelius
785 517 966 595 sehabent,
988 537 1088 599 quam
1099 517 1283 599 Epicurus!

130 703 183 757 Ed.
205 704 277 756 Tbn.
298 713 414 773 recepta
431 713 474 757 est
492 705 595 758 Orellii
607 705 791 766 ,coniectura
810 703 1072 772 deletumquorum,
1091 720 1184 772 neque
1201 707 1284 775 quid·

130 791 218 842 quam
236 775 296 827 eius
314 774 378 827 loeo
398 783 554 847 receptum.
593 775 681 841 Quam
708 775 881 827 medicinam
906 776 978 844 quin
997 791 1050 848 ego
1076 792 1190 844 quoque
1207 778 1283 829 reci-

129 845 568 913 perem,non1nultumabfui.
606 846 667 899 Mr.
835 894 838 900 ,
1077 884 1079 891 .

201 915 421 983 magnitudinem
454 915 591 969 breuitate
624 917 801 980 consolatur,
840 915 1072 983 longinquitatem
1109 915 1284 985 leuitate]

129 984 240 1051 Malim,
266 987 343 1055 quod
365 987 395 1037 in
419 986 593 1038 membranis
616 985 839 1060 Langobardicis
867 985 977 1062 legitur
999 984 1130 1053 ienitate,
1152 995 1186 1038 ut
1210 989 1284 1039 lenis
1396 1043 1402 1056 ‚

131 1054 215 1110 dolor
231 1057 410 1122 minimeque
480 1056 523 1107 vis
542 1055 689 1117 diuturno,
708 1064 741 1107 ut
757 1057 853 1108 brevis
866 1072 980 1130 magno,
1001 1057 1161 1108 obiiciatur.
1182 1059 1282 1111 Horat.

298 1133 363 1178 aaut
381 1142 429 1179 ner
448 1143 465 1178 a
485 1132 511 1179 et
527 1141 616 1192 uoces,
636 1127 735 1195 quibua
752 1124 823 1189 buno
841 1126 944 1180 lenire
956 1127 1090 1195 ‘dolorem
1109 1158 1143 1168 -

133 1205 164 1249 et
186 1204 284 1249 noster
305 1196 355 1250 lib.
376 1197 424 1248 lv.
451 1197 556 1250 barum
574 1197 785 1265 Quaestionum,
810 1197 867 1248 alia
895 1207 991 1248 tamen
1009 1198 1138 1261 notione,
1167 1213 1221 1267 pro
1240 1200 1285 1251 in·

133 1267 284 1339 dulgentia
302 1276 394 1336 atque·
407 1268 575 1319 clementia:
595 1283 676 1335 quaen
696 1267 841 1319 leuitatem
861 1283 912 1319 noe
931 1267 1060 1332 aliumue,
1080 1266 1169 1320 Stoici
1186 1269 1286 1335 vitiose

132 1337 300 1391 lenitudinis
326 1337 437 1390 nomine
465 1338 613 1404 appellant.
651 1339 722 1404 Quia
749 1346 846 1389 tamen
871 1338 921 1390 lib.
940 1339 978 1391 11.
1007 1339 1041 1391 de
1069 1338 1164 1390 Finib.
1191 1339 1286 1393 leuis

135 1409 228 1473 dolor,
246 1408 302 1459 nisi
320 1425 371 1461 nos
389 1409 496 1460 fallunt
515 1409 586 1460 editi
603 1409 683 1474 libri,
703 1409 786 1474 longo
806 1404 971 1478 opponitur,
991 1406 1093 1476 ἐπέχω,
1112 1412 1292 1479 manumque

133 1479 261 1531 abstineo
291 1477 361 1544 [vid.
385 1478 482 1532 locum
506 1481 536 1530 in
562 1497 627 1532 ann.
646 1480 715 1534 Dav.
745 1480 784 1530 Et
802 1488 881 1532 recte
900 1497 929 1532 se
958 1479 1018 1548 ipse
1037 1480 1166 1532 correxit
1184 1478 1304 1545 Sobots

133 1549 229 1616 tus.]“
247 1547 350 1603 Sclott.
386 1550 459 1603 Nod.
486 1549 546 1604 Cic.
568 1550 605 1602 11.
624 1553 669 1606 20.
707 1549 841 1616 „ltidem
865 1566 900 1601 ex
921 1551 1045 1602 Victorii
1069 1551 1133 1604 erui
1159 1551 1284 1618 lenitate,

133 1627 167 1673 et·
182 1636 218 1674 ex
233 1621 361 1676 Vatican.
381 1620 438 1676 Pal.
459 1621 577 1688 quinto:
597 1620 794 1690 indicavitque
812 1619 867 1672 boc
886 1636 1000 1690 quoqne
1019 1638 1054 1672 ex
1072 1621 1190 1678 membr.
1210 1624 1286 1675 Lon·

134 1691 198 1764 gob.
225 1689 374 1756 schottus,
389 1718 392 1725 .
408 1707 580 1760 quanquam
605 1708 671 1743 eum
695 1690 889 1760 deprehendas
917 1690 961 1755 (ut
988 1707 1068 1745 caeco
1095 1692 1182 1744 verbo
1208 1691 1286 1757 utar)

134 1764 265 1816 aetiuare
283 1761 358 1815 libro
376 1762 415 1814 ll.
435 1778 494 1832 cap.
519 1764 561 1816 20.
581 1762 654 1814 Nod.
677 1763 772 1837 Vulgo
792 1761 935 1825 levitates}
953 1761 1035 1814 Gella.
1064 1760 1129 1827 [Pro
1148 1778 1229 1816 caeco
1253 1764 1286 1814 in

134 1832 207 1885 Edd.
229 1833 318 1884 Gron.
338 1833 459 1899 Londin.
478 1832 562 1884 Verb.
583 1832 614 1901 in
633 1843 728 1890 annot.
749 1831 894 1884 Gebhardi
915 1830 1058 1903 scriptum
1079 1841 1121 1886 est
1139 1848 1227 1901 caeso,
1256 1834 1289 1887 in

134 1904 220 1956 Verb.
286 1903 435 1955 insatiam
458 1911 487 1954 et
504 1904 591 1973 plane
615 1904 737 1957 ridicule
761 1903 884 1956 intinere
907 1910 964 1972 pro*
989 1903 1118 1971 natinare
1141 1905 1160 1959 i.
1182 1922 1207 1957 e.
1232 1905 1288 1956 tlu-

136 1919 285 2036 muare]Pe
292 1974 413 2038 „Potius
432 1990 497 2025 cum
515 1974 610 2026 hamb.
631 1982 662 2025 et
681 1978 786 2026 lilanut.
807 1975 946 2026 leuitate:¹
965 1973 1007 2036 sic
1027 1975 1104 2025 enim
1123 1966 1225 2027 Cicero
1244 1982 1288 2026 soi

135 2045 179 2096 let
196 2042 285 2112 loqui.
322 2040 588 2098 Definitum:
618 2041 756 2098 dolor'in
773 2042 979 2112 longinquitate
1002 2043 1110 2106 leuis,
1128 2042 1167 2111 ‘in
1189 2045 1289 2109 graui·

136 2112 304 2167 tole-trevis
331 2116 403 2167 colet
421 2130 489 2167 ease.
526 2114 598 2167 lbid.
617 2114 655 2166 11.
676 2120 692 2169 7
699 2133 707 2167 a
731 2115 759 2168 ei
775 2116 876 2181 grauia
894 2113 994 2179 breuia,
1017 2113 1044 2167 ei
1062 2113 1165 2180 longae
1183 2115 1287 2168 leuior

136 2193 167 2238 et
192 2185 260 2237 alibi
284 2185 478 2254 saepissime.“
502 2183 645 2237 Peareius.
682 2185 837 2251 „leuitate
862 2202 929 2237 eum
957 2187 1029 2236 Man,
1057 2194 1086 2237 et
1109 2185 1205 2237 hamb.
1231 2185 1288 2237 dno

135 2255 224 2308 Codd.
238 2249 260 2307 'e
278 2256 378 2330 regiis,
400 2254 477 2325 quod
493 2264 574 2308 reete
593 2245 876 2326 Pea'rciusnpraefert
893 2247 1012 2328 vulgato
1032 2253 1175 2306 leuitate.“
1194 2252 1289 2307 Lalle·

134 2341 260 2377 mannus.
1185 2336 1188 2341 ⁴
1270 2349 1273 2353 ·

172 2430 175 2436 -
208 2393 438 2463 longinquitatem
456 2386 643 2462 leuitate]⁴
664 2396 777 2459 „Edidi
795 2397 907 2448 levitate
931 2411 985 2465 pro
1010 2385 1142 2461 lenitate,
1162 2402 1197 2446 ut
1221 2406 1290 2448 con·

137 2467 234 2518 iecere
257 2464 427 2531 viri-docti,
452 2466 625 2518 norninatim
641 2467 782 2529 Peareius,
811 2475 840 2518 et
857 2466 943 2518 babet
960 2464 1017 2518 MS.
1039 2465 1137 2518 Gueli.
1174 2464 1290 2518 Alludit

137 2535 173 2588 ad
192 2536 244 2587 illa
262 2535 303 2603 de*
314 2535 414 2587 dolore
433 2538 622 2602 consectaria:
641 2534 670 2588 ai
687 2537 788 2602 longae
803 2536 881 2602 leuia,
908 2536 934 2589 si
951 2539 1051 2602 grauis
1070 2534 1287 2603 brena.“'1lra.

136 2606 247 2658 Laudat
265 2606 311 2659 Or.
331 2604 366 2658 de
384 2605 470 2657 Finn.
489 2607 527 2659 ll.
550 2604 618 2672 [29]
637 2610 687 2671 aa:
715 2607 750 2660 Si
767 2607 1103 2675 graoiejdolon‘dreoia.
1124 2633 1157 2644 -
1183 2605 1211 2658 ei
1228 2596 1290 2675 tou}

137 2692 202 2743 gua,
231 2675 309 2730 leuia.
337 2675 408 2729 Add.
436 2676 471 2728 de
489 2677 617 2742 Fianl.
638 2679 680 2743 12,
699 2681 748 2733 tl:
778 2677 874 2742 Statue
892 2709 925 2720 --
944 2677 1066 2745 aliquem
1083 2681 1290 2744 confectum·-

138 2747 284 2801 doioribue
303 2773 337 2784 -
355 2747 433 2801 nulla
450 2762 498 2814 epe
515 2747 671 2815 proposita,
700 2751 762 2814 fore
780 2749 869 2801 leuius
887 2751 1048 2817 aliquando.
1086 2749 1198 2817 Habent
1221 2748 1291 2802 leui·

139 2823 206 2880 tate,
232 2816 308 2886 quod
331 2818 406 2869 mibi
434 2830 547 2887 quoque
574 2819 795 2888 praeferendum
817 2820 911 2871 visum
937 2827 988 2884 est,
1017 2819 1104 2883 Oodd,
1131 2827 1191 2870 tres
1217 2819 1288 2871 Oxx.

139 2887 214 2941 Gna
236 2891 259 2943 1.
279 2890 305 2943 2·
323 2887 407 2947 tint.
426 2891 452 2944 Ἃ.
472 2888 533 2952 (bic
550 2887 582 2939 in
601 2884 716 2962 marg.)'
728 2888 918 2942 (tutatuta
938 2884 1012 2956 lllon.
1035 2892 1059 2943 l.
1079 2890 1104 2943 2.
1124 2888 1196 2940 Eud.
1213 2892 1290 2955 fiett.

138 2966 205 3013 ante
224 2957 314 3012 Gebh.
335 2955 531 3027 (exceptisV.
552 2966 581 3011 et
602 2959 671 3014 Rob.
683 2957 795 3028 Steph.)
814 2967 877 3011 tum
896 2958 962 3011 inde
981 2959 1080 3010 aLall.
1098 2974 1206 3011 omnes.
1226 2959 1289 3010 Mei

212 3028 266 3093 Qui
285 3029 394 3082 tandem
412 3029 463 3081 isti
479 3028 675 3098 grandiloqui]
711 3029 806 3102 Vulgo
825 3029 896 3097 quid,
910 3028 1042 3080 tandem?
1068 3027 1120 3082 iati
1145 3028 1291 3094 grandilo-

138 3098 412 3224 &utilitia
432 3098 1203 3237 {latitantilttlutttttttfflbffltt-
1219 3100 1289 3175 ¹¹⁹³·

142 3268 147 3275 ·
212 3237 267 3296 Qut
291 3237 411 3303 tandem]
447 3239 491 3291 lta
518 3236 605 3305 codd.
624 3239 664 3290 Re
686 3273 692 3288 .
718 3237 773 3303 duo
798 3240 848 3292 Ox.
873 3256 948 3289 unus
971 3239 1049 3291 Leid.
1078 3238 1161 3304 (teste
1186 3239 1292 3304 Roob.)

139 3311 225 3367 Vind.
246 3317 270 3366 1.
285 3309 383 3379 lllarb.
409 3308 483 3361 (tud.
505 3308 528 3360 l.
547 3311 574 3363 b.
594 3308 655 3361 Reb
676 3346 683 3359 .
710 3307 799 3379 (apr.
819 3309 872 3372 m.)
900 3308 973 3360 Gud.
998 3307 1095 3361 Duisb.
1120 3310 1191 3366 Edd
1218 3310 1306 3363 Dav(

140 3381 187 3434 Or.
207 3378 279 3433 Tbn.
317 3379 433 3449 Reliqui
452 3379 520 3449 quid
538 3379 669 3432 tundent
688 3378 774 3444 „sia
793 3378 834 3430 ait
851 3380 911 3442 Or„
930 3395 989 3430 non
1006 3392 1130 3433 neeesse¹
1146 3389 1198 3443 est,
1223 3397 1292 3433 oon-

137 3461 185 3504 tra
204 3451 289 3506 Godd.
308 3467 405 3503 omnes
430 3459 459 3502 et
476 3450 647 3503 Ciceronem
666 3450 761 3520 ipsum
785 3465 870 3518 supra
887 3447 909 3513 i.
929 3452 973 3502 87.
1001 3450 1118 3521 (reliqui
1140 3444 1246 3504 babere
1262 3449 1292 3503 ei

139 3522 272 3575 adeatur
297 3521 457 3589 angustiae)
485 3521 582 3574 delere
607 3535 639 3572 se
662 3528 728 3573 ante
753 3536 811 3589 seq.
831 3535 893 3583 voc.
913 3516 1045 3573 iubeat.“
1069 3547 1103 3557 -
1131 3518 1292 3574 Admitti

138 3592 323 3660 grandiloqui
338 3591 501 3663 Beroaldus,
520 3591 633 3657 Quales,
652 3591 702 3656 ait,
719 3590 906 3660 Peripatetici
925 3597 954 3641 et
972 3589 1071 3659 Stoici,
1097 3591 1148 3660 qui
1171 3586 1291 3666 grandia

138 3663 301 3729 loquuntur
318 3670 348 3713 et
365 3663 472 3736 gravia.
509 3664 544 3715 ln
563 3663 681 3716 Oratore
699 3659 738 3730 [e.
757 3661 796 3727 5.]
822 3660 1022 3730 grandiloquos
1037 3662 1173 3732 appellat
1199 3664 1292 3734 orato-
1336 3678 1338 3683 ·

140 3731 275 3799 res,.qui-
285 3730 380 3800 ampla
396 3733 603 3801 sententiarum
621 3733 763 3806 gravitate
782 3740 812 3784 et
828 3733 976 3784 maiestate
999 3733 1153 3801 uerborum
1171 3734 1292 3784 fuerunt

139 3802 337 3866 vehementes,
361 3802 448 3866 varii,
471 3803 588 3874 copiosi,
611 3820 723 3879 graves,
747 3802 1007 3873 adpermovendos
1030 3811 1059 3855 et
1083 3803 1292 3855 convertendos

140 3873 251 3925 animos
269 3872 404 3922 instructi
427 3880 456 3926 et
473 3874 599 3942 parati.“
633 3875 796 3941 Utrumque
814 3873 964 3926 Ciceronis
991 3873 1087 3925 locum
1110 3872 1208 3941 laudat
1233 3872 1293 3923 No·

140 3944 208 3996 nius
227 3941 380 4009 Marcellus
402 3960 429 3994 v.
453 3942 649 4012 grandiloqui.
685 3945 771 4018 Legit
794 3952 891 3995 autem
909 3950 1006 3994 nostro
1031 3940 1098 3992 loeo
1117 3939 1192 4007 quid.
1228 3941 1292 3998 Me.

212 4044 281 4100 qaae
306 4031 426 4084 maxime
451 4031 585 4098 angunt]
622 4032 777 4095 „vatican
811 4044 880 4097 qaae
899 4026 993 4094 ,naec
1023 4028 1145 4081 mamma
1163 4035 1291 4096 angant.
1314 4042 1325 4071 s

141 4100 213 4155 Pall.
231 4101 346 4154 secund.
366 4107 462 4170 quarte
516 4115 549 4153 ae
565 4104 685 4154 maxime
708 4100 853 4167 agunl.“
881 4096 962 4159 Getta,
978 4161 982 4167 Ι
999 4101 1080 4153 Unus
1104 4099 1154 4152 Ox.
1181 4113 1292 4169 angan-

143 4179 213 4237 tur,
232 4171 306 4224 Gud.
326 4178 421 4238 agunt,
440 4173 481 4224 lle
502 4171 529 4223 d.
549 4171 656 4235 adeunt,
675 4188 760 4240 supra
777 4169 829 4225 lin.
850 4177 945 4239 agunt.
982 4169 1043 4222 Mr.
1123 4233 1126 4239 Α

181 4279 185 4286 -
214 4241 313 4294 melias
329 4240 429 4296 dabant
480 4241 601 4316 „Vulgo
620 4241 717 4294 melias
736 4256 773 4292 ee
790 4237 894 4292 babeat.
915 4240 1017 4310 Deleri
1034 4256 1074 4293 ee.
1112 4239 1294 4296 Meliaelia·

142 4314 206 4366 tene
223 4314 408 4387 coniungitur
432 4330 498 4365 cum
521 4318 621 4366 contro
645 4309 712 4364 llaec
735 4312 799 4364 duo.
838 4310 894 4363 Sed
911 4310 945 4362 ab
969 4310 1055 4363 initio
1078 4313 1232 4383 coniuncte
1251 4312 1294 4383 le-

143 4383 237 4456 ganda
258 4379 324 4435 aunt
348 4381 439 4438 haeai
463 4384 538 4441 Quid
563 4383 676 4437 tandem
688 4381 752 4436 :aa
769 4380 957 4454 grandiloqui
974 4382 1070 4435 eontra
1099 4381 1165 4437 iaec
1188 4385 1243 4438 dno
1259 4408 1292 4422 -—

172 4512 251 4557 caera
267 4513 331 4557 Tuae.
347 4513 415 4572 Disp.
429 4516 465 4560 al.
481 4515 566 4559 Moser.
584 4509 609 4559 Τ.
623 4514 673 4564 111.
1029 4491 1068 4554 13
