2856 5084
596 296 726 361 nmen
744 297 790 378 V,
811 279 862 364 si.
942 298 945 303 ·
1242 294 1306 362 aas
1350 398 1352 402 Ι

159 465 355 547 sapientem:
387 461 429 525 de
456 464 725 545 sapiente-enim
752 463 835 526 haec
867 461 976 544 'omnis
1005 460 1115 522 oratio
1150 455 1216 534 est,
1250 461 1306 524 cui

157 649 262 699 vocum
286 645 329 700 sic
352 663 402 701 nec
423 645 510 700 facile
529 644 559 696 in
577 645 638 700 sine
655 646 764 698 mutari
789 645 916 715 potuisse
938 643 1096 716 intelliget.
1132 641 1196 693 vid.
1215 643 1304 696 Henr.

157 717 258 787 Steph.
283 718 397 816 Gastig.‘
416 718 448 769 in
472 717 532 836 (dig.
557 719 718 786 p.1otsq.
746 725 776 769 et
792 717 867 768 Bast.
896 715 930 768 de
947 715 1068 768 Ratione
1085 712 1220 765 Emend
1235 715 1304 788 Lag.

159 788 408 844 c.l.n.3.s.‘
443 789 531 841 Bon.

164 882 167 888 ·
208 865 263 911 at
290 807 377 912 animq
390 875 444 913 non
463 857 530 911 sine
563 855 729 926 ignominia.
772 855 935 924 Ignominia
962 855 1076 922 afficere
1095 853 1175 921 cet]
1217 858 1306 920 „Vox

116 944 121 956 ·
156 927 318 995 ignominia
336 931 368 982 in
384 930 510 1002 vulgatis
529 929 619 982 semel
636 937 750 981 tantum
767 929 900 998 ponitur:
931 925 1132 989 etsolentin
1157 942 1189 979 eo
1208 942 1305 979 errare

156 998 281 1065 librarii,
306 1010 349 1066 ut,
377 1000 489 1068 quoties
512 999 590 1050 idem
611 998 781 1053 vocabulum
803 997 984 1099 geminatur,
1011 997 1137 1050 alterum
1161 997 1306 1050 omittant.
1336 988 1341 1000 ⁸

158 1068 326 1123 Geminavit
344 1069 497 1133 Manutius,
516 1077 550 1121 ut
567 1086 662 1122 sensus
681 1077 800 1122 constet.
857 1066 973 1121 hallam.
1002 1094 1003 1097 ¹
1210 1091 1213 1094 ⁴

229 1141 271 1193 At
289 1140 364 1194 enim
375 1142 449 1204 sine,
467 1138 623 1208 ignominia
641 1138 757 1206 afficere
769 1136 934 1208 sumentem]
963 1139 1133 1212 „Intellige'
1145 1136 1307 1192 easilimn.“

157 1211 228 1264 Ern.
264 1212 368 1277 „Haec
393 1219 545 1280 utcunque
569 1209 698 1284 intelligi
723 1217 855 1281 possunt:
892 1209 976 1262 hicet
1008 1210 1168 1284 ignominia
1193 1209 1306 1278 sapiens

157 1279 304 1352 afficiatur
330 1281 440 1336 exsilio.
477 1279 533 1334 Sed
557 1298 590 1335 ea
612 1282 724 1350 sapiens
751 1279 830 1333 affici
853 1295 913 1331 non
936 1288 1038 1349 potest.
1075 1281 1115 1333 At
1142 1280 1214 1332 enim
1236 1279 1307 1332 obii·

157 1353 263 1404 cientis
289 1358 341 1420 est,
366 1368 460 1423 neque
484 1359 579 1404 tamen
600 1350 723 1404 obiectio
748 1357 791 1403 est
817 1350 848 1400 in
866 1349 920 1401 his.
957 1351 1094 1433 [negarim
1116 1352 1229 1419 itaque:
1266 1347 1307 1402 m

159 1424 235 1475 enim
257 1425 317 1477 sine
340 1423 497 1489 ignominia
525 1422 583 1486 (illi
606 1439 621 1475 e
644 1422 714 1474 ressi
739 1420 825 1486 sunt).
862 1421 1023 1487 Ignominia
1046 1421 1171 1487 afficeret
1197 1418 1307 1488 sapien

158 1491 260 1547 tem.2“
277 1491 387 1546 Nissen.
413 1492 529 1545 Billerb.
551 1439 680 1565 intelligi
696 1493 771 1556 vult,
790 1489 903 1544 sinent
921 1493 996 1544 siti.
1017 1510 1045 1561 q.
1065 1493 1142 1545 mitte
1160 1492 1180 1542 i.
1200 1508 1224 1544 e.
1243 1489 1306 1542 noli

158 1563 339 1630 existimare,
373 1562 495 1616 exilium
527 1563 689 1638 ignominia
714 1561 831 1616 afficere
863 1563 1030 1631 sapientem.
1066 1562 1186 1617 Neidius
1215 1561 1302 1614 dicit:

156 1634 247 1706 „Ego
265 1636 363 1687 locum
380 1633 421 1685 sic
438 1633 672 1688 constituendum
688 1642 770 1702 puto:
790 1633 832 1686 At
847 1633 919 1686 enim
935 1649 990 1686 non
1007 1631 1069 1686 sine
1086 1630 1245 1700 ignominia
1255 1668 1263 1685 .
1275 1667 1301 1683 ..

159 1704 358 1771 afficietne
379 1704 552 1771 sapientem?
587 1704 716 1772 Wolfius
741 1702 836 1758 dediti
864 1704 905 1756 At
929 1705 1002 1758 enim
1027 1720 1083 1759 non
1105 1701 1319 1769 simigiensi·

158 1773 210 1827 nia
228 1814 236 1828 .
256 1814 262 1828 .
282 1809 291 1826 .
312 1812 318 1827 .
338 1773 453 1841 afficere
470 1772 639 1843 sapientem?
666 1775 773 1836 ‚addens
791 1774 823 1825 in
840 1773 957 1833 scholis:
981 1790 1040 1828 non
1057 1775 1118 1827 sine
1141 1772 1303 1848 ignominia

160 1853 204 1898 est
231 1845 366 1898 exsilium
390 1845 531 1897 exsulibus
550 1844 631 1898 dicit.
667 1843 841 1909 Ignominia,
868 1862 940 1914 quae
965 1862 1024 1899 vox
1045 1854 1107 1898 erat
1125 1844 1258 1916 repetita,
1285 1859 1303 1894 a

159 1913 288 1968 librariis
306 1914 417 1977 omissi,
446 1915 554 1967 excidit
570 1915 666 1968 brevis
684 1916 782 1984 aliqua
798 1914 938 1968 locutio.“
975 1915 1099 1968 Orellius
1122 1915 1154 1968 ab
1179 1915 1303 1984 optimo-
1394 1958 1396 1963 ,

159 2002 228 2037 rum
244 1985 386 2038 librorum
405 1983 531 2038 lectione
548 1985 634 2056 plane
653 2002 711 2039 non
728 1985 865 2050 discessit,
884 1985 940 2037 nisi
958 1987 1035 2054 quod
1051 1985 1170 2038 lacunae
1187 1985 1211 2038 si
1251 2001 1303 2036 um

157 2056 255 2126 posuit
273 2064 337 2126 post
353 2053 520 2122 ignominia,
540 2055 721 2126 addiditquet
737 2060 739 2064 ’
756 2091 776 2121 „
783 2057 874 2108 Locus
892 2072 1015 2108 mancus.
1053 2055 1102 2109 Sic
1119 2057 1188 2130 Reg.
1212 2002 1300 2108 hieru.

159 2126 212 2178 alii
229 2127 459 2196 praestantiores.
485 2125 558 2180 Edd.
577 2128 607 2179 P.
627 2126 717 2181 Gebh.
730 2125 898 2183 'llanErn
918 2127 970 2195 qui
991 2125 1055 2180 sine
1072 2142 1126 2197 pro
1149 2127 1237 2180 verbo
1254 2124 1307 2177 ha-

160 2197 243 2250 bent:
263 2214 328 2250 sane
346 2204 537 2278 praepostere.
558 2197 645 2253 Godd.
664 2198 785 2267 aliquot,
804 2197 876 2250 Edd.
895 2196 929 2249 Α.
948 2197 979 2251 Β.
1000 2196 1028 2250 S.
1047 2198 1083 2250 Ε.
1102 2197 1135 2257 0.
1152 2199 1186 2249 V·
1203 2200 1241 2249 M.
1268 2195 1307 2249 At

115 2304 117 2309 -
160 2266 235 2321 enim
251 2283 317 2322 non
335 2269 396 2321 sine
413 2265 574 2335 ignominia
591 2267 708 2333 afficere
722 2268 858 2336 poterit
877 2267 1035 2335 sapientem.
1064 2267 1216 2335 Corrupte.
1247 2267 1307 2319 Ma·

158 2339 275 2390 nntium
299 2346 411 2390 secutus
437 2346 481 2390 est
503 2337 588 2404 Lan,
610 2337 756 2393 Wolfium
779 2337 863 2390 Selia.
889 2337 1006 2405 Duplex
1028 2336 1182 2406 supplendi
1207 2335 1307 2388 modus

159 2408 317 2461 succurrit:
336 2407 400 2460 vel:
421 2407 459 2459 m
478 2406 552 2460 enim
569 2406 631 2461 sine
648 2405 817 2474 ignominia.
839 2438 870 2449 —
888 2405 1052 2474 Ignominia
1070 2406 1183 2473 afficere
1197 2406 1306 2476 poterit

160 2477 332 2546 sapientem?
353 2477 402 2530 .ld
420 2485 474 2530 est:
494 2478 559 2542 „At
577 2479 655 2530 enim
672 2478 755 2530 nulla
771 2477 930 2552 ignominia
952 2476 1152 2530 afficiebantur
1173 2477 1307 2561 peregri·

158 2558 261 2604 nantes
285 2548 334 2600 isti
357 2547 535 2617 philosophi,
563 2557 663 2601 contra
690 2566 776 2619 quam
803 2557 845 2601 est
870 2548 902 2599 in
919 2564 988 2600 vero
1013 2550 1119 2613 exsule,
1147 2546 1307 2623 ignominiis

159 2638 227 2672 sane
254 2627 359 2672 notato.
398 2618 500 2671 Nihilo
525 2619 620 2672 minus
645 2635 715 2701 ergo
742 2619 876 2671 exsilium
901 2619 1020 2671 malum.
1056 2620 1218 2688 Respondet
1234 2617 1306 2671 Tul·

160 2691 234 2745 lius:
271 2687 473 2764 ignominiane
500 2689 609 2758 poterit
633 2688 767 2742 exsilium
793 2688 910 2742 afficere
937 2689 1105 2758 sapientem,
1134 2689 1246 2742 etiamsi
1271 2705 1304 2742 re

160 2777 232 2812 vera
252 2761 289 2812 sit
323 2759 413 2826 exsul,
440 2774 499 2811 non
525 2759 728 2834 peregrinetur
751 2776 802 2812 suo
825 2760 985 2813 arbitratu?
1020 2760 1223 2828 Faciuntpro
1250 2758 1305 2813 hae

160 2831 286 2882 lectione
310 2829 397 2883 Codd.
425 2830 672 2898 praestantissimi,
701 2845 756 2884 non
781 2839 846 2882 ante
872 2849 900 2882 v.
926 2830 986 2883 sine
1012 2829 1088 2882 haud
1105 2838 1303 2904 agnoscentes.

160 2900 230 2953 Vel:
249 2903 289 2953 At
306 2899 380 2953 enim
397 2915 463 2954 non
480 2901 540 2954 sine
557 2899 724 2968 ignominia.
745 2932 775 2942 -
813 2900 976 2968 Ignominia
999 2899 1114 2965 afficere
1137 2901 1241 2968 poterit
1258 2914 1305 2953 aa·

157 2971 301 3040 piantem?
337 2971 371 3023 Id
395 2978 449 3023 est:
481 2969 615 3023 Attamen
638 2969 798 3045 ignominia
825 2971 982 3023 comitatur
1008 2971 1123 3023 exsilio..
1161 2968 1306 3023 Exsilium

150 3059 230 3115 <ergo
256 3039 365 3093 malum
388 3049 441 3094 cet.
480 3038 586 3110 Sicque
603 3042 697 3094 Bentl.
716 3041 807 3104 nait,
833 3040 924 3094 erit-a
940 3041 1038 3093 lamb.
1064 3050 1095 3095 et
1111 3041 1186 3098 Oliv.
1211 3041 1306 3093 incul-

160 3121 257 3164 catum
275 3113 382 3164 rectius
401 3110 598 3172 omittentes.“
632 3111 718 3164 Dedit
735 3111 826 3166 Nobb.
852 3115 892 3163 At
910 3113 982 3166 enim
999 3110 1070 3177 sine,
1093 3111 1304 3180 ignominia**

161 3183 275 3248 afficere
300 3181 471 3249 sapientem.-
505 3181 539 3234 de
564 3191 618 3238 cet.
657 3184 691 3234 ln
708 3181 762 3234 Ed.
781 3181 853 3232 Tbn.
882 3191 937 3235 est:
965 3183 1007 3234 At
1030 3183 1104 3236 enim
1127 3183 1199 3247 sine,
1221 3183 1305 3249 igno·

161 3252 259 3307 minio.
296 3252 459 3321 Ignominia
482 3253 597 3317 afficere
618 3251 751 3322 poterit
778 3251 946 3320 sapientem:
975 3253 1008 3304 de
1030 3254 1154 3322 sapiente
1176 3261 1230 3307 cet.
1268 3252 1319 3305 T.

160 3324 262 3376 Baden.
286 3325 319 3376 in
343 3323 460 3379 Seebod.
479 3322 569 3376 Jahn..
589 3333 618 3378 et
642 3323 737 3376 Klotz.
763 3321 875 3376 Annall.
897 3322 1014 3379 Philoll.
1039 3323 1186 3392 supplem.
1210 3322 1244 3375 T.
1264 3321 1303 3375 11.

161 3395 240 3446 Fasc.
265 3397 293 3448 3.
314 3413 343 3464 p.
361 3397 423 3450 357.
444 3394 583 3450 coniicit:
619 3394 658 3445 Aa
684 3391 757 3446 enim
773 3408 828 3446 non
852 3392 913 3446 sine
931 3391 1103 3460 ignominia.
1141 3391 1306 3459 Ignominia

161 3465 339 3530 afficeres
357 3464 529 3533 sapientem?
565 3465 632 3517 Non
649 3460 800 3516 admodum
816 3463 955 3530 feliciter,
974 3464 1086 3532 opinor.
1105 3464 1209 3532 Melius
1226 3471 1306 3516 certe

161 3535 331 3588 coniecisset
347 3534 535 3602 Ignominiam
552 3534 666 3600 afficere
683 3534 857 3602 sapientemi
878 3535 898 3592 i.
918 3551 942 3587 e.
961 3550 1050 3607 egone
1069 3534 1193 3600 credam,
1220 3535 1305 3608 igno·

160 3607 282 3658 miniam
299 3603 379 3675 poise
397 3607 541 3680 attingere
561 3605 736 3674 sapientem?
772 3604 833 3658 Mr.
940 3624 942 3628 ·

232 3691 272 3742 At
295 3691 368 3744 enim
385 3695 445 3748 sine
467 3692 627 3761 ignominia
644 3691 659 3724 *
675 3691 691 3728 *
707 3691 723 3728 *
740 3693 754 3726 *
772 3693 886 3758 afficere
906 3692 1075 3763 sapientem:
1099 3697 1134 3750 de
1151 3711 1211 3766 sap.
1237 3695 1307 3762 cet]

161 3764 206 3816 Ita
230 3761 332 3830 scripsi
356 3778 422 3814 cum
440 3764 486 3816 Or.
515 3765 573 3816 nisi
597 3764 673 3834 quod
698 3772 767 3834 post:
783 3766 941 3832 sapientem
964 3766 1164 3850 interrogandi
1191 3768 1307 3840 signum

160 3849 269 3904 ponere
286 3831 376 3896 nolui,
401 3850 467 3885 cum
485 3835 555 3903 quid
572 3835 604 3887 in
626 3834 730 3886 lacuna
755 3835 791 3900 (si
809 3853 864 3905 qua
882 3834 935 3900 est)
960 3836 1110 3900 excident,
1139 3837 1306 3892 nesciamus.

161 3905 300 3957 Ceterum
317 3902 400 3955 nolui
418 3919 471 3975 ego
489 3905 522 3956 in
537 3905 593 3958 hoc
611 3905 674 3957 loco
692 3904 843 3972 hariolari,
871 3923 938 3957 cum
956 3922 1040 3958 nemo
1065 3905 1157 3957 adhuc
1174 3906 1307 3960 attulerit

161 3973 281 4043 aliquid,
301 3972 377 4042 quod
394 3975 526 4026 veritatis
539 3991 600 4028 non
610 3974 832 4027 similitudinem
841 3983 963 4038 tantum,
982 3975 1031 4026 sed
1043 3973 1168 4044 speciem
1180 3974 1307 4044 aliquam

161 4055 270 4098 remam
300 4044 417 4112 eiusque
440 4052 537 4097 notam
558 4037 629 4114 pra‘e
653 4061 682 4097 se
704 4047 789 4100 ierat.
826 4045 878 4096 Est
902 4053 1007 4110 autem,
1031 4044 1092 4109 (sed
1110 4043 1170 4097 sine
1189 4045 1307 4098 lacunae

162 4117 184 4168 s'
207 4114 256 4179 no)
273 4123 307 4167 ut
325 4114 464 4185 dedimus,
487 4114 520 4166 in
538 4114 624 4168 codd.
643 4116 713 4188 Reg.
734 4115 807 4168 Gud.
829 4119 853 4168 1.
879 4114 940 4178 (hic
963 4115 1033 4169 enin
1048 4114 1172 4167 nonnisi
1189 4133 1206 4166 a
1222 4116 1248 4169 2.
1268 4132 1307 4167 m.

126 4213 134 4229 ·
161 4205 177 4238 a
196 4187 288 4238 ditum
305 4184 402 4246 habet)
429 4192 554 4253 quatuor
578 4186 648 4238 Oxx.
669 4185 741 4237 Gud.
758 4184 950 4238 uuistuom
972 4190 996 4240 1.
1022 4185 1110 4258 Marh.
1136 4185 1220 4246 Bern.
1247 4184 1308 4250 (hic

161 4264 225 4326 post
243 4255 356 4321 afficere
373 4256 460 4308 habet
475 4256 581 4322 poterit
598 4269 615 4308 a
632 4257 659 4309 2.
678 4256 730 4320 m.)
747 4255 832 4307 Vind.
853 4259 877 4308 Ι.
905 4257 939 4309 In
956 4255 1040 4312 Vind.
1060 4258 1086 4310 2.
1105 4255 1186 4309 locus
1204 4263 1249 4309 est
1267 4256 1309 4310 ita

160 4327 364 4397 interpolatum
383 4328 423 4379 Aa
441 4326 515 4380 enim
532 4341 588 4381 non
606 4325 667 4378 sine
685 4325 860 4394 ignominias
877 4325 1022 4392 afficietur
1039 4327 1127 4392 nnita,
1151 4329 1179 4383 si
1190 4325 1309 4395 ,sapiens

161 4396 262 4463 faerit.
290 4397 402 4468 iosap.
429 4397 505 4453 enim
526 4407 581 4453 oet.
617 4396 697 4452 Illud
716 4394 823 4466 poterit
849 4396 977 4452 additum
993 4397 1258 4455 hamiendam.
1278 4400 1305 4454 ².
