2856 5084
148 323 150 326 Α
172 279 213 345 ιο
366 275 596 342 crcunoms
618 249 864 345 rasennam
887 270 1117 343 orsaorsa.

174 441 343 505 conditam
358 414 524 518 traditum
546 452 581 505 et
595 444 663 507 iam
672 443 825 506 ‚heroicis
843 444 1006 505 aetatibus
1017 438 1147 506 Ulixem
1160 451 1194 504 et
1208 441 1327 504 Nesto-

128 526 156 580 8·
178 546 250 586 rem
269 529 457 607 accepimus
479 534 513 587 et
533 528 637 588 fuisse
650 535 684 586 et
704 526 836 587 habitos
857 545 926 587 esse
947 529 1123 606 sapientes.
1159 525 1328 588 Necvero

125 594 152 646 ¹³·
175 608 270 669 Atlas
304 610 471 669 sustinere
506 609 646 684 caelum,
673 627 734 667 nec
769 607 989 683 Prometheus
1020 611 1138 669 affixus
1171 606 1351 694 Caucaso„

181 714 348 725 ..ιι-*-

174 808 242 844 ner:
254 781 313 860 ἀφ’
335 784 367 844 οὗ
382 791 504 859 Ὅμηρος
521 791 538 844 ὁ
556 792 668 859 ποιητὴς
686 767 1017 866 ἕῳᾶνηΙῙῐίῌΔΔΔΔΙΠ
1033 791 1096 857 [643
1107 813 1143 842 =
1157 793 1218 848 997.
1238 808 1263 842 a.
1284 787 1330 854 0]

173 863 366 930 βασιλεύοντος
381 858 507 928 Ἀθηνῶν
524 857 709 930 Διογνήτοο.“
745 862 874 918 Wolfius
893 865 924 915 in
943 864 1050 915 scholis
1070 864 1228 915 Homerum
1246 862 1334 924 dimi-⁴

174 933 221 984 dio
240 933 336 984 seculo
354 934 486 1000 priorem
504 933 640 1005 Lycurgo
664 950 722 985 esse
745 934 909 1002 ponendum
937 942 1046 997 monet,
1073 950 1127 986 nec
1144 948 1213 986 vero
1230 933 1331 1001 paullo

174 1011 241 1055 ante
260 1004 431 1076 Lycurgum
450 1020 474 1053 a.
495 1005 662 1058 880-999.
682 1021 706 1055 a.
727 1002 758 1055 C.
796 1002 837 1054 De
864 1011 974 1072 septem
994 1005 1131 1056 Graeciae
1156 1002 1331 1071 sapientibus

174 1073 331 1147 singularis
351 1080 443 1129 exstat
462 1073 583 1141 scriptio
602 1075 629 1126 J.
650 1073 684 1125 F.
704 1071 822 1134 Reddet,
851 1091 922 1143 quae
949 1073 1133 1126 inscribitur:
1157 1073 1239 1124 Dicta
1258 1073 1332 1124 lllu-
1355 1115 1360 1124 .

174 1146 281 1196 striora
299 1141 417 1211 Septem
436 1143 572 1196 Graeciae
592 1143 769 1212 Sapientum.
797 1143 884 1196 Halae
904 1146 982 1198 1699.
1001 1147 1027 1198 4.
1053 1143 1138 1206 (Octo
1155 1141 1331 1207 Dissertatt.)

143 1248 150 1254 -
174 1213 246 1266 Add.
265 1213 455 1266 Tiedemanni
473 1213 593 1266 librum:
615 1213 908 1266 Griechenlands
927 1213 1058 1266 'ilteste
1071 1212 1330 1282 Philosophen.

175 1286 253 1354 Lips.
275 1287 483 1351 nouemque
507 1283 558 1353 qui
581 1283 929 1353 recentissimotempcre
953 1283 1106 1337 historiam
1130 1282 1331 1354 philosophiae

161 1355 285 1409 ‘veteris
303 1353 491 1421 scripserunt.
529 1355 589 1406 Mr.

247 1426 426 1508 Lycurgum
463 1420 542 1475 cuius
574 1424 743 1491 temporibus
773 1423 926 1485 Homerus
948 1421 1033 1475 etiem
1068 1420 1158 1487 sitisse
1177 1422 1332 1489 traditur]

177 1493 412 1568 Chronologiatm
433 1510 518 1561 quam
536 1494 620 1562 ponit
639 1493 752 1560 Cicero,
771 1493 861 1546 secuti
880 1500 946 1544 sunt
964 1493 995 1558 ii,
1015 1494 1078 1564 qui,'
1094 1494 1333 1562 quemadmodum

176 1565 266 1618 tradit
285 1565 386 1634 Strabo
401 1564 456 1635 lib.
476 1564 510 1615 X.
530 1581 596 1637 pag·
616 1567 674 1619 739.
712 1566 882 1637 Lycurgum
900 1563 1037 1615 dixerunt
1060 1559 1209 1634 ἐντυχόντα
1226 1563 1332 1633 Ὁμήρῳ

175 1635 346 1706 διατρίβοντι
371 1632 402 1686 ἓν
418 1634 478 1698 Χίῳ
503 1639 620 1703 accipet
642 1628 723 1686 πάλιν
746 1635 785 1695 εἰς
807 1653 857 1700 την
882 1633 983 1688 οἰκίαν.
1020 1634 1125 1699 Quibus
1150 1652 1203 1686 cur
1221 1633 1260 1685 Js.
1280 1637 1333 1688 Ca-

176 1707 316 1775 saubonus
333 1721 391 1757 non
409 1705 447 1756 sit
464 1721 599 1767 assensus,
617 1705 726 1769 nescim
780 1706 870 1757 ariter
892 1704 971 1756 enim
998 1707 1090 1757 refert
1113 1705 1282 1757 Plutarchus
1302 1707 1335 1758 in

176 1779 303 1850 Lycurg.
323 1794 359 1846 pa
383 1813 389 1825 .
409 1777 453 1829 39.
478 1792 542 1828 cum
563 1791 617 1845 pro
641 1723 850 1828 nonnulhr‘um
874 1775 1010 1840 opinione
1035 1772 1090 1828 κατ’
1117 1776 1186 1844 ὄψιν
1209 1773 1334 1843 ἐντυχεῖν

175 1840 293 1916 Ὁμήρῳ.
335 1793 391 1898 Adi
423 1846 475 1928 sis·
491 1847 573 1933 ioan.
601 1845 858 1930 Marshamummd
888 1843 966 1900 Sacc.
991 1847 1049 1897 XV.
1079 1846 1332 1930 rerumUAegypt3

175 1915 781 2054 hetthimhtzhffnht,
801 1916 1334 2055 ¹2¹¹„§31tt{idtittthhhhyssh

177 2059 233 2110 τῶν
262 2064 393 2127 Τρωικῶν
418 2053 486 2127 μετὰ
512 2058 555 2122 ἔτη
574 2051 701 2108 γ(ΥἱίΤίί
721 2059 770 2118 ihs„
789 2058 876 2108 Paris.
901 2059 945 2122 ἔτη
970 2076 995 2108 ν.
1022 2056 1098 2127 quod
1125 2057 1334 2127 quinquaginta

177 2129 303 2181 denotat.
341 2127 380 2180 At
399 2128 516 2179 omnino
534 2127 591 2199 leg.
612 2125 794 2194 ὀγδοήκοντα.
832 2129 1001 2202 Lycurgum
1018 2128 1160 2196 γεγονέναι
1185 2126 1250 2181 κατὰ
1269 2125 1335 2188 τούς

101 2213 104 2220 ·
177 2197 356 2269 Ἡρακλείδας
384 2198 484 2249 statuit
500 2193 663 2264 Xenophon
689 2197 723 2248 de
742 2199 811 2266 Rep.
833 2197 933 2250 Laced.
961 2215 1026 2270 pag.
1052 2200 1115 2254 845.
1151 2197 1190 2250 At
1207 2200 1333 2253 Homero

179 2278 298 2322 coaevus
317 2277 450 2320 censetur
467 2268 520 2320 ille
538 2269 717 2340 Legislator3
745 2277 774 2320 et
793 2268 894 2320 Gratus
912 2269 977 2320 vult
999 2271 1064 2337 περί
1087 2265 1137 2335 τὴν
1153 2269 1336 2338 Ἡρακλειδῶν

178 2339 304 2394 aeratos
322 2333 442 2409 Ὅμηρον
471 2337 616 2408 γεγονέναι
639 2333 708 2408 μετὰ
740 2338 784 2404 ἔτη
811 2337 1066 2390 ΟΓΔΟΠΚΟΝΤΑ
1090 2345 1137 2406 τῆς
1158 2336 1239 2392 Ἰλίου
1266 2335 1337 2393 citri-

104 2439 109 2450 ·
178 2427 256 2474 σεως.
294 2409 365 2463 Vide
384 2411 564 2463 Clementem
584 2408 687 2461 strom.
707 2408 729 2460 1.
749 2426 815 2482 pag.
834 2411 897 2464 389.
925 2416 955 2461 et
972 2416 1118 2462 auctorem
1134 2410 1212 2462 vitae
1229 2411 1336 2462 Home-

179 2484 266 2546 ricae,
286 2498 371 2550 qnam
389 2480 527 2548 Dionysio
547 2479 761 2531 Halicarnasseo
779 2479 885 2531 tribuit
903 2479 959 2531 Th.
979 2479 1084 2532 Galeus
1102 2498 1167 2556 pag·
1186 2483 1248 2536 284.
1280 2483 1336 2534 Res

179 2553 297 2605 videtur
314 2551 472 2603 manifesta.
511 2550 548 2602 D.
1063 2550 1069 2601 j

252 2620 338 2674 etiam
355 2619 478 2673 heroicis
496 2618 638 2672 aetatibus
659 2618 769 2674 Ulixem
788 2625 815 2672 et
834 2620 987 2692 Nestorem]
1022 2623 1077 2674 Pro
1095 2621 1184 2674 etiam
1202 2621 1248 2674 Or.
1269 2637 1337 2675 con·
1371 2631 1375 2641 ·

180 2692 251 2745 iecit
270 2698 295 2744 et
314 2692 382 2755 iam,
402 2691 487 2761 quod,
512 2708 578 2744 cum
595 2691 673 2741 nihil
695 2691 780 2761 plane
799 2691 966 2760 mutationis
991 2691 1093 2744 afferat
1116 2692 1190 2760 loco,
1220 2701 1249 2744 et
1272 2709 1336 2744 sen·

180 2764 302 2815 tentiam
320 2762 446 2826 adiuvet,
465 2760 668 2829 recipiendum⁴
683 2761 760 2813 duxi.
798 2761 880 2814 ldem
905 2762 940 2814 ad
965 2760 1085 2815 heroicis
1111 2764 1251 2816 aetatibus
1268 2780 1337 2815 con·

180 2834 241 2886 fert
266 2832 300 2884 de
329 2832 487 2886 Div.1.1:
516 2832 551 2883 oh
579 2828 702 2885 heroicis
725 2832 1010 2900 ducratemporious.
1048 2833 1083 2885 ln
1109 2835 1176 2889 Cede
1203 2833 1287 2885 Vind.
1309 2839 1333 2888 l.

180 2903 440 2964 etiamomittitur,
458 2905 533 2954 hlon.
556 2906 580 2956 l.
604 2902 690 2955 habet
713 2908 748 2959 ei.
785 2903 872 2955 Vide's
898 2898 1030 2956 librarios
1055 2905 1262 2957 violentiorem
1288 2905 1337 2957 ad-

179 2974 308 3027 hibuisse
327 2973 502 3026 medicinam
519 2973 593 3037 loco,
614 2991 698 3042 quam
717 2990 767 3026 nos
785 2991 851 3026 cum
869 2973 988 3028 Orellio.
1013 2974 1081 3027 Cod.
1101 2975 1187 3027 Marb.
1216 2991 1270 3044 pro
1289 2973 1336 3027 he-

180 3046 269 3099 roicis
292 3043 378 3097 habet
402 3045 515 3108 ascicis,
550 3061 624 3095 unus
647 3044 696 3097 Ox.
726 3043 843 3109 erroris,
881 3044 958 3113 quod
983 3046 1139 3098 manifesto
1163 3062 1199 3097 ex
1232 3045 1337 3100 ercicis

181 3125 279 3169 ortum
298 3123 348 3166 est.
369 3115 452 3166 Vind.
475 3120 498 3169 l.
518 3112 636 3166 exhibet
654 3118 685 3167 et
703 3121 819 3168 ante-
839 3113 876 3167 in
894 3113 1017 3168 heroicis
1039 3117 1188 3169 aetatibus.
1225 3115 1338 3186 Scripsi

184 3185 299 3245 Ulixem
317 3202 352 3237 ex
370 3185 456 3238 Codd.
475 3185 558 3238 Bern.
576 3183 652 3236 Gud.
674 3190 698 3239 1.
717 3189 743 3250 1,
772 3185 816 3238 Au
840 3185 955 3240 .Rehd.
981 3186 1077 3238 Duisb.
1098 3187 1171 3240 Gud.
1197 3186 1285 3238 Marb.
1307 3195 1359 3239 et·

180 3273 239 3309 uno
259 3257 398 3382 OxMcum
415 3255 486 3308 Dav.
505 3254 601 3312 Wolf.
622 3255 669 3308 Or.
689 3255 779 3312 Nobb.
798 3202 871 3311 Tha.
907 3258 988 3311 Unus
1014 3258 1065 3311 Ox.
1091 3257 1202 3309 omittit
1228 3256 1337 3327 accepi-

181 3343 252 3386 mus.
325 3344 350 3379 r.
655 3349 657 3355 ’

252 3397 311 3452 Nec
328 3412 392 3451 cero
409 3397 496 3450 Atlas
514 3397 653 3452 sustinere
678 3400 785 3452 coetum
803 3429 835 3442 -
856 3394 913 3453 nisi
936 3398 1096 3452 coelestium
1120 3395 1217 3453 divino
1235 3397 1334 3467 cogni-

181 3469 237 3537 tio]
272 3469 438 3521 Heraclitus
457 3468 491 3520 de
510 3469 621 3535 lncred.
642 3487 703 3539 cap.
724 3471 771 3523 lv,
804 3465 1119 3539 'Artoec.oirhp'copbe
1142 3469 1183 3523 air
1207 3470 1239 3523 'isi
1268 3466 1337 3523 aerei

182 3539 363 3611 ἀστρολογίαν
387 3545 494 3608 πρῶτος
515 3539 701 3607 autumares,
728 3540 925 3610 npoiiymr'dr'
952 3545 1089 3607 χειμῶνας
1113 3541 1161 3591 καὶ
1185 3541 1339 3608 μεταβολὰς

79 3647 80 3650 =
181 3614 290 3682 ἄστρων
307 3611 356 3662 καὶ
373 3609 473 3680 (λύσεις,
493 3606 632 3678 ἓμυθεύθρ
651 3614 747 3683 φέρειν
765 3610 806 3664 ἐπ’
826 3614 911 3678 ὤμων
927 3607 978 3663 τὸν
995 3605 1111 3681 κόσμον.
1142 3613 1207 3664 Pari
1225 3613 1347 3664 ratione-

182 3684 308 3736 fabulam
327 3689 462 3733 enarrant
480 3681 622 3735 Diodorus
641 3682 755 3735 Siculus
772 3682 846 3739 Bibl.
874 3682 926 3733 lib.
946 3680 999 3734 lll'.
1026 3699 1090 3756 pag.
1110 3685 1170 3738 193.
1208 3683 1339 3740 Herodo-

183 3763 229 3806 tus
247 3751 518 3822 apud·Cle1nentem
536 3752 640 3807 Strom.
661 3753 684 3806 l.
704 3752 849 3827 pag.'360·
888 3751 1004 3806 Servius
1028 3753 1063 3805 ad
1080 3751 1152 3805 Aen.
1172 3753 1195 3819 1,
1215 3755 1275 3807 745.
1307 3761 1342 3807 et

183 3825 308 3878 Isidorus
336 3822 415 3896 Orig.
439 3824 512 3888 XIV,
539 3829 564 3880 8.
601 3824 677 3876 Ηὶαο
704 3841 771 3876 eum
803 3821 984 3892 philosophis
1015 3832 1166 3876 accensent
1195 3824 1341 3897 Diogenes,

184 3892 316 3949 Laertius
334 3896 461 3946 Prooem.
481 3892 503 3957 5.
526 3900 549 3951 1.
569 3901 598 3946 et
616 3893 716 3947 Suidas
735 3895 766 3946 in
778 3885 872 3963 Ὦχος.
909 3893 946 3948 D.

254 3965 312 4018 Nec
336 3980 402 4017 vero
420 3964 504 4017 Atlas
528 3963 667 4018 sustinere
692 3965 819 4031 coelum]
857 3963 923 4016 God.
943 3963 1039 4016 Duisb.
1067 3962 1186 4042 qthlans,
1215 3965 1289 4018 Gnd.
1311 3969 1337 4020 l.

184 4035 437 4101 otholoas,1nedio
456 4050 473 4086 α
491 4035 607 4105 punctis
625 4044 731 4089 notato.
751 4037 837 4089 Godd.
857 4038 933 4088 Mon.
953 4040 978 4090 1.
998 4039 1024 4091 1.
1048 4033 1165 4099 Athlas-
1183 4053 1249 4088 cum
1267 4036 1335 4089 God.

184 4109 275 4162 Rehd.
305 4110 340 4160 ln
363 4107 430 4159 cod.
458 4107 530 4160 Gud.
556 4114 599 4159 est
621 4122 684 4158 noa
707 4123 773 4160 vero
797 4122 850 4177 pro
875 4121 935 4158 nec
957 4123 1032 4158 vero.
1069 4107 1111 4158 De
1135 4106 1252 4158 Atlante
1278 4108 1336 4159 vid.

129 4199 136 4205 ·
185 4180 273 4232 etiam
292 4177 371 4232 Ovid.
391 4181 505 4233 Metam.
524 4178 573 4228 IV.
593 4180 646 4232 610
664 4195 724 4248 sqq.
746 4177 819 4234 Plin.
838 4177 874 4228 H.
894 4177 930 4229 N.
950 4178 983 4228 V.
1006 4181 1028 4230 1.
1047 4177 1155 4230 Albric.
1175 4172 1283 4230 Philus.
1301 4179 1339 4230 de

96 4277 107 4282 -
185 4249 269 4301 Deor.
290 4249 438 4331 imaginib.
466 4267 494 4318 p.
514 4252 567 4304 936
586 4265 627 4316 sq.
653 4249 684 4300 in
705 4250 758 4302 Ed.
787 4249 936 4302 Stsveren.
956 4247 1236 4320 Mythographcrum
1260 4249 1340 4300 Lati-

186 4334 313 4384 norum„
327 4319 492 4387 ibidemque
505 4322 586 4375 'van'
601 4319 739 4373 Staveren
763 4338 791 4391 p.
807 4317 874 4376 969.
910 4319 1088 4386 Nuperrime
1115 4327 1246 4372 accurate
1272 4336 1339 4388 per-

186 4398 307 4444 tractata
325 4398 368 4442 est
392 4396 453 4443 tota
471 4389 506 4442 de
525 4389 640 4444 Atlante
664 4391 761 4446 fabula
783 4409 799 4444 a
817 4395 854 4444 lh.
873 4390 926 4447 W.
946 4388 1076 4445 Heffterc
1101 4389 1132 4443 in
1150 4388 1349 4460 Ephemerid.'¹
