2856 5084
182 294 255 362 'tbi
388 289 620 368 CICERONIS
640 289 888 360 TUSCULdN.
902 284 1138 360 'DISPUTAOE
1231 327 1242 349 a

128 463 173 520 et.
195 456 358 522 tunditus'
373 456 552 531 eiiciendae
579 459 721 541 putavit.
763 459 839 521 Hoc
866 462 939 524 loco
964 461 1068 523 multa
1096 460 1137 521 ab
1168 460 1344 542 Epicureis

197 541 421 625 disputantur,
444 561 565 624 eaeque
585 543 773 624 voluptates
794 542 988 626 singulatim
1000 551 1240 610 extenuanturt
1263 564 1347 626 qua-

158 640 170 675 ·-
195 644 271 686 rum
287 626 410 710 genera
431 642 498 685 non
516 622 751 686 contemnente·
771 632 936 705 quaerunt
959 634 1076 686 'temen
1091 627 1236 706 copiam.
1256 625 1346 687 Nam
1379 692 1382 701 ,

196 716 231 769 et
251 706 428 781 obscoenas
453 704 656 788 voluptates,
672 704 727 767 -de
754 707 873 787 quibus
899 705 1007 768 multa
1035 706 1075 768 ab
1103 708 1172 768 illis
1199 707 1347 770 habetur

266 890 368 945 eaeque
384 872 713 943 voltaeptatsseingulatim
731 875 940 942 extenuantem]
959 873 1110 928 Sentenius
1128 874 1163 927 ad
1174 875 1345 933 Terentiam.

194 948 285 999 Maur.
304 964 333 1016 p.
352 949 413 1002 281.
432 946 529 998 locum
544 954 676 998 nostrum
694 953 813 1020 tangens
831 944 916 998 haec:
944 945 1073 1009 „Laudat
1091 944 1162 998 haec
1179 946 1267 999 verba
1284 949 1347 999 Mu·

195 1025 274 1069 retus
302 1016 336 1068 ad
353 1016 438 1071 Catil.
463 1016 532 1072 1.·1.
552 1033 584 1086 p.
604 1018 664 1072 366.
694 1015 828 1069 Garatom
853 1025 886 1068 ut
909 1017 1125 1080 Rixamarum,
1143 1016 1197 1070 sict
1231 1016 1346 1086 Hacque

195 1088 345 1155 uoluptates
362 1085 531 1155 singillatim
550 1091 742 1151 extenuamur,
772 1093 802 1139 et
826 1085 868 1140 sic
890 1086 1030 1156 scriptum
1053 1087 1182 1210 agnoscit
1198 1086 1250 1139 Ed.
1272 1088 1342 1158 Vcn

195 1160 281 1213 1472:
312 1157 390 1227 quod
415 1165 569 1227 ortum-ex
597 1156 709 1210 solenni
735 1156 922 1225 librariorum
952 1157 1064 1209 scriben
1085 1157 1095 1208 i
1123 1173 1212 1221 inore,
1240 1157 1290 1226 qui
1315 1166 1347 1210 et

195 1245 293 1280 meum
310 1228 439 1280 codicem
457 1226 575 1292 obsedit,
593 1225 701 1296 bneque,
719 1226 843 1280 Romana
863 1231 939 1283 1471.
959 1225 1053 1296 leque.
1090 1227 1158 1293 Quis
1179 1226 1270 1301 igitur
1286 1242 1347 1278 non

195 1299 279 1351 malit
304 1298 386 1367 sequi
412 1298 561 1350 Davisium
585 1305 615 1350 et
636 1298 802 1362 Ernestum,
830 1298 891 1367 qui,
917 1313 1016 1368 eaeque
1040 1299 1199 1371 vulgantes,
1229 1314 1347 1349 versum

195 1368 296 1423 saltem
315 1369 409 1419 minus
426 1367 551 1420 reddunt
567 1370 717 1437 apertum?
751 1368 805 1420 Est
820 1377 971 1438 praeterea
994 1386 1082 1438 prava
1099 1369 1192 1421 somna
1210 1367 1348 1436 singilla-

195 1441 254 1493 tim.
290 1438 438 1490 Editiones
459 1438 606 1508 principes
627 1436 734 1490 babent
755 1438 872 1508 quidem
900 1437 1065 1507 sigillatim:
1097 1439 1147 1491 sed
1168 1438 1286 1491 omnino
1311 1438 1347 1490 ei

196 1525 260 1561 meo
277 1506 346 1571 Cod.
364 1508 562 1579 recipiendum
579 1507 752 1575 singulatim.
789 1508 845 1563 Adi
863 1508 995 1561 Curtium
1011 1510 1045 1562 ad
1063 1508 1179 1562 Sallust.
1199 1506 1284 1561 catil.
1299 1510 1346 1574 49,

194 1581 228 1644 43
250 1578 323 1631 licet
340 1577 373 1631 ab
393 1596 426 1632 eo
451 1579 600 1631 dissentiat
618 1578 833 1648 Oudendorpius
857 1579 890 1630 ad
907 1578 1026 1632 Sueton.
1045 1578 1119 1652 Aug.
1140 1596 1164 1631 c.
1184 1578 1234 1635 9.“
1270 1579 1347 1633 Scri-

194 1643 416 1718 bitur'lsaeque
442 1649 473 1700 in
496 1648 567 1701 Edd.
590 1657 655 1700 ante
681 1646 771 1700 Gebh.
796 1647 935 1717 (exceptis
957 1649 985 1704 S.
1009 1650 1043 1701 E.
1073 1658 1102 1701 et
1126 1650 1262 1716 HWolf.)
1288 1665 1346 1704 uno

196 1717 263 1771 (lod.
284 1719 337 1782 Ox.
353 1718 443 1772 Rebd.
463 1718 546 1771 Vind.
567 1721 599 1783 23
618 1718 651 1769 in
670 1717 744 1773 Gud.
763 1718 850 1771 blarb.
868 1718 964 1771 Duisb.
985 1716 1153 1791 estherque,
1173 1720 1206 1771 in
1223 1721 1298 1778 Gud.
1318 1722 1344 1776 2.

196 1790 297 1859 eique,
317 1789 349 1840 in
366 1792 441 1846 Mon.
462 1793 487 1843 1.
507 1790 628 1858 sicque,
653 1787 685 1839 in
702 1788 828 1846 moon
853 1787 950 1857 eique.
988 1790 1049 1842 Mr.

196 1930 249 1982 cod
266 1859 437 1982 aaut
460 1854 1345 1997 stemate‘tutta”etz-‘tmattatum·

195 2001 267 2054 dunt
291 1999 419 2053 Lambin.
444 1999 513 2063 Pell.
539 1947 606 2053 tiri.
632 2000 727 2069 quint.
752 1947 903 2065 Vaticaguf‘
929 1997 1010 2054 Geel.
1048 2000 1199 2054 Meliorem
1224 2003 1348 2055 formam

196 2071 295 2141 recepi
319 2089 384 2123 cum
408 2068 553 2124 FAWoli.
582 2068 666 2123 Scbu.
695 2069 742 2123 Or.
771 2085 806 2120 ex
829 2069 937 2122 duobus
964 2070 1033 2122 Oxx„
1059 2074 1134 2125 Mon.
1159 2076 1184 2127 l.
1211 2074 1237 2127 l·
1260 2072 1345 2125 Rern.

196 2142 226 2208 (a
243 2145 268 2197 2.
288 2139 339 2202 m.)
357 2139 429 2194 Edd.
449 2139 477 2192 S.
496 2140 530 2192 Ε.
551 2142 584 2191 V.
604 2140 671 2193 Rob.
693 2136 793 2213 steph.
810 2140 907 2194 Hcrw.
927 2144 953 2195 2.
975 2149 1004 2193 et
1022 2159 1111 2216 marg.
1130 2142 1188 2196 MS.
1202 2143 1261 2214 Ed.
1281 2143 1346 2196 Asc.

196 2220 308 2265 nostrae
328 2215 353 2267 2.
389 2211 502 2263 Habent
528 2209 700 2279 singillatim
722 2210 791 2282 aeg.
817 2208 893 2275 (sine
921 2210 1023 2276 dubio')
1051 2212 1124 2265 cut.
1151 2215 1224 2269 1.t.
1249 2214 1345 2268 Duish.

197 2282 270 2339 Gud.
287 2282 373 2336 Rern.
394 2280 421 2346 (a
440 2278 691 2404 l.·1n.)quinque‚
711 2287 744 2331 ut
761 2278 887 2346 videtur,
907 2281 989 2347 oxa,
1007 2282 1079 2337 Edd
1099 2283 1182 2337 c.1..
1202 2283 1299 2337 Herw.
1322 2288 1346 2340 l.

197 2350 288 2407 Gebh.
315 2353 385 2409 Dav.
408 2351 478 2404 Ern.
506 2350 595 2404 Ncbb.
647 2352 710 2415 bn.;
740 2350 896 2418 sigillatim
918 2352 1038 2422 reliqui.
1081 2355 1161 2407 Unus
1189 2354 1237 2407 Ox.
1262 2354 1347 2408 babet

196 2422 454 2548 gnie'i'ii'bffii}
468 2421 555 2474 habet
573 2427 753 2487 contemnunt,
782 2423 884 2475 omisso
902 2438 966 2489 non,
990 2423 1067 2493 quod
1084 2424 1192 2478 excidit
1209 2425 1297 2479 etiam
1316 2426 1347 2477 in

220 2511 237 2547 0
257 2532 264 2545 ι
309 2513 353 2546 uls
373 2531 379 2544 ·
455 2509 479 2548 Υ.
640 2548 643 2553 ,

202 2568 205 2575 “
255 2565 409 2686 Ὀααινῧηὶ
425 2570 517 2617 tamen
534 2556 658 2631 copiam]
687 2562 731 2616 Ol.
756 2562 887 2616 Bentleio
904 2563 1009 2633 placet,
1032 2580 1081 2618 nec
1105 2572 1238 2635 quaerunt
1256 2572 1349 2622 tamen

89 2650 92 2656 ·
197 2651 229 2688 co
249 2651 315 2687 sam.
383 2672 390 2686 .

227 2651 247 2703 p
270 2707 410 2762 Quotam
432 2710 522 2756 tamen
545 2704 667 2772 copiam]
705 2706 816 2771 „Plane
840 2703 985 2758 contraria
1013 2704 1084 2758 baec
1107 2714 1172 2761 sunt
1195 2706 1240 2771 iis,
1272 2724 1347 2776 quae

198 2776 281 2829 modo
300 2775 375 2829 dixit
384 2775 497 2840 Cicero,
516 2774 675 2844 Epicureos
690 2778 829 2830 videlicet
846 2783 1043 2846 contemptum
1061 2777 1240 2847 voluptatum
1258 2779 1350 2830 simu·

197 2846 279 2900 lasse.
325 2848 392 2899 Non
427 2846 521 2921 igitur
546 2846 746 2916 improbandae
774 2847 897 2902 Bentleii
922 2848 1101 2900 coniecturae
1125 2864 1189 2901 non
1212 2856 1347 2918 quaerunt

198 2925 297 2982 tamen,
321 2918 371 2970 vel
397 2923 568 2984 spernunt
593 2922 692 2974 tamen.
730 2918 785 2972 Sed
803 2919 945 2989 scriptum
962 2918 1021 2971 fuit
1039 2920 1157 2971 fortasse
1175 2936 1191 2970 a
1208 2918 1346 2973 Cicerone

197 2986 345 3042 baereat
372 2992 464 3040 tamen
482 2987 631 3058 quippiam.
669 2989 750 3042 Certi
766 2998 864 3043 tamen
882 2989 959 3041 nihil
977 2990 1009 3041 in
1027 2989 1157 3042 omnium
1175 2989 1262 3046 Godd.
1282 3007 1348 3043 con·

198 3077 281 3112 sensu
298 3068 393 3129 potest
411 3059 529 3109 statui.“
548 3057 637 3112 Bouls.
786 3113 791 3129 ,Ι
960 3105 966 3123 (

269 3145 334 3183 nou
358 3134 496 3197 quaerunt
521 3135 613 3182 tamen
636 3130 759 3198 copiam]
796 3132 941 3206 „Negatio
959 3146 1024 3197 non,
1043 3129 1075 3181 in
1091 3129 1219 3206 vulgatis
1237 3133 1346 3198 omissa,

199 3199 355 3252 necessaria
384 3207 426 3251 est
452 3216 488 3251 ex
512 3200 661 3262 sententia.
699 3201 759 3252 Alii
784 3204 897 3254 malunt
921 3218 981 3268 nec,
1010 3217 1062 3274 ego
1087 3202 1152 3268 non,
1182 3211 1216 3254 ut
1242 3202 1347 3257 clarius

198 3270 647 3396 tt⁰t³ft..ttt⁰tittt.tt
672 3272 1348 3412 tlt‘tlttiieltaeittt..itatis

199 3412 325 3466 obsecuti
343 3420 409 3464 sunt
426 3412 508 3481 Bipp.
528 3412 643 3464 Mannh.
664 3413 768 3476 Ncbb.,
786 3430 840 3466 nec
857 3381 927 3465 verb
937 3413 983 3465 Or.
1005 3420 1034 3465 et
1048 3413 1119 3465 Tbn.
1140 3430 1263 3482 quorum
1282 3382 1346 3468 illei

199 3483 322 3549 „Sensus
342 3491 397 3534 est:
422 3482 548 3552 singulas
566 3484 726 3551 voluptates
743 3486 902 3536 'extenuant
909 3503 919 3547 ε,
943 3500 1049 3556 genera
1066 3483 1128 3552 ipsa
1145 3501 1203 3536 non
1222 3492 1348 3538 contem-

199 3563 273 3606 nunt
292 3555 347 3617 (est
365 3553 441 3605 enim
460 3549 546 3619 idom}
567 3571 709 3605 summum
734 3571 834 3608 eorum
850 3554 983 3614 bonumir
1011 3554 1051 3606 ita
1075 3562 1171 3607 tamen
1197 3565 1347 3623 quaerunt,

200 3624 225 3677 si
248 3625 307 3675 siut
332 3624 417 3676 facile
432 3624 596 3694 parabiles,
625 3642 718 3695 neque
741 3626 843 3682 obsint.
864 3657 896 3668 -
934 3622 1051 3695 Copiam
1076 3643 1142 3679 sane
1167 3627 1348 3697 voluptatum

200 3695 436 3765 quammaxime
461 3696 633 3764 quaerebant
656 3694 841 3766 Epicurei.“·
868 3695 911 3749 Ad
939 3712 1010 3767 qstae
1034 3695 1153 3749 Billerb.
1178 3698 1347 3760 lanmusuaies

198 3765 343 3832 ‚,itane‘.’“
378 3765 441 3838 Ego
460 3774 556 3818 autem
574 3783 639 3818 cum
658 3767 763 3820 duobus
782 3767 841 3818 illis
858 3767 931 3820 viris
955 3768 996 3819 ita
1014 3767 1190 3842 invulgata,
1216 3776 1349 3838 quaeest

199 3837 329 3888 omnium
356 3836 497 3888 librorum
528 3836 668 3906 (quamvis
696 3846 788 3899 taceat
816 3838 1027 3890 accuratissima
1057 3840 1206 3908 ceteroqui
1234 3840 1348 3892 collatio

199 3907 284 3962 Oodd.
305 3907 370 3960 Gud
400 3912 423 3960 1.
443 3909 493 3972 2),
513 3909 672 3978 acquiesco,
695 3916 729 3959 ut
746 3907 822 3959 haud
840 3909 987 3961 absurdam
1001 3963 1004 3969 ,
1016 3908 1181 3962 existimem
1204 3911 1349 3963 coniectu-

200 3996 260 4030 ram
284 3979 365 4031 Hier.
384 3979 492 4032 Wollii
516 3980 546 4031 in
570 3996 631 4031 mar
653 3979 717 4030 ine:
748 3981 867 4047 quaram
887 3989 1000 4047 'genera
1022 3984 1098 4033 cum'
1119 3987 1347 4047 contemnant,

180 4045 333 4119 'quaerunt
360 4056 452 4102 tamen
476 4050 591 4118 copiam.
633 3997 671 4101 ln
698 4049 804 4102 duobus
828 4050 913 4105 Codd.
938 4064 996 4104 esse
1022 4058 1132 4120 quorum
1154 4064 1274 4118 genera·
1288 4068 1350 4105 cou-

199 4127 331 4186 semaam,
351 4125 483 4190 quaesunt
502 4129 593 4174 tamen
611 4120 730 4188 capiam,
747 4121 846 4190 paullo
862 4124 993 4192 superius
1011 4123 1082 4175 dixi.
1096 4122 1164 4176 God·
1179 4123 1252 4176 Gud.
1263 4122 1349 4176 babet

198 4197 433 4243 contemnuntur.
470 4192 529 4244 Mn.
1266 4231 1268 4237 .

268 4264 355 4315 multa
374 4264 408 4315 ab
430 4263 490 4316 illis
517 4259 633 4315 labetur
658 4262 767 4327 oratio]
804 4265 883 4316 Unus
902 4265 952 4316 Ox.
973 4263 1084 4316 omittit
1104 4265 1137 4316 ab
1165 4262 1236 4329 illis,
1259 4263 1348 4317 Rehd.

198 4329 284 4384 habet
302 4333 336 4387 ab
355 4333 454 4393 aliis;
478 4331 552 4384 Gud.
571 4335 598 4387 l.
619 4334 730 4386 omittit
745 4335 842 4386 nauita.
869 4334 974 4388 'Scribi
999 4335 1030 4384 in
1049 4334 1246 4405 compluribus
1264 4335 1350 4388 Godd.
1378 4365 1383 4375 ι

199 4404 258 4465 faci
265 4404 276 4455 l
282 4402 329 4469 is,
355 4401 529 4468 communis,
556 4405 674 4472 quisque
701 4405 889 4471 exspectabit:
916 4405 965 4458 sed
989 4404 1020 4456 in
1038 4405 1121 4463 Vind.
1143 4410 1167 4461 l.
1194 4415 1236 4460 est
1254 4404 1351 4471 facilit
