2856 5084
516 331 521 339 ¹
589 253 718 315 umus
739 251 846 330 us.
892 306 898 313 .
1249 258 1293 322 ts

134 419 239 497 sentit
256 418 336 481 hoc:
358 425 454 501 putat
475 418 575 496 enim,
603 419 756 481 etiamsi
782 416 972 481 tithonum
992 417 1124 500 aliquod
1152 428 1291 501 praeter

133 504 307 564 virtutem.
350 502 400 563 M.
423 499 510 564 Quid
537 500 666 586 igiturl
697 509 818 563 contra
837 499 1025 561 Brutumne
1044 521 1097 562 me
1118 501 1293 566 dicturum

133 582 249 665 putasl
292 583 332 648 A.
356 584 409 646 Tu
443 601 538 660 vero,
571 594 611 649 ut
640 582 794 647 videtur:
824 600 901 643 nam
933 582 1113 663 praefinire
1146 605 1212 647 non
1238 594 1292 649 est·

130 660 251 732 meum.
294 666 343 731 M.
367 663 453 731 Quid
475 669 594 748 cuique
615 669 723 750 igitur
744 673 1003 729 consentaneum
1025 666 1080 737 sit,
1112 665 1180 727 alio
1201 669 1286 735 loco.
1306 685 1350 741 22.

129 750 217 812 Nam
239 752 303 811 ista
324 751 407 812 mihi
430 756 464 809 et
486 768 562 811 cum
582 749 749 811 Antiocho
771 768 880 829 saepe,
904 756 938 810 et
959 767 1034 809 oum
1051 747 1209 811 Aristone
1230 771 1291 814 nn·

129 852 202 914 per,
225 853 326 914 quum
347 833 487 896 Athenis
508 837 697 914 imperator
719 830 808 913 apud
831 851 906 893 oum
926 829 1139 908 deversarcr,
1163 830 1292 895 dissen-

131 1019 189 1073 hoe
204 1037 308 1074 nomen
322 1022 353 1073 in
363 1021 459 1074 veteri
470 1019 568 1072 codice
584 1018 704 1091 legerat.
725 1017 939 1072 Dubitationem
958 1034 1071 1072 omnem
1084 1019 1197 1086 eximit,
1217 1021 1294 1090 quod

132 1090 212 1144 addit
231 1092 343 1158 Cicero,
362 1091 485 1144 Athenis
511 1107 540 1142 se
559 1088 746 1142 deversatum
760 1089 839 1160 apud
857 1091 980 1142 fratrem
998 1089 1150 1144 Antiochi:
1180 1099 1209 1144 et
1229 1090 1295 1144 Ari-

132 1171 209 1214 stum
227 1161 375 1232 hospitem
394 1179 479 1213 suum
496 1168 580 1213 vocat
597 1161 678 1212 Brut.
698 1163 742 1214 97.
780 1161 857 1213 Haec
876 1159 1029 1212 Lambinus
1047 1161 1105 1213 iam
1124 1171 1153 1214 et
1171 1161 1294 1215 Fulvius

132 1233 257 1286 Ursinus
275 1232 423 1286 viderant:
444 1239 473 1283 at
491 1248 552 1285 non
569 1231 784 1302 explicaverunt
803 1231 904 1284 satis.“
922 1228 1054 1284 Bouhier.
1091 1232 1217 1298 „Aristo
1233 1232 1296 1304 pla·

133 1313 181 1356 cet
205 1303 321 1356 Darisio
347 1311 376 1356 et
399 1302 538 1356 Buherio.
571 1319 625 1354 nec
652 1300 728 1354 mihi
749 1301 897 1372 displicet.
935 1303 1010 1354 Nam
1037 1311 1066 1354 et
1090 1305 1176 1356 Acad.
1196 1304 1246 1357 lv.
1266 1307 1293 1360 t.

134 1373 247 1426 Aristus
267 1383 296 1427 et
313 1375 410 1426 Aristo
430 1380 600 1425 occurrunt:
621 1371 735 1424 sedhic
754 1371 963 1448 intelligendus
982 1381 1025 1424 est
1042 1373 1294 1441 fraterAntioohi,

135 1445 188 1514 qui
206 1446 264 1497 fuit
281 1443 402 1500 Aristus.
422 1444 485 1499 vid.
506 1444 540 1496 de
559 1443 625 1495 Fin.
645 1444 678 1493 V.
697 1442 748 1498 3.“
775 1442 844 1497 Bru.
880 1443 989 1514 Recepi
1015 1444 1173 1499 rationibus
1197 1446 1294 1498 allatis

132 1524 282 1583 permotus
301 1514 402 1568 Aristo
421 1532 486 1567 cum
505 1514 578 1570 Lall.
597 1515 669 1579 Ern.
690 1531 769 1584 seqq.
791 1525 834 1566 ex·
846 1522 971 1584 quatuor
988 1514 1156 1568 Codd.Oxx.
1176 1516 1295 1586 Reliqui

130 1585 238 1639 habent
262 1586 404 1652 Aristone,
432 1587 490 1651 nisi
515 1585 592 1655 quod
616 1584 648 1636 in
667 1583 742 1637 Gud.
763 1588 788 1640 2.
816 1594 858 1638 est
877 1585 1060 1638 aristotene
1086 1593 1112 1639 et
1136 1585 1293 1646 Antiioco

132 1657 212 1724 (sic);
232 1658 263 1710 in
280 1657 380 1710 Duisb.
400 1654 540 1711 Antiocho
558 1662 584 1708 et
603 1655 749 1718 Aristone,
769 1657 801 1707 in
818 1659 894 1709 ltlon.
918 1661 941 1711 l·
961 1655 1099 1724 Aristone
1117 1665 1143 1711 at
1161 1657 1293 1712 Anthios.

130 1728 173 1782 De
192 1727 329 1784 Antiocho
347 1727 523 1792 Ascalonita,
544 1743 558 1778 e
578 1744 652 1779 nova
669 1726 831 1793 Academia,
857 1727 972 1780 dicendi
996 1726 1186 1798 peritissimo,
1213 1729 1296 1784 Cice·

132 1800 212 1852 ronis
237 1807 265 1852 et
281 1800 366 1852 Bruti
389 1807 587 1868 praeceptore,
611 1797 672 1850 vid.
693 1796 825 1849 Schiitzii
848 1799 918 1854 Lex.
945 1797 1005 1850 cic.
1025 1797 1049 1851 1.
1091 1802 1153 1855 nt
1172 1818 1214 1870 sq.
1251 1800 1294 1854 De

134 1871 234 1924 Aristo
253 1871 290 1922 ib.
309 1888 337 1941 p.
346 1872 381 1924 43
391 1887 432 1938 sq.
450 1869 521 1922 Add.
542 1867 654 1920 Harles.
675 1869 706 1919 in
724 1867 853 1920 Fabricii
870 1868 943 1922 Bibl.
964 1869 1014 1922 Gr.
1034 1817 1098 1922 Vol.
1113 1870 1166 1924 111.
1187 1874 1294 1942 p.163.

133 1942 189 1993 Pro
208 1940 294 1994 sentit
318 1949 360 1992 est
383 1939 470 1992 sensit
495 1941 527 1991 in
551 1939 659 1991 duobus
678 1940 748 1992 Oxx.
768 1939 840 1992 Edd.
860 1941 942 1993 Junt.
969 1948 998 1993 et
1017 1940 1093 1993 Crat.
1136 1941 1191 1994 Pro
1211 1948 1295 2011 putot

134 2011 204 2064 Dav.
225 2014 256 2063 in
273 2011 327 2067 Ed.
346 2014 372 2066 2.
393 2011 454 2064 sine
471 2011 555 2063 libris
574 2010 653 2063 dedit
672 2010 805 2078 disputat.
843 2011 904 2064 Mr.

205 2099 332 2153 Etiamsi
355 2101 394 2153 sit
416 2101 514 2154 tonum
539 2100 655 2169 aliquod
675 2107 790 2168 praeter
823 2097 985 2165 uirtutem]
1026 2101 1182 2168 „Quatuor
1206 2103 1294 2156 Palat.

134 2170 213 2235 (nam
238 2173 270 2223 in
297 2181 400 2239 quarto
426 2170 498 2223 haec
523 2171 649 2238 defient)
676 2177 761 2239 putat
786 2170 873 2225 etium
895 2177 927 2222 ut
954 2174 993 2226 sit
1021 2173 1121 2227 tronum
1148 2173 1294 2242 aliquod.“

135 2240 218 2296 Gett.
255 2241 362 2308 ,dictat
381 2245 467 2296 etiam
484 2247 523 2294 ut
541 2244 579 2295 sit
598 2274 631 2284 -
650 2243 687 2294 In
704 2242 821 2294 Venetis
840 2242 874 2294 si
890 2241 937 2295 sit.
974 2244 1038 2315 Ego
1061 2261 1120 2296 non
1137 2245 1222 2297 video
1241 2263 1295 2298 cur

132 2315 217 2375 illam
243 2314 418 2382 scripturam
441 2313 633 2383 improbem.“
664 2314 811 2367 cameron.
857 2313 971 2366 Habent
997 2313 1082 2366 etium
1109 2319 1147 2365 ut
1173 2317 1213 2369 sit
1245 2333 1295 2368 sex

133 2384 220 2438 Godd.
248 2385 318 2436 Oxx.
344 2383 432 2440 Illarb.
460 2387 534 2436 Mon.
555 2387 581 2436 l.
606 2384 678 2437 Edd.
703 2384 737 2435 A.
763 2385 793 2438 Β.
819 2383 846 2436 S.
867 2384 901 2436 Ε.
925 2385 995 2437 Ven.
1020 2393 1110 2438 nostr.
1136 2384 1200 2439 Asc.
1223 2391 1247 2442 l.
1268 2390 1310 2451 2..

133 2459 215 2509 Junt.
236 2454 303 2507 Cod.
322 2454 412 2507 Rehd.
433 2455 518 2508 etium
536 2458 573 2508 sit
592 2454 765 2519 (urranslr)
783 2455 880 2507 Duisb.
901 2454 1034 2525 aliquid
1061 2457 1172 2511 etiarnsi
1190 2457 1230 2509 sit
1248 2458 1295 2511 do·

132 2544 200 2578 num
223 2533 337 2594 praeter
359 2525 490 2579 virtutum
516 2542 602 2579 esse.
629 2531 703 2580 ltlon.
724 2531 748 2580 l.
774 2532 856 2597 putat
881 2526 956 2578 enim
975 2533 1007 2578 et
1026 2528 1126 2580 ionum
1143 2544 1219 2581 esse
1237 2531 1295 2583 uli-

135 2596 221 2666 quid
237 2604 349 2664 praeter
367 2595 496 2650 uirtutem
516 2613 600 2650 esse.
620 2598 694 2671 Aug.
716 2596 804 2648 etiam
824 2598 909 2666 quod
926 2598 964 2650 sit
982 2597 1092 2663 bonum,
1112 2599 1195 2655 Vind.
1218 2604 1242 2654 l·
1262 2609 1300 2658 et,

134 2669 225 2738 qnod
241 2668 278 2720 stt
297 2667 405 2721 bonum.
434 2669 487 2724 Ed.
507 2669 536 2720 P.
556 2671 644 2722 etiam.
661 2675 695 2722 ut
713 2669 746 2720 si
765 2669 869 2722 ionum.
907 2668 980 2721 llllihi
1000 2668 1117 2739 quidem
1139 2679 1223 2722 vetus
1240 2671 1295 2724 ali-

134 2738 212 2808 quod
230 2739 313 2791 ulcus
333 2740 396 2792 loco
416 2739 541 2792 insidere
559 2739 685 2806 videtur,
712 2740 788 2807 quod
815 2739 956 2808 intactum
980 2741 1126 2810 relinquo,
1155 2759 1221 2795 cum
1243 2741 1295 2795 ha·

133 2810 236 2862 riola'ri
262 2811 362 2862 nolim.
400 2811 435 2862 ln
458 2828 537 2879 seqq.
564 2811 619 2863 dno
648 2811 717 2863 Oxx.
749 2818 779 2862 et
801 2809 875 2863 Gud.
895 2814 921 2867 2.
945 2811 1076 2878 Brutum,
1105 2813 1207 2866 omisso
1234 2831 1293 2878 me;

136 2881 210 2935 Gud.
231 2885 255 2935 l.
274 2881 394 2934 Brutum
412 2897 474 2934 nec
492 2896 544 2932 me.
581 2883 647 2933 lltlox
664 2883 737 2955 Aug.
758 2883 817 2934 inm
835 2898 888 2951 pro
909 2898 982 2936 num.
1019 2883 1080 2936 Mr.

188 2972 285 3027 -outd
301 2970 398 3040 cuique
416 2970 509 3038 igitur
526 2977 737 3023 consentancum
756 2970 804 3034 sit,
824 2970 883 3024 atio
902 2969 983 3037 loco]
1003 2972 1071 3025 (lod.
1091 2972 1186 3026 Duisb.
1207 2976 1293 3041 quod3

134 3042 242 3095 EdE.
264 3043 329 3109 quid
347 3042 403 3095 cui
420 3042 521 3108 igitur,
540 3049 575 3093 ut
593 3059 684 3116 marg.
705 3040 761 3094 lllS.
781 3041 834 3093 Ed
860 3051 949 3094 nostr.
974 3042 1037 3095 Asc.
1060 3048 1089 3109 13
1114 3045 1186 3097 Edd.
1207 3045 1240 3099 A.
1259 3045 1292 3099 B.

134 3113 164 3167 S.
182 3115 254 3167 Ven.
273 3122 362 3168 nostr.
389 3113 481 3168 Quod
499 3112 554 3165 cui
571 3113 677 3179 igitur3
701 3112 772 3164 Edd.
798 3112 828 3164 C.
848 3114 882 3165 V.
910 3112 974 3166 Asc.
1003 3120 1027 3170 l.
1047 3118 1072 3170 2.
1096 3115 1164 3168 Rob.
1190 3115 1291 3188 steph.

133 3185 232 3240 Herw.
258 3184 347 3252 quod
369 3186 465 3254 cuique
492 3183 590 3250 igitur.
627 3186 693 3237 Post
717 3182 776 3234 atio
803 3184 863 3237 loco
882 3185 948 3237 God.
968 3185 1062 3238 Rehd·
1085 3187 1164 3239 addit
1187 3190 1293 3242 dictum

134 3261 187 3320 est,
211 3255 285 3328 Aug·
311 3256 412 3308 dicam.
450 3256 541 3307 Habes
568 3255 719 3306 manifesta
744 3254 905 3328 glossarum
932 3257 1071 3326 exempla.
1108 3258 1201 3310 Verba
1225 3261 1293 3329 quid

134 3359 168 3370 -
187 3333 401 3380 consentaneum
418 3327 458 3379 sit
478 3326 662 3396 explicantur
679 3327 711 3377 in
729 3343 803 3378 nova
821 3327 981 3378 Forcellini
1005 3328 1058 3380 Ed.
1079 3328 1195 3382 Germa
1222 3332 1293 3399 quid

134 3416 171 3451 ex
190 3414 304 3468 quoque
322 3407 468 3467 sequatur,
487 3397 621 3451 concludi
638 3397 736 3467 possit.
771 3396 839 3450 eod.
860 3397 933 3454 Gud.
959 3397 990 3448 in
1014 3399 1154 3468 proximis
1181 3402 1293 3454 omittit

133 3484 183 3522 sae
202 3486 225 3522 e.
262 3470 324 3525 Mr.

182 3487 245 3593 pEt
263 3556 324 3593 cum
341 3541 476 3596 Aristone
495 3541 595 3611 nuper]
633 3541 731 3608 „Quia
748 3541 799 3594 hic
817 3559 876 3595 non
894 3543 1087 3595 necessarium
1105 3553 1148 3597 est
1162 3543 1292 3620 intelligi

134 3613 259 3666 fratrem
276 3611 423 3679 Antiochi,
443 3630 501 3666 non
518 3631 600 3664 ausus
618 3633 682 3666 sum
699 3613 749 3665 hio
768 3616 882 3682 quoque
901 3615 1049 3689 corrigere
1065 3615 1196 3669 Aristo.“
1221 3617 1290 3674 Ern.

135 3685 239 3753 Neque
259 3700 312 3757 ego
330 3685 363 3735 in
381 3684 518 3737 Codicum
535 3685 620 3754 plane
639 3685 769 3738 omnium
788 3700 926 3737 consensu
943 3684 1000 3738 hoc
1022 3686 1087 3738 loco
1110 3696 1223 3740 mutare
1241 3707 1292 3742 no-

135 3771 204 3808 men
220 3771 303 3807 ausus
321 3772 398 3818 sum;
418 3772 487 3807 oum
504 3756 623 3809 Ernesti
640 3758 753 3808 ratione
774 3765 931 3825 permotus,
957 3766 1021 3809 tum
1043 3758 1112 3825 quia
1129 3758 1232 3811 Acadd.
1252 3761 1290 3812 11.

132 3831 161 3882 t.
181 3843 249 3879 oum
266 3824 410 3878 Antiocho
420 3823 548 3894 'eiusque
567 3829 658 3880 fratre
678 3827 775 3879 Aristo
792 3828 903 3880 mentio
928 3828 963 3880 fit
991 3828 1079 3880 etiam
1096 3827 1239 3879 Aristonis
1263 3837 1292 3880 et

132 3897 244 3960 Dionis,
265 3896 435 3966 quibuscum
453 3897 579 3951 multum
597 3916 626 3950 se
644 3898 785 3969 temporis
803 3899 834 3949 in
852 3898 1022 3967 disputando
1040 3898 1228 3950 consumsisse
1246 3915 1292 3949 re-

133 3970 195 4022 fert
219 3968 331 4022 Cicero.
370 3967 554 4036 seripserunt
582 3976 680 4021 autem
710 3984 772 4020 cum
799 3968 930 4021 Aristo
962 3967 1059 4020 lamb.
1090 3966 1167 4017 hall.
1195 3967 1294 4022 Wolf.

134 4038 220 4093 Soha.
250 4040 296 4096 Or.
322 4039 394 4091 Tbn.
420 4038 486 4091 God.
516 4038 588 4091 Gud.
608 4045 634 4094 l.
661 4037 748 4092 habet
764 4037 948 4103 Aristione,
974 4037 1064 4091 Nobb.
1089 4036 1207 4106 scripsit
1223 4037 1293 4090 Ari-

135 4109 265 4177 sto[ne].
301 4111 364 4164 Mr.
889 4134 891 4139 ’
971 4132 975 4139 -
1283 4119 1286 4123 ’

207 4197 290 4250 quum
308 4179 427 4235 Athenis
450 4182 603 4250 imperator
628 4182 703 4249 apud
729 4196 791 4232 eum
814 4177 991 4243 deterrerer]
1030 4179 1096 4243 „llll
1120 4178 1236 4234 Tullius
1259 4181 1293 4234 in

135 4252 274 4306 Ciliciam
290 4253 445 4323 proconsul
469 4253 580 4317 missus,
606 4251 690 4304 rebus
713 4251 785 4304 bene
797 4252 901 4325 gestis,
928 4248 1054 4302 victoria
1072 4249 1145 4302 iusta
1162 4252 1291 4306 hostibus

134 4324 297 4399 profligatis
316 4325 391 4393 apud
407 4326 508 4391 Issum,
535 4325 692 4394 imperator
710 4321 870 4392 appellatus
895 4327 946 4385 cst,
974 4321 1090 4390 quoin
1108 4322 1172 4376 loco
1190 4325 1295 4378 Darius.

135 4396 169 4448 ab
187 4395 351 4448 Alexandro
378 4397 473 4448 fuerat
497 4397 655 4466 superatus·
691 4395 756 4447 lllox
780 4409 795 4446 e
818 4393 970 4464 provincia
993 4393 1130 4448 decedens
1162 4395 1197 4463 [a.
1217 4415 1245 4450 u.
1265 4415 1289 4450 c.

165 4500 246 4543 cicero
256 4498 321 4544 tusc.
333 4499 400 4554 Disp.
416 4500 450 4544 sd.
466 4500 551 4544 ttosrr.
568 4500 592 4542 Τ.
602 4501 651 4544 tlt.
1045 4505 1065 4566 4
