2856 5084
123 259 165 325 56
333 255 564 321 CICERONIS
586 252 833 320 TUSCULAN.
857 253 1088 320 DISPUTAT.

123 423 362 509 Nou·usquam
382 420 418 497 id
439 420 571 506 quidem
593 419 679 484 dicit
705 423 857 485 omnino:
879 421 949 501 sed,
971 442 1055 506 quae
1076 420 1169 501 dicit,
1190 421 1285 487 idem

82 513 106 563 '·
125 508 248 573 ualent.
288 509 429 581 ⁴Possum
452 509 571 596 igitur,
592 508 648 566 cui
670 508 889 568 concesserim
919 508 955 566 iu
976 507 1072 566 malis
1095 526 1165 569 esse
1187 505 1285 568 dolo-

127 610 183 652 res
200 591 375 672 corporis,
397 590 432 649 in
466 590 560 650 melis
588 590 765 674 naufragia
785 591 952 666 fortunae,
980 589 1059 650 huic
1086 608 1285 653 succensere

128 673 266 751 dicenti,
297 691 363 732 nou
385 690 499 734 omnes
523 672 627 732 bonos
650 690 720 731 esse
748 671 871 749 beatos,
901 692 1003 753 quum
1024 674 1058 732 in
1081 690 1194 734 omnes
1224 674 1286 734 bo·

127 776 187 820 uos
209 775 259 834 aa,
282 775 366 837 quae
389 754 448 815 ille
470 756 505 815 iu
527 755 619 815 matis
640 762 806 832 numerat,
829 752 949 818 cadere
963 753 1108 836 possint?
1131 755 1287 819 Vexatur

124 880 479 893 ...ι-..σι-ιι-ιο--ψ--ο-ο
486 877 839 893 --γ-ιο--υ--φο--ι-αα-ι--ι
848 880 1014 889 -ι-ο--ι--Α-
1217 884 1288 893 ...μ-

127 945 252 1014 deerant.
281 943 371 1008 ‚Roteu
390 940 499 1012 τρόχος,
518 934 624 1000 ξύλινόν
642 957 668 993 re
685 937 721 1009 ἦν
738 937 769 994 ἐν
786 934 1018 1010 ᾤ’δεσμούμενοι
1046 941 1075 993 οἱ
1103 941 1208 996 οἰκέται
1226 939 1288 998 huc·

125 1008 252 1080 hoicorro,
270 1023 303 1066 ut
323 1031 358 1066 ex
376 1013 576 1084 Aristophanis
596 1011 755 1066 Scholiaste
783 1014 815 1064 in
832 1015 933 1066 Pacem
959 1032 1000 1066 vs.
1020 1013 1081 1069 451.
1118 1013 1217 1068 suidas
1236 1017 1289 1070 do-

126 1095 187 1141 cet·
219 1086 257 1139 D.

123 1148 142 1165 ⁵
197 1148 228 1211 in
242 1161 339 1209 'rotam
356 1157 465 1208 beatam
482 1154 570 1208 uitam
588 1172 643 1209 non
662 1154 828 1222 escendere]
865 1155 949 1208 Eieci
974 1156 1097 1231 glossam
1120 1158 1291 1226 antiquissi-

123 1244 212 1297 mam,
240 1228 346 1297 qnippe
374 1240 461 1296 quam
504 1228 646 1292 raebeant,
667 1245 734 1279 cum
758 1227 826 1280 God.
852 1226 996 1297 Gryph.,'
1014 1229 1082 1303 Reg.
1113 1228 1187 1282 Gud.
1213 1234 1238 1284 l.
1259 1233 1288 1286 2.

128 1292 334 1371 (hia-ridicule
351 1297 438 1351 habet
460 1299 473 1351 ι’
515 1304 555 1352 est
571 1298 607 1351 a'n
631 1315 720 1366 genus
739 1300 785 1364 —)
804 1299 877 1372 Aug.
898 1299 984 1352 Marb.
1004 1299 1093 1352 Rehd.
1119 1299 1181 1365 (hic
1198 1299 1289 1355 habet

122 1366 241 1441 'oe'tpro
259 1369 291 1422 id
309 1369 368 1432 est)
392 1368 489 1421 Duisb.
514 1373 589 1422 Mon.
611 1373 634 1423 l.
666 1371 710 1432 (ut
729 1367 803 1421 Gud.
824 1372 863 1434 2.)
889 1371 977 1437 hiare.
1007 1370 1064 1424 MS.
1088 1371 1152 1424 Asc.
1171 1371 1198 1423 2.
1226 1378 1288 1427 tres

128 1442 266 1507 oruntio
283 1440 406 1493 hisest:
426 1439 458 1493 e'd
477 1440 569 1493 estin
588 1442 759 1509 quoddam
784 1440 906 1506 genus)
935 1416 1018 1492 Vind.
1042 1446 1064 1496 l.
1094 1442 1157 1510 (qui
1184 1441 1287 1497 habet:

129 1512 204 1582 quod
221 1525 311 1583 genus
329 1513 462 1567 tormenti
479 1517 522 1564 est
541 1512 615 1579 opud
634 1512 700 1575 Gr.)
736 1512 822 1564 Vides
848 1512 905 1564 iam
931 1528 966 1563 ex
991 1513 1131 1566 varietate
1149 1512 1288 1567 lectionis

128 1580 251 1659 glossam
269 1580 337 1648 es's'e,
357 1599 443 1652 quam
468 1582 542 1634 alius
567 1583 624 1635 alio
644 1583 728 1636 modo
754 1582 895 1634 contextis
923 1582 1088 1636 inseruerit.
1125 1584 1288 1637 Eiocerunt

129 1672 192 1707 eam
209 1654 281 1707 Edd.
302 1653 472 1724 pleraeque3
500 1652 606 1707 habent
624 1661 720 1705 tannen
740 1666 830 1730 inarg.
853 1654 930 1706 Crat.
950 1652 980 1706 S.
999 1655 1073 1706 Vict.
1094 1655 1162 1708 Rob.
1183 1653 1285 1726 Steph.

128 1725 226 1779 Herw.
245 1726 327 1777 Brut.
347 1726 433 1778 Leod.
452 1724 522 1777 Dav.
560 1723 707 1777 Abiectam
725 1725 826 1795 probat
846 1726 987 1779 Goerenz.
1008 1725 1043 1778 ad
1061 1726 1119 1782 Cic.
1144 1726 1179 1780 de
1197 1726 1286 1782 Finn.

130 1798 180 1850 tv.
201 1800 242 1865 11.
264 1797 307 1851 25.
331 1813 360 1864 p.
380 1798 441 1850 453.
479 1795 539 1850 Mr.

146 1869 149 1873 ’
200 1883 254 1920 non
287 1866 484 1933 escendere]
523 1869 612 1941 hlarg.
644 1866 758 1922 Lambb.
788 1875 816 1919 et
848 1867 949 1920 Goth.:
982 1886 1010 1937 q.
1036 1887 1063 1919 v.
1088 1886 1113 1925 c.
1138 1869 1286 1923 scandere.

127 1937 236 2005 „Quod
261 1939 454 1990 coniecturam
481 1939 512 1990 in
540 1938 710 2009 crepundiis
739 1937 803 2002 [111.
824 1940 867 1993 23.
887 1957 916 2009 p.
937 1941 1005 2002 1655
1035 1939 1090 1992 Ed.
1117 1938 1285 1993 Schmiuck.

127 2028 156 2093 p.
175 2012 236 2064 542.
258 2027 286 2078 q.
305 2010 347 2077 u]
377 2009 531 2074 escendere,
560 2027 615 2080 pro
634 2010 792 2072 oscendere,
823 2008 874 2061 hic
897 2009 1051 2134 legendum
1075 2028 1147 2076 esse,
1173 2019 1287 2065 exstare

129 2097 187 2132 ram
206 2081 350 2150 comperio
370 2081 401 2131 in
420 2081 545 2134 Vatican.
567 2090 596 2133 et
614 2081 688 2133 libro
707 2081 841 2144 Merceri,
868 2089 902 2131 ut
944 2080 1000 2132 vid.
1022 2083 1133 2135 Metam.
1154 2082 1202 2134 lx.
1223 2086 1284 2139 519.

127 2152 247 2205 restitui
267 2151 395 2217 [videtur
412 2151 469 2225 leg.
489 2152 552 2219 vlt·
571 2152 659 2218 52ὓ.];
689 2160 718 2202 et
737 2151 854 2204 omniuo
879 2169 1016 2225 germana
1039 2153 1158 2205 videtur
1176 2153 1286 2206 lectio:

128 2238 195 2275 nam
222 2222 292 2275 libri
315 2222 397 2274 valde
421 2223 542 2274 uariant.
571 2223 622 2274 alii
652 2238 707 2274 non
730 2223 873 2287 scandere,
903 2223 985 2276 Fabr.
1008 2225 1154 2290 attingere.
1163 2223 1182 2253 ‘⁴
1202 2222 1285 2278 Geth.

128 2296 196 2347 Post
215 2293 399 2347 Gebhardum
417 2295 480 2346 fere
500 2311 597 2347 omnes
615 2302 789 2362 receperunt
807 2293 956 2359 escendere,
976 2295 1052 2364 quod
1074 2296 1182 2348 habent
1200 2295 1285 2351 Codd.

127 2366 168 2418 Re
191 2364 234 2421 ius
254 2365 327 2418 Gud.
350 2371 373 2420 1.
395 2381 567 2434 quamquam
587 2366 618 2417 in
638 2364 684 2416 his
702 2366 843 2434 scriptum
863 2375 904 2417 est
931 2366 1116 2431 escenderet,
1142 2384 1216 2420 unus
1236 2367 1285 2420 Ox.

129 2383 216 2495 hahet
234 2437 422 2503 attingeret,
441 2436 537 2488 Duisb.
559 2437 711 2503 attingere,
731 2436 820 2489 Rehd.
840 2436 924 2488 Vind.
946 2440 972 2490 2.
993 2439 1138 2491 scandere.
1172 2439 1226 2490 Est
1244 2447 1288 2491 ta-

130 2525 197 2577 men
216 2509 361 2563 ascendere
377 2516 441 2578 post
460 2506 649 2560 Gebhardum'
663 2507 695 2558 in
712 2507 784 2559 Edd.
805 2507 878 2560 Oliv.
898 2507 958 2560 Alt.
996 2509 1056 2563 Mr.

200 2598 272 2651 Non
290 2613 430 2668 usquam
448 2597 481 2651 s'd
498 2596 607 2666 quidem
626 2594 696 2649 dicit
715 2595 858 2663 omnino;]
877 2595 940 2651 Non
958 2614 1075 2668 usquam
1093 2596 1178 2651 codd.
1199 2614 1287 2667 quan-

128 2678 192 2720 tum
210 2669 325 2734 scimus,
345 2682 456 2721 ornnes:
476 2667 618 2734 Nusquam
637 2666 709 2719 Edd.
730 2676 795 2720 ante
815 2667 907 2723 Gebh.
928 2670 1054 2739 exceptis
1072 2670 1148 2722 Vict.
1167 2676 1196 2722 et
1213 2667 1281 2721 Rob.

129 2738 229 2810 Steph.
266 2739 365 2815 Pergit
383 2738 451 2793 Cod.
475 2739 559 2792 vino
581 2743 605 2794 l.
632 2739 743 2806 quidem
765 2738 806 2799 td,
833 2755 899 2790 cum
918 2740 1006 2793 Rehd.
1027 2749 1056 2793 et
1075 2741 1148 2793 Gud.
1165 2737 1285 2793 Rathius

130 2812 220 2863 edidit
238 2811 385 2880 quidemr
412 2810 530 2875 invitus,
553 2817 588 2860 ut
611 2808 723 2878 opinor.
765 2809 872 2862 Vocem
897 2811 1009 2864 omnino
1035 2812 1163 2882 explicat
1177 2810 1302 2875 ,Kiihu..

39 2923 44 2940 .
129 2881 246 2945 disertis
264 2882 365 2944 verbis,
391 2888 492 2949 utpote
517 2879 679 2949 oppositam
702 2880 933 2933 antecedentibus
949 2887 1068 2951 putatur
1093 2883 1193 2935 dicere.
1230 2881 1288 2935 Ad-

128 2953 211 3005 hibet
233 2961 364 3005 nostrum
391 2951 488 3003 locum
515 2951 694 3004 Goerenzius
718 2951 782 3003 loco
806 2950 909 3004 Acadd.
934 2953 972 3006 11.
1000 2957 1025 3008 3.
1045 2958 1071 3008 9.
1097 2955 1169 3023 quod
1195 2952 1288 3009 dicuat

129 3027 249 3078 omnino.
287 3024 368 3076 Unus
387 3022 436 3074 Ox.
455 3022 554 3097 pergit
572 3021 630 3086 sed,
651 3022 740 3091 qnod
758 3021 838 3085 dicit,
858 3023 931 3076 idem
948 3025 1061 3076 valet.-
1080 3026 1153 3077 alius
1172 3042 1288 3095 quoque

128 3096 215 3148 habet
242 3094 316 3162 quod
342 3108 395 3161 pro
425 3109 503 3162 quae.
530 3093 604 3145 Gud.
624 3095 650 3163 2.
670 3102 734 3163 post
754 3092 865 3146 omnino
882 3096 992 3168 pergit:
1021 3112 1085 3149 non
1103 3112 1172 3167 quae
1191 3095 1288 3152 dice·

128 3171 207 3236 ret.⁸
231 3164 347 3218 Possum
365 3164 464 3230 igitur.
502 3164 562 3233 Mr.

186 3253 317 3308 'Possum
344 3251 448 3321 igitur,
481 3255 527 3307 cur‘
550 3254 754 3320 concesserim]
790 3256 875 3308 Verb.
904 3273 940 3310 ex
964 3257 1021 3310 MS.
1045 3259 1142 3310 nescio
1170 3275 1227 3328 quo
1257 3259 1290 3311 iu

129 3333 193 3380 mar
214 3365 220 3377 .
238 3340 350 3392 possum
368 3323 463 3392 igitur
479 3341 551 3378 cum
569 3324 717 3390 senserint,
737 3344 809 3378 unus
829 3327 878 3379 Ox.
898 3325 984 3381 habet
1007 3331 1053 3382 cue'
1070 3330 1288 3395 consenserim,

127 3344 226 3450 Duisffu.
247 3411 309 3448 curn
326 3395 548 3463 concesserint,
577 3394 651 3450 Gud.
679 3397 727 3449 cui
750 3401 957 3465 concesseris,
987 3402 1061 3452 Mon.
1083 3406 1108 3460 1.
1136 3399 1181 3453 cus'
1209 3418 1289 3455 con·

129 3469 239 3533 ferina
261 3465 336 3530 (sic).
374 3469 409 3521 In
431 3467 503 3521 Edd.
531 3470 560 3520 Ρ.
585 3468 618 3523 A.
640 3466 672 3519 B.
697 3468 727 3521 C.
747 3469 817 3520 Ven.
842 3479 930 3522 nostr.
957 3469 1021 3523 Asc.
1042 3477 1068 3526 l.
1086 3474 1113 3526 2.
1133 3473 1216 3526 Junt.
1245 3480 1289 3526 est

129 3539 259 3607 corporis
278 3553 337 3591 esse
356 3539 481 3603 dotores3
500 3538 573 3593 Edd.
593 3539 621 3594 S.
640 3539 675 3591 Ε.
694 3538 801 3592 habent
821 3541 929 3595 dolores
946 3543 1076 3610 corporis
1103 3559 1172 3597 esse.
1211 3544 1288 3596 Tum

128 3609 200 3665 Edd.
221 3618 288 3662 anto
307 3609 397 3664 Gebh.
418 3627 517 3663 omues
535 3610 666 3674 fortunae
694 3611 859 3678 naufragia,
885 3631 950 3665 cum
972 3622 1069 3667 tamen
1089 3615 1174 3668 codd.
1192 3614 1288 3668 ,exhi-

130 3681 216 3732 beant
241 3680 355 3734 inverso
383 3681 484 3735 ordine
507 3680 664 3748 naufragio
691 3684 828 3749 fortunae.
866 3685 947 3736 Unus
975 3686 1024 3738 Ox.
1049 3683 1114 3739 hinc
1137 3702 1191 3755 pro
1214 3685 1288 3748 huto,

128 3751 203 3806 Gud.
223 3753 248 3805 2.
269 3769 470 3806 successere
488 3751 605 3817 dicenti3
625 3771 697 3804 unus
716 3755 765 3807 Ox.
784 3755 1030 3823 amaranthus,
1057 3757 1201 3810 aliusnon
1220 3774 1289 3811 om-

129 3823 319 3877 nisheatos
338 3840 397 3877 esse
415 3825 515 3878 beatos.
544 3823 633 3879 Rehd.
653 3824 739 3878 honos
762 3825 882 3879 beatos
904 3844 996 3893 esse;
1029 3846 1103 3880 unus
1129 3828 1180 3881 Ox.
1207 3831 1288 3898 quin

127 3893 158 3948 t'n
177 3911 279 3961 omnes3
298 3911 366 3947 mox
383 3895 472 3948 Rehd.
494 3909 561 3961 quae
579 3894 614 3948 tn
631 3899 741 3950 malis
758 3895 823 3949 itte
841 3906 1022 3951 enumerat
1042 3927 1074 3936 —
1093 3900 1195 3953 cadere
1211 3915 1289 3969 pos-

128 3972 216 4019 sunt.
246 3966 344 4019 Duisb.
372 3968 444 4019 item
466 3965 498 4019 e'n
526 3968 612 4021 matis
639 3966 696 4021 teu.
733 3969 815 4021 Unus
835 3969 884 4020 Ox.
911 3972 1006 4024 eadent
1023 3987 1076 4040 pro
1101 3973 1218 4038 cadere,
1246 3978 1289 4024 est

131 4038 218 4091 etiam
242 4043 381 4106 possunt
408 4037 440 4088 in
467 4037 553 4090 Codd.
579 4040 654 4091 Mon.
676 4044 700 4094 l.
726 4039 810 4091 Vind.
837 4044 861 4094 l.
881 4041 905 4093 2.
936 4040 1008 4094 Gud.
1029 4044 1055 4098 2.
1092 4042 1192 4117 Pergit
1214 4059 1290 4094 unus

131 4109 181 4163 Ox.
201 4115 320 4162 acuatur
337 4108 475 4162 ratione
496 4107 706 4176 Theophrastus,
728 4109 800 4162 Gud.
821 4111 932 4164 omittit
956 4113 1040 4167 idem.
1077 4114 1191 4166 Mireris
1210 4131 1288 4180 sane,

130 4197 196 4232 cum
216 4196 301 4249 supra
319 4181 520 4249 praecesserit:
551 4181 678 4235 Versatur
704 4188 795 4234 autern
821 4182 856 4235 ab
880 4185 1002 4239 omnihus
1027 4185 1176 4254 primurn
1199 4185 1230 4238 r‘n
1255 4202 1288 4239 eo

130 4251 284 4306 storo-et
303 4251 522 4321 exspectandum
539 4252 672 4305 rideatur
686 4253 810 4307 Veaatur
828 4255 954 4308 deinde
978 4256 1027 4308 vel
1045 4263 1161 4308 vexatur
1180 4257 1288 4310 etiam

133 4319 352 4390 Theophrastus:
373 4321 497 4389 mireris,
516 4323 643 4393 inquam,
671 4343 687 4377 a
705 4325 821 4378 nemine
839 4324 932 4379 adhuc
957 4343 1010 4396 pro
1028 4326 1103 4381 idem
1121 4336 1288 4381 correctum

130 4409 190 4446 esse
214 4393 290 4446 item.
328 4389 473 4447 Similiter
500 4402 543 4448 est
570 4395 603 4449 de
632 4395 680 4452 Or.
700 4395 738 4452 11.
764 4399 808 4452 59.
836 4400 891 4458 240
909 4415 967 4466 sq.:
1003 4399 1067 4460 Duo
1093 4405 1156 4454 sunt
1180 4414 1288 4468 genera
