2856 5084
104 330 105 335 ,
199 275 262 342 352
387 269 504 339 RIGH.
528 272 688 338 BENTL.
710 273 879 344 EMEND.
902 274 961 338 AD
983 274 1096 342 LIBR.
1118 274 1162 340 V.

199 436 316 503 hardus,
344 439 424 506 quasi
442 454 474 491 re
492 437 565 492 hene
592 445 670 513 gesta
688 437 881 508 triumphans,
910 440 1001 505 Vulgo
1019 438 1117 507 inepte,
1142 438 1355 492 obscuretur.

201 509 223 562 0
243 525 293 562 cor
310 509 468 561 Zenodoti!

213 645 215 648 Α
272 580 344 631 lbid.
385 580 497 633 Quorum
522 578 728 632 controversiam
755 580 876 646 solebat,
904 587 1036 647 tamquam
1062 576 1223 632 honorarius
1248 578 1358 631 arbiter

201 649 327 703 iudicare
356 649 525 702 Carneades·-
555 666 615 702 nam
640 666 695 702 curn
721 665 893 718 quaecumque
916 651 997 703 Bona
1024 649 1233 716 Peripateticis,
1264 650 1357 700 eodem

200 721 304 774 Stoicis
331 720 466 773 commoda
489 720 659 785 uiderentur,
686 736 769 786 neque
793 726 879 772 tornen
904 721 1083 788 Peripatetici
1105 722 1169 785 ptus
1201 720 1356 773 tribuerent

201 791 320 854 diuitiis,
347 793 430 843 bonne
454 791 614 854 valetudini,
639 791 737 843 ceteris
764 792 843 843 rebus
867 794 979 856 generis
1002 793 1126 854 eiusdem,
1151 806 1228 857 quum
1252 791 1356 844 Stoici:

201 878 258 915 cum
276 877 308 913 eu
325 877 364 926 re,
384 877 435 914 non
453 862 550 925 verbis,
569 861 797 929 ponderarentnr3
816 877 935 914 caussam
955 878 1011 914 esse
1025 861 1203 916 desiderandi
1211 862 1357 928 negabat]

201 934 312 986 Iterum
331 931 380 984 hic
399 933 573 998 Gebhardus,
602 932 759 1002 repudiatis
781 933 923 1006 frugibus,
947 931 1050 1008 glande
1076 932 1168 1002 pascit
1192 933 1355 985 Lector-cm.

202 1003 276 1056 Cum
300 1003 377 1056 enim
401 1004 555 1069 Victorius,
582 1002 642 1072 ipse
668 1019 780 1073 quoque
807 1004 951 1056 codicibus
981 1005 1038 1057 suis
1066 1003 1190 1054 nimium
1217 1003 1356 1070 addictus,

202 1075 277 1126 illud
301 1073 484 1141 desiderandi,
513 1073 610 1127 nescio
637 1091 694 1142 quo
718 1073 838 1126 consilio
867 1075 899 1124 in
924 1082 1037 1126 textum
1063 1075 1237 1144 recepisset3
1267 1074 1355 1144 idque

203 1144 371 1198 Gebhardus
389 1145 421 1196 in
439 1146 496 1197 suis
515 1143 679 1210 invenisset,
707 1145 769 1196 sinc
788 1143 965 1198 dubitatione
985 1145 1109 1207 admisit,
1134 1162 1251 1196 securus
1274 1154 1355 1198 recto

202 1217 261 1268 talo
289 1224 345 1268 stet
370 1216 519 1280 sententia,
550 1233 586 1267 an
608 1215 696 1267 cadat.
734 1217 818 1277 Nam,
841 1232 895 1284 pro
913 1216 1064 1269 hominum
1088 1216 1188 1268 fidem!
1213 1215 1355 1284 quidest,

201 1288 226 1339 si
244 1287 300 1339 hoc
319 1302 377 1338 non
396 1295 447 1350 est,
473 1287 560 1339 bonos
579 1294 707 1339 auctores
727 1302 924 1355 corrumpere,
952 1295 981 1339 et
998 1288 1094 1339 lucem
1118 1286 1201 1338 rebus
1221 1286 1356 1356 cripere?

200 1356 315 1410 Siccine
333 1356 408 1409 hanc
426 1358 509 1409 litem
528 1356 732 1409 diiudicaverit
750 1356 908 1409 Carneades
925 1357 1120 1422 Academicus,
1138 1365 1172 1408 ut
1190 1357 1286 1409 bonum
1304 1373 1355 1410 oo·

201 1428 355 1492 letudinem,
374 1428 573 1502 integritatem
592 1444 734 1490 sensuum,
754 1436 841 1500 neget
860 1445 918 1480 esse
936 1426 1163 1482 desiderandum?
1200 1428 1276 1493 Quin
1300 1428 1356 1497 ipsi

201 1497 292 1551 Stoici
311 1498 456 1563 sumenda,
481 1498 615 1572 eligenda
634 1515 692 1550 esse
711 1499 853 1563 dicebant,
877 1500 930 1551 etsi
954 1516 1011 1552 non
1038 1507 1161 1569 propter
1185 1515 1223 1550 se.
1260 1499 1303 1550 De
1323 1515 1355 1552 eo

201 1569 283 1620 nulla
303 1576 363 1620 erat
381 1570 592 1634 controversia,
619 1568 666 1622 sed
688 1569 763 1637 quod
787 1586 832 1621 res
860 1569 920 1622 eius
943 1570 1057 1645 generis
1075 1569 1261 1638 Peripatetici
1279 1570 1355 1622 Bona

201 1638 391 1709 appellarent,
420 1640 511 1693 Stoici
530 1647 631 1692 contra
649 1640 812 1710 Praeposita
830 1647 942 1693 tantum
961 1641 1100 1705 dicerent,
1126 1640 1175 1692 vel
1199 1640 1355 1711 praecipua

61 1722 67 1735 ¹
149 1763 153 1767 ff
201 1711 251 1763 vel
269 1710 425 1774 commoda,
445 1711 476 1761 in
493 1711 578 1763 Bonis
595 1709 717 1762 minime
736 1719 931 1766 numerarent.
968 1709 1049 1764 Hanc
1067 1712 1151 1762 litcm
1175 1711 1216 1763 sic
1236 1711 1355 1766 dirime·

202 1781 250 1833 bat
269 1781 443 1843 Carneades,
461 1791 495 1833 ut
512 1798 544 1833 re
564 1796 610 1833 eos
629 1781 792 1833 consentire
811 1781 931 1847 diceret,
943 1824 944 1827 η
958 1782 1052 1834 verbis
1070 1781 1153 1834 modo
1181 1779 1352 1853 discrepare.

200 1851 366 1904 Revocanda
385 1852 479 1924 igitur
497 1860 539 1903 cst
557 1850 645 1904 lectio
664 1852 795 1920 priorum
817 1849 986 1920 editionum,
1006 1871 1091 1922 quam
1109 1860 1176 1904 tuus
1193 1853 1246 1906 ille
1265 1853 1355 1907 codex

201 1923 362 1978 confirmat.
401 1922 463 1975 Cum
482 1938 515 1974 eo
532 1937 572 1986 re,
591 1937 645 1973 non
662 1922 761 1987 verbis,
776 1923 1000 1990 ponderarentur,
1029 1939 1149 1986 caussam
1168 1939 1227 1975 esse
1245 1924 1354 1977 dissi·

69 2031 73 2041 .
105 2051 109 2056 ,
201 1993 307 2046 denua·
331 1994 461 2057 negabat.
499 1993 572 2058 Quid
595 1992 685 2066 magis
710 2003 808 2062 aperte
831 1994 962 2046 verum?
977 1995 1048 2064 quid
1074 1995 1177 2046 retulit
1201 1995 1235 2045 in
1258 1995 1354 2065 scirpo

202 2065 310 2141 npdum
329 2067 483 2133 quaerere?
520 2065 564 2117 Ita
587 2064 693 2116 Noster
716 2082 802 2133 supra
826 2081 850 2117 c.
873 2069 913 2119 ll.
950 2067 1025 2118 Inter
1042 2066 1178 2121 Zenonem
1196 2071 1222 2118 et
1241 2065 1354 2133 Peripa-

203 2134 301 2186 teticos
325 2134 396 2187 nibil
417 2140 525 2201 praeter
546 2134 682 2186 verborum
704 2134 848 2188 novitatem
872 2136 1011 2189 interesse.
1057 2137 1097 2188 Et
1126 2135 1219 2188 adhuc
1248 2137 1354 2189 clarius

202 2204 245 2258 Dc
263 2205 328 2258 Fin.
347 2206 395 2270 IV,
415 2209 457 2261 26.
496 2205 567 2261 Quid
592 2205 635 2272 ait
659 2204 834 2269 Aristotcles,
863 2206 1012 2276 reliquique
1029 2206 1155 2262 Platonis
1182 2207 1303 2274 clenni!
1326 2223 1355 2261 se

202 2279 290 2330 omnin
309 2277 530 2342 praetreundum
548 2281 670 2328 naturam
687 2283 757 2341 sunt,
777 2277 845 2330 bona
863 2278 1016 2344 appellare.-
1041 2293 1110 2345 quae
1134 2283 1220 2330 autem
1247 2284 1354 2345 contro,

202 2348 284 2411 mola.
310 2347 428 2400 Videsne
445 2347 536 2412 igitur
553 2345 686 2400 Zenobiam
705 2354 775 2399 tuum
794 2363 850 2400 curn
860 2348 993 2401 Aristone
1010 2346 1129 2402 verbis
1146 2347 1354 2414 consistere,

202 2432 240 2469 re
258 2415 447 2471 dissidere:
475 2433 532 2470 cum
549 2417 701 2479 Aristotele
717 2425 745 2471 et
762 2418 824 2472 iltis
841 2419 1113 2486 reconsentire,
1140 2419 1264 2473 uerbis
1283 2418 1355 2473 dis·

202 2501 358 2554 crepare
