2856 5084
191 278 233 357 66
400 274 631 341 CICERONIS
654 275 902 344 TUSCULAN.
926 273 1157 341 DISPUTAT.

193 443 261 525 qui,
283 462 389 526 quum
406 441 555 506 dolorem
575 462 643 505 non
664 442 763 505 modo
791 446 971 505 maximum
992 442 1129 518 malum,
1156 438 1217 502 sed
1236 439 1350 502 nolum

191 526 446 609 melumetiam
473 524 609 604 dixerit,
638 534 711 589 toto
728 542 883 607 Jcorpore
912 527 1059 607 opprimi
1085 525 1192 604 possit
1220 521 1349 584 dolori·

190 609 252 672 bus
275 609 450 673 acerrimis
470 616 554 686 tum,
571 629 686 691 ⁴quum
706 613 851 670 maxime
879 617 997 669 contra
1026 609 1197 668 fortunam
1223 605 1352 693 glorie·

127 695 171 751 at.
191 688 269 755 thri
292 689 388 755 Quod
408 689 498 752 idem
517 692 715 754 melioribus
737 692 973 754 etiam'verbis
991 689 1223 766 Metrodorus,
1246 686 1350 750 occut-

191 808 864 835 *paq—W*

190 873 275 957 Diog.
293 864 399 926 haiirt
421 875 464 938 16,
484 875 549 928 1443
578 874 694 944 βραχεῖα
715 879 797 940 σοφῷ
820 865 889 940 τύχη
913 874 1109 944 παρεμπίπτει,
1129 868 1162 927 τὰ
1181 870 1212 925 ot
1228 872 1350 944 piram

192 946 240 1000 καὶ
256 939 411 1014 κυριώτάτα
429 939 444 997 ὁ
463 939 599 1014 λογισμὸς
617 937 762 1010 6ιῴκηκε.“
787 943 837 996 FA
844 944 931 1009 Wolf.

260 1037 415 1088 Fortunam
437 1035 570 1100 exiguam
593 1031 766 1086 intervenire
791 1031 928 1100 sapienti]
965 1033 1071 1087 Seneca
1097 1034 1134 1087 de
1159 1035 1255 1089 Const.
1281 1032 1348 1104 Sap.

190 1104 582 1232 ttittittttitt
595 1102 711 1227 iiiii.
724 1104 848 1230 ,pupi
867 1104 1350 1229 {it‘iiiiiiiftiia'viffiiiiii

713 1212 720 1225 .
761 1212 768 1237 ‚
831 1212 837 1227 .
1144 1215 1150 1228 .
1218 1219 1225 1232 .
1343 1217 1351 1233 .

192 1249 314 1302 Graecet
342 1250 470 1316 Βραχεῑα
488 1251 569 1314 σοφῷ
592 1246 658 1314 τύχη
682 1250 878 1316 παρεμπίπτει.
920 1246 1023 1298 Exstat
1048 1248 1123 1316 apud
1146 1247 1296 1299 Laertium
1313 1248 1351 1312 X,

191 1322 258 1392 144.
290 1317 479 1440 Plutapphum
496 1321 563 1386 περὶ
581 1309 666 1384 τύχης
692 1335 756 1391 pag.
777 1320 820 1373 99.
845 1316 880 1372 Α.
899 1325 928 1369 et
951 1317 1103 1370 stobaeum
1126 1318 1228 1392 Eclog.
1247 1317 1350 1373 Educ.

213 1409 227 1443 a
250 1429 260 1442 u
278 1392 338 1445 199·
405 1425 412 1438 ⁰

191 1408 248 1494 η
262 1459 319 1515 Sed
337 1456 388 1512 boc
405 1459 484 1512 isne
502 1455 583 1522 dicit,
603 1456 659 1526 qai,
679 1473 759 1526 pum
777 1457 912 1524 dolorem]
931 1460 1012 1513 Unus
1028 1460 1078 1513 Ox.
1097 1461 1201 1524 iisne,
1220 1459 1295 1512 alius
1313 1460 1352 1525 τ’τ,

192 1530 294 1585 omisso
313 1546 355 1583 ne.
375 1530 445 1603 Reg.
466 1537 495 1582 et
514 1528 588 1583 Gud.
609 1533 633 1583 1.
663 1525 773 1582 hisne.-
801 1537 830 1582 et
855 1547 891 1581 ex
912 1528 967 1584 hoc
994 1531 1112 1599 quidem
1136 1531 1277 1653 exemplo,
1300 1530 1352 1584 ubi

192 1600 239 1656 tis
263 1602 349 1674 plane
375 1599 474 1653 locum
497 1600 584 1653 habet
607 1599 731 1664 nullum,
760 1600 919 1653 certissime
941 1610 1031 1672 patet,
1064 1620 1150 1671 quam
1173 1619 1250 1657 mae
1278 1600 1350 1655 Dav.

192 1668 251 1726 tam
282 1688 365 1742 saepe
397 1688 434 1724 ex
460 1671 526 1743 God.
557 1672 627 1745 Bag,
657 1686 712 1739 pro
742 1667 768 1721 a·
799 1672 945 1742 receperit
976 1670 1015 1737 tt,
1053 1690 1125 1743 quae
1155 1672 1276 1744 scriptio
1302 1672 1373 1742 ‚de-1

191 1744 277 1798 betur
306 1742 421 1796 nonnisi
446 1758 550 1813 pravae
575 1741 777 1793 enuntiationi.
822 1743 876 1794 Pro
901 1759 955 1796 aon
982 1743 1063 1797 modo
1091 1752 1134 1798 est
1158 1760 1213 1807 noa
1230 1743 1265 1795 in
1282 1742 1350 1798 cot.

191 1818 266 1868 Mon.
288 1818 313 1870 1.
341 1822 450 1866 etune
478 1812 528 1866 Ox.
566 1811 633 1864 Dici
656 1825 738 1882 posse
762 1827 814 1865 noa
834 1840 867 1849 -
892 1814 943 1867 sed
960 1814 1047 1867 etiam
1070 1831 1123 1883 pro
1143 1831 1197 1867 aon
1214 1814 1296 1868 modo
1316 1845 1350 1858 -

190 1885 344 1940 sedetiam
363 1891 392 1936 et
411 1884 498 1935 multi
517 1884 662 1946 dixerunt,
682 1899 735 1936 nec
754 1883 814 1953 ipse
833 1882 868 1936 ad
886 1885 945 1938 Cic.
966 1885 1000 1938 de
1018 1887 1079 1938 Leo·
1101 1926 1108 1939 .
1124 1885 1178 1942 111.
1199 1888 1224 1940 7.
1243 1904 1272 1957 p.
1288 1889 1350 1943 469.

190 1956 224 2010 ab
248 1956 302 2009 hac
329 1955 471 2008 sententia
494 1953 604 2006 alienus
627 1955 681 2006 fui.
718 1955 803 2006 Nunc
829 1956 990 2009 Goerenzio
1017 1904 1120 2009 anchilo
1148 1965 1177 2009 et
1203 1957 1352 2029 Zumptio,

192 2044 316 2100 quorum
339 2026 392 2078 ille
415 2025 450 2077 ad
478 2042 545 2081 eum
568 2027 663 2096 ipsum
685 2025 785 2077 locum
812 2025 887 2078 illud
911 2026 978 2079 fieri
996 2035 1098 2101 huget,
1133 2027 1208 2080 alter
1231 2028 1267 2081 ad
1289 2027 1350 2082 cic.

190 2098 306 2151 Verrin.
333 2098 400 2150 Act.¹
416 2094 457 2152 11.
483 2097 515 2148 L.
535 2096 588 2148 111.
616 2100 641 2150 1.
662 2100 687 2150 l.
714 2114 742 2166 p·
761 2099 824 2152 426.
848 2097 926 2150 locos
952 2106 1093 2168 quotquot
1118 2116 1154 2151 ex
1177 2098 1353 2153 Ciceronea

190 2169 326 2239 Duckero
351 2168 386 2220 ad
403 2167 481 2220 Flor.
502 2166 540 2219 11.
560 2170 585 2221 2.
606 2170 649 2223 26.
673 2165 836 2234 laudantur,
861 2168 911 2221 vel
935 2178 1086 2240 corruptos
1103 2169 1245 2223 velmale
1264 2171 1354 2223 int'ei-

135 2263 138 2268 ·
190 2242 283 2294 lectos
302 2254 361 2294 esse
380 2238 538 2291 contendit.
576 2238 611 2292 In
629 2236 799 2290 God.‘Vind.
821 2244 846 2295 1.
866 2238 978 2314 legitur
998 2241 1110 2293 etiem
1126 2240 1255 2293 matum
1275 2240 1353 2296 dixe-

192 2313 233 2367 rit
252 2328 324 2364 cum
342 2315 402 2364 toto
421 2324 549 2377 corpora
583 2311 620 2362 ln
632 2311 707 2361 Mon.
722 2310 746 2362 2.
766 2325 828 2361 eum
846 2310 879 2362 ab
899 2310 997 2364 eadem
1015 2330 1112 2375 inanu,
1131 2328 1202 2382 quae
1222 2313 1353 2366 codicem

192 2383 311 2454 scripsit
335 2399 422 2450 supra
445 2379 498 2435 lin.
527 2382 737 2450 scriptumest.
774 2383 848 2433 Mon.
871 2386 894 2436 l.
919 2382 1004 2449 habet
1030 2387 1132 2436 malum
1155 2394 1232 2434 esee
1257 2383 1353 2448 eiiam,

191 2455 270 2508 idem
297 2452 396 2523 optimi
419 2469 472 2521 pro
497 2454 622 2521 opprimi.
669 2452 749 2504 Unus
769 2452 819 2503 Ox.
840 2453 952 2505 omittit
969 2454 1062 2521 solum,
1094 2453 1166 2506 alius
1189 2469 1244 2524 pro
1268 2458 1352 2510 etiam

191 2525 277 2578 habet
297 2535 366 2580 cete.
403 2524 443 2574 Et
460 2520 517 2574 hoc
531 2523 648 2592 quidem
666 2537 724 2573 non
742 2524 833 2576 semel
849 2525 960 2575 factum
978 2533 1029 2591 est,
1048 2534 1082 2576 ut
1093 2526 1194 2579 Cicero
1204 2526 1353 2580 scriberet

190 2614 248 2651 non
265 2597 346 2648 modo
366 2621 399 2631 -
418 2595 477 2659 ted,
505 2595 632 2662 pronon
650 2592 727 2645 modo
747 2621 780 2630 -
798 2596 849 2648 aed
876 2594 976 2647 etiam:
1006 2596 1065 2648 vid.
1085 2597 1151 2651 Otto
1169 2595 1290 2652 Excurs.
1317 2597 1354 2652 ad

193 2668 254 2721 cte.
275 2667 309 2719 do
327 2665 422 2735 Finn.
434 2682 461 2734 p.
482 2666 535 2719 378
553 2683 594 2735 sq.
615 2664 751 2717 Oreuzer.
772 2666 806 2718 ad
823 2666 881 2720 cic.
903 2665 938 2717 de
956 2668 1046 2741 Legg.
1066 2668 1119 2720 111.
1132 2669 1157 2720 7.
1178 2666 1219 2721 17.
1237 2685 1265 2738 p.
1285 2671 1349 2724 416.

191 2737 314 2792 Beneck.
341 2736 375 2789 ad
399 2736 459 2789 cic.
480 2735 564 2791 Catil.
588 2735 642 2789 111.
663 2737 705 2789 16.
726 2736 768 2790 24.
797 2756 825 2807 p.
843 2739 904 2792 234.
927 2737 1020 2790 Kritz.
1040 2739 1075 2790 ad
1093 2738 1162 2792 Sall.
1181 2736 1239 2790 Oet.
1257 2741 1301 2794 18.
1322 2743 1350 2794 7.

216 2849 222 2862 .
247 2813 283 2865 88
305 2826 346 2878 sq.
368 2820 416 2845 -’
444 2808 520 2859 Tum
543 2807 609 2860 Cod.
635 2805 710 2880 Aug.
735 2813 792 2862 toto
815 2809 922 2861 corde
947 2835 980 2845 -
1006 2814 1064 2861 tum
1087 2805 1235 2863 maxima
1259 2826 1352 2877 oum,

193 2828 288 2937 Muisb.
314 2888 343 2933 et
375 2878 450 2931 Gud.
470 2880 495 2932 2.
525 2882 603 2931 tunc
629 2893 716 2947 qaum.
759 2878 803 2931 Ad
826 2878 999 2932 sententiam
1028 2883 1105 2934 coni.
1132 2895 1219 2949 supra
1241 2879 1282 2934 11.
1309 2885 1351 2940 19.

192 2953 273 3006 eirca
288 2951 339 3003 fin.
376 2951 437 3004 Ma.

266 3034 407 3113 occupavi
431 3039 475 3106 te]
505 3039 631 3092 Graece:
658 3041 904 3110 Προκατείλημμαί
921 3055 962 3104 σε,
986 3031 1106 3111 ὦτύχη,
1125 3041 1172 3095 καὶ
1188 3047 1286 3095 πᾶσαν
1302 3041 1352 3108 τήν

194 3109 248 3180 σὴν
273 3113 419 3184 ἀφῄρημαι
442 3110 628 3180 παρείςδυσιν.
666 3111 791 3185 Legitur
817 3112 893 3179 apud
914 3112 1103 3166 Plutarchum
1126 3113 1192 3182 περὶ
1220 3114 1352 3183 εὐθυμίας

194 3202 259 3258 pag.
280 3187 340 3239 476.
365 3182 488 3266 ,Nonius
506 3183 538 3264 in
556 3196 706 3250 occupare:
728 3181 826 3235 Cicero
848 3183 928 3266 Tute.
949 3183 1002 3237 lib.
1021 3186 1055 3241 V.
1094 3184 1174 3251 Quod
1196 3184 1275 3263 idem
1293 3200 1353 3238 me-

194 3255 314 3309 lioribus
333 3263 421 3307 etiam
439 3251 534 3310 verbu
552 3252 730 3305 Metrodorus
749 3262 902 3322 occupauit.
938 3257 1008 3329 leg.
1028 3256 1160 3326 occupaoi
1178 3262 1213 3310 te.
1249 3255 1288 3312 D.
1364 3300 1368 3309 ,

266 3343 344 3401 Quod
366 3342 442 3395 idem
461 3368 494 3379 -
512 3341 708 3407 Metrodorus,
736 3340 875 3410 Occupaoi
893 3351 928 3410 te,
953 3344 1070 3414 inquit]
1103 3344 1166 3398 Duo
1185 3346 1257 3398 Oxx.
1277 3342 1353 3398 idem

193 3413 324 3469 m'eliua
346 3415 439 3466 etiem.
471 3411 545 3464 Gud.
571 3413 682 3465 omittit
708 3412 801 3479 etiam,
830 3414 904 3487 Aug.
929 3414 1016 3468 habet
1046 3415 1151 3469 verbia-
1170 3416 1263 3470 ettam.
1308 3417 1352 3471 De

193 3486 358 3541 Metrodoro
381 3486 573 3553 Lampsaceno
601 3483 652 3547 (ita
678 3483 771 3536 dictus
796 3493 847 3550 est,
878 3502 1051 3556 quamquam
1071 3495 1133 3540 erat
1150 3486 1351 3541 Atheniensis:

195 3559 276 3612 cuius
301 3556 346 3608 rei
369 3573 483 3608 causam
508 3573 536 3605 v.
560 3555 634 3623 apud
651 3555 784 3607 Jonsium
808 3556 842 3608 dc
868 3555 988 3627 Scriptt.
1016 3559 1089 3610 Hist.
1109 3557 1216 3612 Philos.
1236 3559 1259 3613 l.
1278 3559 1306 3615 2.
1324 3558 1355 3617 6,

194 3648 223 3700 p.
244 3632 287 3683 18.
306 3630 416 3701 Menag.
444 3626 479 3678 ad
496 3627 591 3678 Lab’rt.
611 3626 645 3681 X.
665 3625 721 3691 22.)
748 3627 807 3682 vid.
827 3628 893 3680 tcic.
920 3628 954 3681 de
976 3629 1061 3682 Finn.
1081 3630 1119 3686 11.
1139 3633 1164 3684 3.
1194 3629 1231 3683 11.
1252 3629 1297 3685 28.
1317 3629 1352 3683 de

194 3698 249 3754 off.
268 3698 320 3752 111.
341 3701 383 3754 33.
405 3698 488 3751 Tusc.
510 3696 548 3748 ll.
568 3700 595 3750 6.
616 3699 659 3751 17.
679 3697 718 3753 ib.
737 3715 802 3749 ann.
823 3707 852 3752 et
876 3716 947 3767 quos
972 3717 1058 3771 supra
1079 3701 1194 3753 laudavi
1212 3702 1248 3754 ad
1265 3699 1307 3753 Π.
1324 3703 1350 3757 3.

194 3775 221 3828 8.
244 3785 286 3809 -·
311 3770 457 3824 scribitur
476 3767 637 3834 Occupovt't,
664 3776 698 3819 ut
716 3769 791 3838 apud
808 3771 946 3837 Nonium,
966 3770 997 3822 in
1015 3787 1074 3824 uno
1092 3773 1158 3827 God.
1178 3774 1228 3826 Ox.
1264 3772 1353 3849 Legi-

193 3851 246 3896 tur
263 3849 290 3896 te
306 3836 370 3912 post
388 3840 477 3909 inquit
502 3840 533 3890 in
550 3839 621 3891 Edd.
647 3849 712 3892 ante
731 3840 822 3895 Gebh.
853 3842 979 3911 exceptis
1005 3843 1081 3896 Vict.
1107 3843 1175 3897 Rob.
1201 3841 1303 3914 steph.
1325 3851 1355 3898 et

193 3916 278 3968 Leod.
298 3913 381 3966 Libri
399 3911 477 3965 MSS.
497 3910 575 3963 nihil
591 3912 715 3976 variant,
734 3911 790 3983 nisi
810 3913 885 3981 quod
894 3913 966 3965 Gud.
986 3911 1073 3966 habet
1086 3911 1225 3984 occupavi
1242 3921 1355 3969 temet

193 3987 315 4053 fortuna.
352 3984 414 4037 Duo
434 3984 503 4036 Oxx.
522 3980 628 4034 habent
646 3999 662 4036 o
680 3985 806 4048 fortuna,
825 3983 900 4036 alter
912 3985 1011 4058 pergit
1029 3990 1108 4055 atque
1125 4002 1218 4055 cepe.
1239 3985 1314 4040 Gud.
1328 3990 1353 4042 1.

194 4057 292 4123 omnia,
312 4064 341 4109 et
359 4073 445 4126 supra
462 4055 514 4108 lin.
538 4072 566 4124 q.
588 4053 661 4107 Gud.
675 4057 701 4110 2.
723 4055 832 4127 omittit
851 4061 929 4118 tuom
946 4072 1019 4107 unus
1038 4057 1087 4111 Ox.
1107 4056 1192 4110 habet
1211 4058 1250 4112 od
1264 4072 1354 4125 meo,
1380 4102 1383 4109 ,

193 4138 254 4183 tres
272 4128 324 4180 alii
343 4124 381 4180 ad
399 4143 442 4179 me
469 4125 626 4196 spirare,
656 4142 780 4195 quorum
804 4144 877 4178 unus
900 4143 953 4180 non
976 4128 1107 4197 possit,
1134 4128 1232 4183 Duisb.
1257 4137 1354 4184 autem

176 4216 250 4260 ¹non
274 4198 407 4267 poesie.
444 4197 588 4268 Equidem
610 4197 725 4267 pridem
750 4197 861 4250 conieci
891 4198 1047 4283 legendum
1073 4204 1104 4251 ut
1124 4227 1158 4237 -
1181 4218 1236 4255 non
1259 4199 1355 4270 postia

194 4287 248 4342 pro
264 4284 374 4338 possea:
394 4285 452 4321 non
470 4271 547 4322 enim
565 4267 639 4321 illud
655 4270 730 4334 vult,
758 4286 787 4322 se
807 4286 839 4322 eo
859 4269 979 4323 consilio
998 4270 1090 4322 aditus
1108 4274 1243 4326 fortunae
1263 4273 1356 4327 inter-

195 4342 323 4407 clusisse,
341 4358 378 4393 ne
396 4372 427 4384 ·-
449 4341 594 4412 adspirare
611 4349 719 4409 posset:
748 4341 806 4408 sed,
836 4358 878 4406 eo,
904 4339 981 4410 quod
999 4340 1202 4396 intercluserit
1219 4345 1355 4398 fortunae

196 4411 296 4473 aditus,
313 4429 421 4479 omnes,
451 4414 648 4477 factumcsie,
679 4420 712 4464 ut
737 4413 794 4465 iam
812 4443 845 4456 -
869 4411 1014 4480 adspirare
1038 4429 1097 4467 non
1124 4415 1222 4486 possit.
1263 4415 1355 4470 Nolui
