2856 5084
479 282 482 289 ’
545 276 674 346 menn
695 280 742 364 v,
764 280 818 347 rs
916 294 924 304 ³
976 317 979 324 ·
1033 288 1040 301 ¹·
1180 261 1246 347 tos

89 451 266 516 invictam·
304 450 400 515 Quae
417 443 484 514 nisi
501 450 594 527 sunt,
615 449 748 512 sublata
768 449 879 512 virtus
901 457 961 512 est.
1007 448 1118 531 Atque
1147 449 1176 511 si
1206 447 1245 511 io
1261 447 1305 504 5³.
1398 468 1400 473 ·

88 539 219 599 virtute
241 535 322 595 setis
344 544 395 595 e'st
416 533 578 616 praesidii
589 532 630 594 ed
651 535 736 594 bene
756 532 947 606 vivendum,
970 535 1050 594 satis
1072 540 1123 592 est
1144 532 1247 594 etiem

89 617 131 680 ad
152 620 259 680 beate.
302 615 389 678 Satis
413 625 463 678 est
486 621 574 677 enim
597 626 688 679 certe
710 619 745 676 in
766 619 906 694 virtute,
928 623 968 676 ut
990 618 1127 676 fortiter
1153 617 1248 678 vive·

86 706 172 765 mus.
195 699 232 761 Si
254 702 404 776 sortiter,
428 702 527 759 etiem
539 707 578 759 ut
598 718 718 782 magno
739 700 867 759 animo:
890 704 924 758 et
942 696 1076 780 quidem
1093 706 1135 758 'ut
1155 697 1248 759 nulla

90 803 129 845 re
151 803 294 863 unquam
318 790 518 856 terreamur,
554 801 749 863 semperque
777 784 881 841 simus
911 783 1041 843 invicti.
1086 779 1248 862 Sequitur

89 875 128 927 ut
150 866 237 927 nihil
261 867 442 945 poenitent,
465 864 551 923 nihil
573 864 671 940 desit,
693 864 775 924 nihil
787 865 911 925 obstet:
932 883 1016 948 ergo
1037 865 1148 924 omnia
1168 880 1247 945 pro,
1344 938 1349 949 .

84 950 247 1022 fluenter,
268 948 431 1022 absolute,
455 966 635 1028 prosperet
659 949 767 1030 igitur
787 947 892 1006 beate.
919 945 1023 1006 ¹Setis
1045 937 1156 1007 autem
1176 947 1249 1011 vir-

87 1041 142 1091 tus
165 1029 206 1090 ad
228 1032 369 1090 fortiter
391 1028 570 1090 vivendum
593 1038 721 1109 potest3
743 1029 823 1090 satis
846 1047 927 1112 ergo
948 1030 1047 1088 etism
1071 1026 1112 1088 ed
1141 1029 1246 1093 beate.
1345 1098 1348 1102 Α

86 1114 218 1174 Etenim
240 1123 279 1174 ut
299 1113 456 1189 stultitia,
489 1113 553 1173 etsi
581 1111 702 1194 adepta
731 1119 781 1172 est
811 1112 899 1193 quod
927 1110 1132 1193 concupivit,
1161 1101 1308 1174 nun-⁵4·

431 1235 1006 1248 *on-mma
1010 1233 1244 1251 *m

87 1302 186 1363 brtum
204 1306 301 1350 autem
320 1315 378 1350 esse
406 1306 436 1351 at
467 1315 501 1350 ex
520 1295 701 1370 direoypnptq
726 1298 808 1351 verbi
827 1298 1032 1362 antecedentis,
1055 1297 1080 1349 si
1098 1297 1175 1350 forte
1193 1294 1248 1348 ali-

89 1370 153 1438 quis
172 1370 320 1444 corrigere
339 1369 465 1422 volucrit
484 1370 611 1422 seruiet.
632 1371 720 1422 Rehd.
740 1369 826 1422 habet
840 1377 869 1422 at
886 1386 937 1424 noe
956 1373 1079 1434 etiam,
1097 1368 1147 1420 ubi
1160 1368 1249 1421 habes

88 1458 205 1491 manum
225 1435 405 1504 correctoris,
437 1436 487 1512 qui
507 1448 536 1493 ut
556 1473 586 1483 -
609 1448 699 1503 autem
725 1442 797 1493 ferri
825 1458 882 1494 non
900 1459 980 1510 posse
997 1438 1119 1494 videret.
1147 1439 1247 1515 Duisb.

88 1509 175 1564 habet
193 1515 223 1561 at
241 1528 291 1564 nos
309 1528 415 1580 sentper
433 1511 571 1573 virtutem,
593 1512 680 1567 Vind.
696 1517 719 1567 l.
740 1529 848 1580 semper
865 1529 938 1565 esse
957 1514 1077 1566 liberam.
1113 1512 1173 1566 ΜΤ.

159 1583 235 1637 Quae
253 1582 312 1635 uisi
329 1582 422 1648 suut]
443 1584 487 1634 lta
507 1582 593 1635 codd.
612 1585 675 1635 fere
694 1601 802 1648 omnes,
821 1583 877 1633 nisi
897 1584 973 1652 quod
989 1584 1045 1635 duo
1064 1583 1135 1636 Oxx.
1154 1580 1245 1635 Rehd.

86 1654 162 1704 Mon.
188 1659 210 1710 Ι.
230 1653 337 1706 habent
355 1656 423 1718 siut,
443 1672 517 1704 unus
537 1651 606 1722 quere
625 1653 684 1706 nisi
702 1655 785 1708 siti.
808 1648 869 1706 'Sed
886 1654 994 1706 multae
1012 1653 1083 1705 Edd.
1105 1651 1249 1723 quaeritet

86 1725 143 1789 ita
168 1729 234 1788 est,
262 1723 295 1780 A.
323 1725 353 1776 B.
376 1725 403 1776 S.
428 1726 462 1776 E.
484 1724 515 1777 C.
535 1727 568 1775 V.
588 1726 659 1775 Ven.
688 1734 777 1778 nostr.
802 1723 866 1776 Asc.
886 1727 912 1778 2.
941 1725 1022 1776 Junt.
1052 1726 1150 1780 Herw-
1174 1722 1246 1780 R'ob.

87 1793 188 1865 Steph.
210 1795 316 1848 Sturm.
355 1795 420 1850 Sola
439 1795 501 1848 Asc.
524 1797 548 1846 l.
569 1795 654 1848 habet
673 1793 818 1866 quaenist'
839 1797 893 1849 itu
918 1797 973 1850 eit.
1010 1797 1071 1849 Mr.
1174 1794 1177 1801 ’

158 1866 253 1934 Atque
272 1868 299 1920 εἰ
317 1867 347 1920 in
365 1867 486 1932 uirtute]
525 1867 573 1919 Sic
597 1869 725 1937 reposuit
744 1865 787 1919 Gi.
807 1867 964 1934 Bentleius,
991 1875 1077 1937 atque
1102 1866 1144 1920 ita
1165 1866 1248 1941 loqui

84 1937 159 1990 solet
175 1937 299 1989 Tullius.
336 1937 430 2012 Vulgo
457 1936 542 2008 etqui.
579 1937 618 1990 D.
1153 1970 1161 1986 ·

149 2008 201 2058 ‘At
210 2024 269 2075 que
293 2007 321 2059 ei
343 2008 375 2060 t'n
398 2009 520 2076 virtute]
554 2009 633 2061 Satis
663 2018 765 2062 notum
792 2017 853 2062 erat
877 2008 1004 2061 librariis
1021 2025 1084 2061 voc.
1111 2007 1189 2079 etqui
1210 2025 1247 2063 ex

85 2080 222 2131 formulis
235 2079 489 2152 syllogismorum:
509 2097 598 2150 quare
612 2097 678 2132 cum
697 2080 753 2133 hoc
771 2079 835 2133 loco
855 2080 1069 2132 conclusionem
1082 2079 1247 2155 syllogismi

87 2143 168 2218 quasi
192 2150 359 2220 praeparari
381 2150 525 2214 viderent,
554 2152 732 2219 scripserunt
759 2154 845 2221 atqui,
872 2152 1046 2221 praesertim
1072 2156 1246 2220 cernatque,

87 2221 433 2291 compendioscriptum,
467 2223 518 2273 vix
546 2223 652 2293 ebrill'o
678 2222 817 2275 differret.
855 2222 967 2276 Habent
986 2229 1068 2290 utque
1086 2221 1141 2274 duo
1159 2220 1247 2274 Oodd.

85 2291 160 2364 Aug.
187 2295 262 2343 ltlon.
282 2295 307 2345 2.
354 2295 418 2343 Post
441 2286 589 2343 Davisiuni
615 2300 791 2362 receperunt
814 2294 959 2348 FAWolf.
989 2292 1072 2345 Schz.
1102 2292 1148 2344 Or.
1173 2308 1248 2343 unus

86 2362 173 2413 habet
191 2368 238 2423 αις
271 2362 344 2412 alius
368 2379 434 2412 cum
459 2362 557 2412 Duisb.
587 2363 698 2414 omittit
724 2365 818 2414 omnia
843 2365 910 2415 iude
935 2364 968 2415 ab
991 2369 1074 2432 utque
1099 2379 1189 2432 usque
1212 2360 1253 2416 ad·

87 2433 175 2495 beate,
193 2433 263 2487 duos
282 2433 345 2482 fere
363 2448 461 2481 versus
480 2432 536 2494 vel,
558 2450 626 2502 quas
645 2434 753 2496 dicunt,
778 2433 876 2501 lineas.
914 2435 990 2486 Tum
1007 2443 1073 2504 post
1091 2434 1248 2500 vivendum,

88 2503 158 2552 setis
176 2501 247 2553 Edd.
269 2501 305 2569 V.
326 2509 355 2552 et
373 2501 440 2553 Rob.
462 2501 559 2572 Steph.
581 2504 720 2555 omittunt
738 2510 787 2556 est.
809 2505 882 2557 Gud.
903 2515 1013 2558 mutato
1038 2505 1138 2558 ordine
1160 2503 1248 2557 habet
1286 2506 1288 2510 ’

87 2572 164 2624 sutis
189 2573 238 2624 eti
245 2587 295 2622 arn
320 2579 381 2623 est.
420 2572 496 2623 Tum
522 2575 856 2640 unusOx.sntiseuim‚
878 2578 1049 2642 emissem,
1084 2576 1157 2627 alius
1176 2576 1249 2630 entis

88 2650 131 2694 est
155 2644 257 2694 omisso
281 2640 372 2705 eninm
407 2643 461 2694 dno
481 2644 549 2696 Oxx.
578 2646 718 2698 omittunt
742 2653 828 2710 certe*
851 2648 923 2700 alius
949 2646 1036 2700 habet
1060 2645 1247 2714 e'n'sortt'ter't

87 2717 153 2765 Post
171 2713 296 2766 uiuamus
316 2713 384 2766 Cod.
404 2714 486 2766 Vind.
508 2719 532 2770 2.
553 2717 651 2790 pergit
674 2717 740 2770 Sed
757 2717 881 2782 fortiter,
910 2721 982 2793 Aug.
1002 2718 1112 2772 omittit
1136 2718 1163 2769 ei
1185 2717 1248 2781 for·

88 2783 158 2836 liter
177 2785 271 2836 etiam.
311 2785 394 2837 Solus
421 2787 517 2837 Lamb.
539 2795 577 2849 et,
602 2788 738 2857 quicum
764 2790 905 2858 sequitur,
932 2791 980 2842 Fr.
1000 2789 1083 2843 Fabr-
1107 2787 1194 2840 habet
1212 2785 1248 2842 St

86 2860 123 2907 ut
140 2855 268 2922 fortiter.
306 2858 371 2907 ltlox
391 2855 457 2909 coo.
477 2857 521 2908 Au
545 2894 551 2907 .
580 2864 606 2910 et
631 2859 796 2927 equidem.
835 2861 1001 2912 Proximum
1026 2866 1058 2912 ut
1083 2858 1247 2913 nonhabet

86 2926 169 2977 Vind.
192 2931 222 2991 13
258 2925 334 2978 idem
359 2927 475 2979 exhibet
499 2875 560 2979 u'iia
585 2945 639 2997 pro
664 2929 757 2993 nullm
787 2929 860 2982 Gud.
880 2933 905 2984 2.
919 2938 1115 2984 terreamus.
1152 2930 1199 2982 Ad
1215 2946 1246 2983 v.

86 3012 248 3066 semperque
268 2997 434 3060 tenendum,
461 3000 593 3050 voculam
613 3015 663 3069 que
680 3008 745 3069 post
763 3001 947 3071 negationem
965 3001 1115 3054 intendere
1134 3008 1250 3054 senten·

86 3069 157 3119 tiam
181 3068 308 3138 ponique
331 3083 384 3136 pro
412 3070 465 3122 imo
488 3069 590 3137 potins.
636 3069 725 3122 Cuius
756 3070 975 3144 significationis
1004 3072 1136 3142 exempla
1161 3071 1261 3142 pluro

86 3137 213 3207 laudavit
231 3138 379 3190 Goerenz:
394 3138 425 3189 in
443 3139 541 3193 Indice
559 3140 594 3191 ad
612 3140 672 3194 Cic.
693 3140 727 3194 de
749 3135 835 3192 Finn.
858 3146 969 3212 1³:685.
999 3161 1027 3195 v.
1047 3159 1109 3213 que·
1123 3151 1160 3186 '·-
1196 3140 1249 3197 Se·

84 3210 192 3333 quitur,
221 3214 252 3261 ut
281 3208 385 3333 {isocen
400 3209 526 3282 ‘scripsit
550 3210 620 3263 alibi
648 3227 763 3282 quoque
785 3231 813 3264 v.
838 3228 869 3265 c.»
894 3213 928 3267 de
956 3213 1010 3269 Off.
1038 3215 1062 3278 l,
1081 3217 1125 3270 27.
1150 3213 1248 3268 Parad.

100 3281 137 3333 11.
159 3284 183 3335 l.
203 3284 247 3336 22.
320 3297 344 3332 ν.
976 3300 990 3311 ··
1162 3309 1166 3313 ’
1241 3290 1245 3301 ’

30 3412 33 3417 ,
159 3367 230 3417 ergo
249 3352 344 3404 omnia
359 3351 554 3419 profluenter]
578 3351 647 3418 „Sc
665 3369 694 3407 ee
711 3351 853 3420 habebunt,
872 3355 970 3423 fient.“
988 3357 1057 3411 Ern-
1093 3355 1157 3409 Du'o
1176 3352 1248 3410 oze

84 3423 283 3490 pertinenter,
301 3423 376 3506 Aug.
396 3423 592 3489 profluenter.
614 3451 647 3463 -
683 3425 816 3480 Absolute
833 3427 943 3480 dicitur'
959 3445 1012 3497 pro
1029 3431 1161 3497 perfecte.
1192 3428 1249 3481 Pro

87 3492 240 3559 igiturest
259 3510 327 3560 ergo
347 3513 379 3545 m
399 3493 466 3545 (lod.
487 3496 561 3569 Mon.
582 3496 607 3548 2.
645 3494 755 3548 Indea
779 3498 855 3551 setis
878 3516 968 3569 usque
992 3499 1027 3550 ad
1052 3500 1130 3552 beate
1150 3496 1248 3559 omnin

88 3563 191 3614 desunt
209 3565 240 3615 in
258 3582 315 3617 uno
335 3563 384 3616 Ox.
415 3564 572 3634 Scriptum
601 3572 642 3617 est
669 3566 700 3618 in
725 3568 797 3620 E'dd.
817 3571 880 3622 fere
905 3569 1037 3622 omnibus
1055 3568 1137 3624 Satis
1155 3574 1248 3624 auem

88 3635 129 3685 ed
147 3633 265 3705 fortiter
283 3636 430 3689 uiuendum
449 3635 576 3688 ue’s‘tus
591 3643 700 3705 potest3
719 3638 767 3690 sed
784 3656 851 3692 eum
870 3640 956 3695 codd.
976 3640 1046 3714 Reg.
1066 3641 1248 3709 (certissime,

89 3705 221 3772 quamvis
240 3713 333 3758 tacent
352 3706 469 3758 collatio
487 3707 595 3771 nostra)
622 3709 696 3760 Gud.
718 3715 741 3766 l.
761 3711 848 3767 Marbs
877 3711 951 3765 Mon.
973 3717 996 3766 1.
1017 3715 1043 3768 2.
1061 3712 1150 3766 Rehd.
1170 3711 1245 3777 Gud.

88 3774 186 3842 Duisb.
215 3774 299 3827 Vind.
320 3781 344 3830 1.
365 3780 389 3830 2.
420 3776 486 3839 (hic
505 3779 610 3831 omisso
629 3781 744 3846 eutem)¹
757 3780 829 3839 Edd.
849 3783 925 3840 Vict.
949 3783 1018 3838 Rob.
1039 3783 1139 3854 steph.
1159 3782 1246 3842 L'eod',

88 3846 214 3898 habeant
232 3862 298 3897 cum
316 3846 384 3898 Dav.
414 3850 485 3901 satie
510 3856 600 3902 autem
625 3849 744 3904 uirtus
770 3853 809 3906 ed
834 3853 946 3920 fortiter
972 3852 1129 3907 sinendum*
1143 3856 1247 3921 potest}

89 3935 157 3987 eum
181 3916 336 3970 verborum
363 3916 493 3971 ordinem
519 3921 625 3990 recepi.
661 3921 727 3974 Ood.
754 3922 828 3998 Aug.
856 3924 943 3976 habet
968 3926 1061 3976 uirtus
1087 3923 1248 3986 vivendum

90 3987 165 4043 Gud.
185 3991 210 4043 2.
240 3985 468 4044 oin'ittit'oe'rtue.
489 3989 563 4056 Gud.
589 3993 701 4044 omittit
715 3998 815 4061 potest,
842 3994 999 4066 pergitque
1023 3991 1094 4045 sutis
1117 3987 1254 4060 igitur.‘
1283 3992 1289 4005 “

56 4073 57 4076 ’
89 4061 157 4111 Mox
182 4057 333 4111 unus'Ox.
359 4057 471 4110 Etenim
494 4061 530 4113 e'n
556 4061 689 4124 stultitia,
722 4063 918 4118 alius'elenim
946 4062 1077 4120 stultitam
1105 4062 1192 4118 Vind.
1219 4065 1246 4122 1.·

90 4129 240 4183 etiamsi
253 4130 374 4199 *adeptu
399 4128 472 4180 Gud.
491 4132 517 4183 2.
546 4137 579 4183 et
598 4127 708 4200 nemra,
739 4132 794 4186 duo
819 4134 888 4187 Oxx.
918 4135 953 4187 si
976 4134 1085 4201 adeptu,
1108 4134 1191 4186 Vind.
1211 4136 1242 4190 2¹
1270 4152 1273 4160 ¹

90 4201 252 4253 nonhabet
270 4208 318 4254 est.
356 4201 457 4272 Pergit
475 4201 551 4252 Mon.
575 4208 597 4255 Ι.
617 4209 655 4253 ut
673 4204 841 4270 concupivit3
860 4206 936 4261 Gud.
955 4205 1038 4257 Vind.
1057 4209 1083 4263 2.
1103 4221 1243 4275 nunquam

90 4280 206 4324 iernen
228 4288 272 4324 se.
318 4273 353 4325 ln
377 4259 465 4325 Rebd.
495 4271 573 4325 deest
598 4272 681 4337 setim
714 4274 788 4326 Gud.
812 4280 844 4327 1.·
863 4274 949 4328 habet
975 4284 1138 4330 consecute.
1167 4277 1242 4352 Aug.
1275 4299 1278 4306 ·

91 4343 201 4396 omittit
220 4359 265 4406 eo,·
291 4341 363 4396 Gud.
385 4346 408 4398 l.
435 4344 522 4396 habet
545 4360 576 4396 eo
604 4350 713 4398 centa.
752 4345 818 4398 Mox
844 4346 897 4402 Fid.
916 4349 946 4400 P.
974 4363 1057 4417 neque
1081 4348 1171 4402 enim
1194 4365 1245 4402 un·

91 4429 191 4484 qucum
210 4414 285 4468 Mod.
296 4417 331 4473 2.
350 4413 395 4469 eui
412 4415 532 4486 poenitet
549 4410 677 4484 utiquam,
696 4415 780 4472 Vind.
801 4422 826 4476 l.
846 4417 892 4473 sui
909 4433 946 4474 ee
961 4421 1093 4488 poenitet.
1120 4419 1247 4475 Verbum
