<?xml version="1.0" encoding="UTF-8"?>
<!DOCTYPE html PUBLIC "-//W3C//DTD XHTML 1.0 Transitional//EN"
    "http://www.w3.org/TR/xhtml1/DTD/xhtml1-transitional.dtd">
<html xmlns="http://www.w3.org/1999/xhtml" xml:lang="en" lang="en">
 <head>
  <title>
</title>
<meta http-equiv="Content-Type" content="text/html;charset=utf-8" />
  <meta name='ocr-system' content='tesseract 3.04.00' />
  <meta name='ocr-capabilities' content='ocr_page ocr_carea ocr_par ocr_line ocrx_word'/>
</head>
<body>
  <div class='ocr_page' id='page_1' title='image "./mtulliiciceroni02davigoog/mtulliiciceroni02davigoog_0049.png"; bbox 0 0 2856 5084; ppageno 0'>
   <div class='ocr_carea' id='block_1_1' title="bbox 127 281 1081 354">
    <p class='ocr_par' dir='ltr' id='par_1_1' title="bbox 127 281 1081 354">
     <span class='ocr_line' id='line_1_1' title="bbox 127 281 1081 354; baseline -0.008 0"><span class='ocrx_word' id='word_1_1' title='bbox 127 288 170 354; x_wconf 78' lang='grc'><strong>48</strong></span> <span class='ocrx_word' id='word_1_2' title='bbox 325 283 556 348; x_wconf 85' lang='lat' dir='ltr'>CICERONIS</span> <span class='ocrx_word' id='word_1_3' title='bbox 578 282 825 348; x_wconf 83' lang='lat' dir='ltr'><strong>TUSCULAN.</strong></span> <span class='ocrx_word' id='word_1_4' title='bbox 848 281 1081 346; x_wconf 85' lang='lat' dir='ltr'><strong>DISPUTAT.</strong></span> 
     </span>
    </p>
   </div>
   <div class='ocr_carea' id='block_1_2' title="bbox 126 445 1289 529">
    <p class='ocr_par' dir='ltr' id='par_1_2' title="bbox 126 445 1289 529">
     <span class='ocr_line' id='line_1_2' title="bbox 126 445 1289 529; baseline -0.006 -15"><span class='ocrx_word' id='word_1_5' title='bbox 126 454 266 521; x_wconf 88' lang='lat' dir='ltr'><strong>bonum.</strong></span> <span class='ocrx_word' id='word_1_6' title='bbox 311 450 375 514; x_wconf 87' lang='lat' dir='ltr'><strong>Sed</strong></span> <span class='ocrx_word' id='word_1_7' title='bbox 396 452 521 513; x_wconf 89' lang='lat' dir='ltr'><strong>Brutus</strong></span> <span class='ocrx_word' id='word_1_8' title='bbox 544 458 634 529; x_wconf 91' lang='lat' dir='ltr'><strong>tuus,</strong></span> <span class='ocrx_word' id='word_1_9' title='bbox 661 458 798 512; x_wconf 85' lang='lat' dir='ltr'><strong>auctore</strong></span> <span class='ocrx_word' id='word_1_10' title='bbox 820 449 934 510; x_wconf 85' lang='lat' dir='ltr'><strong>Aristo</strong></span> <span class='ocrx_word' id='word_1_11' title='bbox 955 456 989 510; x_wconf 87' lang='lat' dir='ltr'><strong>st</strong></span> <span class='ocrx_word' id='word_1_12' title='bbox 1009 445 1187 525; x_wconf 80' lang='lat' dir='ltr'><strong>Antiocho,</strong></span> <span class='ocrx_word' id='word_1_13' title='bbox 1219 465 1289 507; x_wconf 89' lang='lat' dir='ltr'><strong>non</strong></span> 
     </span>
    </p>
   </div>
   <div class='ocr_carea' id='block_1_3' title="bbox 202 629 1289 701">
    <p class='ocr_par' dir='ltr' id='par_1_3' title="bbox 202 629 1289 701">
     <span class='ocr_line' id='line_1_3' title="bbox 202 629 1289 701; baseline -0.003 -14"><span class='ocrx_word' id='word_1_14' title='bbox 202 638 314 687; x_wconf 90' lang='lat' dir='ltr'><strong>auctore</strong></span> <span class='ocrx_word' id='word_1_15' title='bbox 332 631 470 686; x_wconf 81' lang='lat' dir='ltr'><strong>Aristone</strong></span> <span class='ocrx_word' id='word_1_16' title='bbox 488 638 515 686; x_wconf 90' lang='lat' dir='ltr'><strong>et</strong></span> <span class='ocrx_word' id='word_1_17' title='bbox 533 629 683 699; x_wconf 86' lang='lat' dir='ltr'><strong>Antiocho]</strong></span> <span class='ocrx_word' id='word_1_18' title='bbox 720 632 838 698; x_wconf 83' lang='lat' dir='ltr'><strong>„BentL</strong></span> <span class='ocrx_word' id='word_1_19' title='bbox 859 632 1028 686; x_wconf 87' lang='lat' dir='ltr'><strong>auctoribus.</strong></span> <span class='ocrx_word' id='word_1_20' title='bbox 1066 629 1122 684; x_wconf 89' lang='lat' dir='ltr'><strong>Sed</strong></span> <span class='ocrx_word' id='word_1_21' title='bbox 1144 648 1172 684; x_wconf 87' lang='lat' dir='ltr'><strong>v.</strong></span> <span class='ocrx_word' id='word_1_22' title='bbox 1190 631 1289 701; x_wconf 88' lang='lat' dir='ltr'><strong>Wop-</strong></span> 
     </span>
    </p>
   </div>
   <div class='ocr_carea' id='block_1_4' title="bbox 129 702 1290 1343">
    <p class='ocr_par' dir='ltr' id='par_1_4' title="bbox 129 702 1290 1343">
     <span class='ocr_line' id='line_1_4' title="bbox 130 702 1286 826; baseline 0 -70"><span class='ocrx_word' id='word_1_23' title='bbox 130 704 313 787; x_wconf 49' lang='lat' dir='ltr'><strong>keanisc.</strong></span> <span class='ocrx_word' id='word_1_24' title='bbox 339 704 401 758; x_wconf 81' lang='lat' dir='ltr'><strong>obs.</strong></span> <span class='ocrx_word' id='word_1_25' title='bbox 426 705 489 759; x_wconf 88' lang='lat' dir='ltr'><strong>Vol.</strong></span> <span class='ocrx_word' id='word_1_26' title='bbox 513 703 592 788; x_wconf 78' lang='lat' dir='ltr'><strong>Vlll.</strong></span> <span class='ocrx_word' id='word_1_27' title='bbox 624 721 653 772; x_wconf 86' lang='lat' dir='ltr'><strong>p.</strong></span> <span class='ocrx_word' id='word_1_28' title='bbox 676 705 719 758; x_wconf 77' lang='grc'><strong>50.</strong></span> <span class='ocrx_word' id='word_1_29' title='bbox 744 702 878 826; x_wconf 77' lang='lat' dir='ltr'><strong>Appulej.</strong></span> <span class='ocrx_word' id='word_1_30' title='bbox 910 703 944 756; x_wconf 90' lang='lat' dir='ltr'><strong>de</strong></span> <span class='ocrx_word' id='word_1_31' title='bbox 969 703 1044 755; x_wconf 88' lang='lat' dir='ltr'><strong>Phil.</strong></span> <span class='ocrx_word' id='word_1_32' title='bbox 1069 718 1142 760; x_wconf 79' lang='lat' dir='ltr'><strong>inor.</strong></span> <span class='ocrx_word' id='word_1_33' title='bbox 1168 702 1286 785; x_wconf 37' lang='grc'><strong>111597.</strong></span> 
     </span>
     <span class='ocr_line' id='line_1_5' title="bbox 129 774 1288 858; baseline -0.001 -31"><span class='ocrx_word' id='word_1_34' title='bbox 129 782 332 858; x_wconf 75' lang='lat' dir='ltr'><strong>participes</strong></span> <span class='ocrx_word' id='word_1_35' title='bbox 352 790 471 843; x_wconf 84' lang='lat' dir='ltr'><strong>puerum</strong></span> <span class='ocrx_word' id='word_1_36' title='bbox 496 782 648 828; x_wconf 73' lang='lat' dir='ltr'><strong>etiterum.</strong></span> <span class='ocrx_word' id='word_1_37' title='bbox 685 774 732 827; x_wconf 77' lang='lat' dir='ltr'><strong>Sic</strong></span> <span class='ocrx_word' id='word_1_38' title='bbox 757 777 783 826; x_wconf 88' lang='grc' dir='ltr'><strong>Μ</strong></span> <span class='ocrx_word' id='word_1_39' title='bbox 807 774 835 827; x_wconf 89' lang='lat' dir='ltr'><strong>S.</strong></span> <span class='ocrx_word' id='word_1_40' title='bbox 851 782 892 856; x_wconf 32' lang='lat' dir='ltr'><strong>’at</strong></span> <span class='ocrx_word' id='word_1_41' title='bbox 915 774 987 827; x_wconf 85' lang='lat' dir='ltr'><strong>Edd.</strong></span> <span class='ocrx_word' id='word_1_42' title='bbox 1014 781 1083 856; x_wconf 73' lang='lat' dir='ltr'><strong>vett</strong></span> <span class='ocrx_word' id='word_1_43' title='bbox 1106 778 1288 841; x_wconf 73' lang='lat' dir='ltr'><strong>participem.</strong></span> 
     </span>
     <span class='ocr_line' id='line_1_6' title="bbox 130 843 1288 927; baseline 0.002 -28"><span class='ocrx_word' id='word_1_44' title='bbox 130 847 264 916; x_wconf 73' lang='lat' dir='ltr'><strong>Appulel.</strong></span> <span class='ocrx_word' id='word_1_45' title='bbox 291 846 326 899; x_wconf 86' lang='lat' dir='ltr'><strong>de</strong></span> <span class='ocrx_word' id='word_1_46' title='bbox 350 845 454 898; x_wconf 83' lang='lat' dir='ltr'><strong>Mundo</strong></span> <span class='ocrx_word' id='word_1_47' title='bbox 477 863 506 915; x_wconf 89' lang='lat' dir='ltr'><strong>p.</strong></span> <span class='ocrx_word' id='word_1_48' title='bbox 527 850 588 901; x_wconf 82' lang='lat'><strong>716.</strong></span> <span class='ocrx_word' id='word_1_49' title='bbox 615 862 629 898; x_wconf 84' lang='lat' dir='ltr'><strong>e</strong></span> <span class='ocrx_word' id='word_1_50' title='bbox 653 844 733 898; x_wconf 82' lang='lat' dir='ltr'><strong>MSS.</strong></span> <span class='ocrx_word' id='word_1_51' title='bbox 759 843 917 913; x_wconf 77' lang='lat' dir='ltr'><strong>Scythicum</strong></span> <span class='ocrx_word' id='word_1_52' title='bbox 942 851 968 898; x_wconf 88' lang='lat' dir='ltr'><strong>et</strong></span> <span class='ocrx_word' id='word_1_53' title='bbox 992 844 1127 927; x_wconf 80' lang='lat' dir='ltr'><strong>Hiberum</strong></span> <span class='ocrx_word' id='word_1_54' title='bbox 1154 843 1288 911; x_wconf 63' lang='lat' dir='ltr'><strong>frataf‘</strong></span> 
     </span>
     <span class='ocr_line' id='line_1_7' title="bbox 131 915 1289 1041; baseline 0.001 -1"><span class='ocrx_word' id='word_1_55' title='bbox 131 916 990 1041; x_wconf 45' lang='lat' dir='ltr'><strong>&#39;Oaddhiliraibbiil‘obphalbllorieffigilbIhltatAtlliahhoffibum</strong></span> <span class='ocrx_word' id='word_1_56' title='bbox 1002 915 1289 1041; x_wconf 48' lang='lat' dir='ltr'><strong>lifflihhhbhlscehsliih</strong></span> 
     </span>
     <span class='ocr_line' id='line_1_8' title="bbox 131 1005 1289 1129; baseline -0.003 -16"><span class='ocrx_word' id='word_1_57' title='bbox 131 1007 210 1114; x_wconf 59' lang='lat' dir='ltr'><strong>rgriha</strong></span> <span class='ocrx_word' id='word_1_58' title='bbox 232 1062 318 1115; x_wconf 88' lang='lat' dir='ltr'><strong>Leon.</strong></span> <span class='ocrx_word' id='word_1_59' title='bbox 345 1060 499 1129; x_wconf 84' lang='lat' dir='ltr'><strong>Malaspina</strong></span> <span class='ocrx_word' id='word_1_60' title='bbox 524 1059 555 1109; x_wconf 90' lang='lat' dir='ltr'><strong>in</strong></span> <span class='ocrx_word' id='word_1_61' title='bbox 572 1058 736 1112; x_wconf 83' lang='lat' dir='ltr'><strong>Emendatt.</strong></span> <span class='ocrx_word' id='word_1_62' title='bbox 763 1060 793 1109; x_wconf 91' lang='lat' dir='ltr'><strong>in</strong></span> <span class='ocrx_word' id='word_1_63' title='bbox 820 1059 869 1111; x_wconf 90' lang='lat' dir='ltr'><strong>lib.</strong></span> <span class='ocrx_word' id='word_1_64' title='bbox 886 1025 915 1113; x_wconf 71' lang='lat'><strong>⁹6.</strong></span> <span class='ocrx_word' id='word_1_65' title='bbox 940 1005 1089 1129; x_wconf 69' lang='lat' dir='ltr'><strong>Epistgad</strong></span> <span class='ocrx_word' id='word_1_66' title='bbox 1107 1057 1183 1109; x_wconf 76' lang='lat' dir='ltr'><strong>Ata:</strong></span> <span class='ocrx_word' id='word_1_67' title='bbox 1205 1084 1241 1094; x_wconf 93' lang='lat'>-</span> <span class='ocrx_word' id='word_1_68' title='bbox 1262 1064 1289 1110; x_wconf 87' lang='lat' dir='ltr'><strong>et</strong></span> 
     </span>
     <span class='ocr_line' id='line_1_9' title="bbox 131 1128 1289 1198; baseline -0.004 -13"><span class='ocrx_word' id='word_1_69' title='bbox 131 1148 193 1185; x_wconf 86' lang='lat' dir='ltr'><strong>cum</strong></span> <span class='ocrx_word' id='word_1_70' title='bbox 217 1132 347 1185; x_wconf 90' lang='lat' dir='ltr'><strong>Aristo</strong></span> <span class='ocrx_word' id='word_1_71' title='bbox 372 1146 469 1198; x_wconf 87' lang='lat' dir='ltr'><strong>nuper.</strong></span> <span class='ocrx_word' id='word_1_72' title='bbox 506 1130 560 1183; x_wconf 79' lang='lat' dir='ltr'><strong>Oui</strong></span> <span class='ocrx_word' id='word_1_73' title='bbox 583 1130 734 1182; x_wconf 84' lang='lat' dir='ltr'><strong>assentior.</strong></span> <span class='ocrx_word' id='word_1_74' title='bbox 760 1130 818 1181; x_wconf 86' lang='lat' dir='ltr'><strong>fuit</strong></span> <span class='ocrx_word' id='word_1_75' title='bbox 845 1131 923 1182; x_wconf 84' lang='lat' dir='ltr'><strong>enim</strong></span> <span class='ocrx_word' id='word_1_76' title='bbox 941 1131 1053 1181; x_wconf 84' lang='lat' dir='ltr'><strong>Aristus</strong></span> <span class='ocrx_word' id='word_1_77' title='bbox 1070 1128 1211 1180; x_wconf 82' lang='lat' dir='ltr'><strong>Antiochi</strong></span> <span class='ocrx_word' id='word_1_78' title='bbox 1229 1130 1289 1180; x_wconf 77' lang='lat' dir='ltr'><strong>fra·</strong></span> 
     </span>
     <span class='ocr_line' id='line_1_10' title="bbox 131 1199 1288 1270; baseline -0.004 -14"><span class='ocrx_word' id='word_1_79' title='bbox 131 1202 211 1256; x_wconf 88' lang='lat' dir='ltr'><strong>ter.“</strong></span> <span class='ocrx_word' id='word_1_80' title='bbox 248 1199 427 1267; x_wconf 87' lang='lat' dir='ltr'><strong>„Antiochus</strong></span> <span class='ocrx_word' id='word_1_81' title='bbox 449 1201 498 1252; x_wconf 91' lang='lat' dir='ltr'><strong>hic</strong></span> <span class='ocrx_word' id='word_1_82' title='bbox 523 1201 555 1251; x_wconf 91' lang='lat' dir='ltr'><strong>in</strong></span> <span class='ocrx_word' id='word_1_83' title='bbox 572 1201 647 1254; x_wconf 90' lang='lat' dir='ltr'><strong>libro</strong></span> <span class='ocrx_word' id='word_1_84' title='bbox 666 1218 753 1252; x_wconf 87' lang='lat' dir='ltr'><strong>manu</strong></span> <span class='ocrx_word' id='word_1_85' title='bbox 771 1201 880 1269; x_wconf 88' lang='lat' dir='ltr'><strong>scripto</strong></span> <span class='ocrx_word' id='word_1_86' title='bbox 903 1202 984 1270; x_wconf 86' lang='lat' dir='ltr'><strong>prius·</strong></span> <span class='ocrx_word' id='word_1_87' title='bbox 1007 1201 1184 1265; x_wconf 87' lang='lat' dir='ltr'><strong>nominatur,</strong></span> <span class='ocrx_word' id='word_1_88' title='bbox 1212 1199 1288 1252; x_wconf 86' lang='lat' dir='ltr'><strong>sicut</strong></span> 
     </span>
     <span class='ocr_line' id='line_1_11' title="bbox 131 1271 1290 1343; baseline -0.006 -15"><span class='ocrx_word' id='word_1_89' title='bbox 131 1282 164 1328; x_wconf 87' lang='lat' dir='ltr'><strong>et</strong></span> <span class='ocrx_word' id='word_1_90' title='bbox 182 1274 267 1343; x_wconf 91' lang='lat' dir='ltr'><strong>paulo</strong></span> <span class='ocrx_word' id='word_1_91' title='bbox 285 1279 350 1343; x_wconf 85' lang='lat' dir='ltr'><strong>post</strong></span> <span class='ocrx_word' id='word_1_92' title='bbox 368 1273 399 1323; x_wconf 90' lang='lat' dir='ltr'><strong>in</strong></span> <span class='ocrx_word' id='word_1_93' title='bbox 418 1272 556 1324; x_wconf 90' lang='lat' dir='ltr'><strong>omnibus.</strong></span> <span class='ocrx_word' id='word_1_94' title='bbox 596 1272 674 1337; x_wconf 81' lang='lat' dir='ltr'><strong>Quod</strong></span> <span class='ocrx_word' id='word_1_95' title='bbox 698 1279 794 1323; x_wconf 91' lang='lat' dir='ltr'><strong>autem</strong></span> <span class='ocrx_word' id='word_1_96' title='bbox 818 1271 972 1325; x_wconf 84' lang='lat' dir='ltr'><strong>Lambinus</strong></span> <span class='ocrx_word' id='word_1_97' title='bbox 996 1271 1167 1341; x_wconf 84' lang='lat' dir='ltr'><strong>Malaspinae</strong></span> <span class='ocrx_word' id='word_1_98' title='bbox 1195 1287 1290 1323; x_wconf 85' lang='lat' dir='ltr'><strong>assen-</strong></span> 
     </span>
    </p>
   </div>
   <div class='ocr_carea' id='block_1_5' title="bbox 1 1341 1289 1425">
    <p class='ocr_par' dir='ltr' id='par_1_5' title="bbox 1 1341 1289 1425">
     <span class='ocr_line' id='line_1_12' title="bbox 1 1341 1289 1425; baseline -0.002 -27"><span class='ocrx_word' id='word_1_99' title='bbox 1 1354 3 1358; x_wconf 84' lang='lat'>&#39;</span> <span class='ocrx_word' id='word_1_100' title='bbox 60 1386 63 1392; x_wconf 87' lang='lat'><strong>.</strong></span> <span class='ocrx_word' id='word_1_101' title='bbox 132 1346 209 1398; x_wconf 88' lang='lat' dir='ltr'><strong>tiens</strong></span> <span class='ocrx_word' id='word_1_102' title='bbox 228 1344 338 1408; x_wconf 91' lang='lat' dir='ltr'><strong>Aristo,</strong></span> <span class='ocrx_word' id='word_1_103' title='bbox 357 1360 416 1395; x_wconf 91' lang='lat' dir='ltr'><strong>non</strong></span> <span class='ocrx_word' id='word_1_104' title='bbox 432 1342 579 1406; x_wconf 73' lang='lat' dir='ltr'><strong>Aristone,</strong></span> <span class='ocrx_word' id='word_1_105' title='bbox 599 1351 633 1394; x_wconf 91' lang='lat' dir='ltr'><strong>ut</strong></span> <span class='ocrx_word' id='word_1_106' title='bbox 652 1350 694 1394; x_wconf 89' lang='lat' dir='ltr'><strong>est</strong></span> <span class='ocrx_word' id='word_1_107' title='bbox 712 1343 744 1394; x_wconf 90' lang='lat' dir='ltr'><strong>in</strong></span> <span class='ocrx_word' id='word_1_108' title='bbox 763 1343 893 1394; x_wconf 88' lang='lat' dir='ltr'><strong>omnibus</strong></span> <span class='ocrx_word' id='word_1_109' title='bbox 910 1343 1003 1407; x_wconf 88' lang='lat' dir='ltr'><strong>libris,</strong></span> <span class='ocrx_word' id='word_1_110' title='bbox 1022 1342 1107 1416; x_wconf 83' lang='lat' dir='ltr'><strong>legit,</strong></span> <span class='ocrx_word' id='word_1_111' title='bbox 1127 1341 1161 1393; x_wconf 89' lang='lat' dir='ltr'><strong>de</strong></span> <span class='ocrx_word' id='word_1_112' title='bbox 1181 1357 1214 1393; x_wconf 92' lang='lat' dir='ltr'><strong>eo</strong></span> <span class='ocrx_word' id='word_1_113' title='bbox 1235 1358 1289 1425; x_wconf 78' lang='lat' dir='ltr'><strong>ego</strong></span> 
     </span>
    </p>
   </div>
   <div class='ocr_carea' id='block_1_6' title="bbox 93 1412 1293 2419">
    <p class='ocr_par' dir='ltr' id='par_1_6' title="bbox 93 1412 1293 2419">
     <span class='ocr_line' id='line_1_13' title="bbox 133 1412 1290 1487; baseline -0.003 -19"><span class='ocrx_word' id='word_1_114' title='bbox 133 1414 235 1483; x_wconf 71' lang='grc' dir='ltr'><strong>ἐπέχω.</strong></span> <span class='ocrx_word' id='word_1_115' title='bbox 272 1416 338 1468; x_wconf 91' lang='lat' dir='ltr'><strong>Non</strong></span> <span class='ocrx_word' id='word_1_116' title='bbox 357 1415 460 1487; x_wconf 79' lang='lat' dir='ltr'><strong>ignoro</strong></span> <span class='ocrx_word' id='word_1_117' title='bbox 478 1413 608 1465; x_wconf 85' lang='lat' dir='ltr'><strong>Aristum</strong></span> <span class='ocrx_word' id='word_1_118' title='bbox 625 1413 770 1465; x_wconf 88' lang='lat' dir='ltr'><strong>nominari</strong></span> <span class='ocrx_word' id='word_1_119' title='bbox 789 1413 820 1463; x_wconf 92' lang='lat' dir='ltr'><strong>in</strong></span> <span class='ocrx_word' id='word_1_120' title='bbox 837 1414 930 1465; x_wconf 88' lang='lat' dir='ltr'><strong>Bruto</strong></span> <span class='ocrx_word' id='word_1_121' title='bbox 948 1413 1095 1483; x_wconf 85' lang='lat' dir='ltr'><strong>hospitem</strong></span> <span class='ocrx_word' id='word_1_122' title='bbox 1116 1420 1144 1464; x_wconf 90' lang='lat' dir='ltr'><strong>et</strong></span> <span class='ocrx_word' id='word_1_123' title='bbox 1163 1412 1290 1465; x_wconf 75' lang='lat' dir='ltr'><strong>furniliu-</strong></span> 
     </span>
     <span class='ocr_line' id='line_1_14' title="bbox 133 1482 1290 1554; baseline -0.003 -14"><span class='ocrx_word' id='word_1_124' title='bbox 133 1505 198 1540; x_wconf 84' lang='lat' dir='ltr'><strong>rem</strong></span> <span class='ocrx_word' id='word_1_125' title='bbox 216 1485 373 1551; x_wconf 81' lang='lat' dir='ltr'><strong>Ciceronis,</strong></span> <span class='ocrx_word' id='word_1_126' title='bbox 399 1485 451 1554; x_wconf 87' lang='lat' dir='ltr'><strong>qui</strong></span> <span class='ocrx_word' id='word_1_127' title='bbox 472 1484 596 1537; x_wconf 86' lang='lat' dir='ltr'><strong>Brutum</strong></span> <span class='ocrx_word' id='word_1_128' title='bbox 619 1485 651 1536; x_wconf 88' lang='lat' dir='ltr'><strong>in</strong></span> <span class='ocrx_word' id='word_1_129' title='bbox 672 1485 767 1536; x_wconf 89' lang='lat' dir='ltr'><strong>veteri</strong></span> <span class='ocrx_word' id='word_1_130' title='bbox 791 1484 944 1537; x_wconf 85' lang='lat' dir='ltr'><strong>Academia</strong></span> <span class='ocrx_word' id='word_1_131' title='bbox 971 1483 1142 1537; x_wconf 76' lang='lat' dir='ltr'><strong>exercuerit.</strong></span> <span class='ocrx_word' id='word_1_132' title='bbox 1180 1482 1290 1536; x_wconf 86' lang='lat' dir='ltr'><strong>Scribit</strong></span> 
     </span>
     <span class='ocr_line' id='line_1_15' title="bbox 135 1553 1290 1628; baseline -0.003 -18"><span class='ocrx_word' id='word_1_133' title='bbox 135 1573 250 1628; x_wconf 89' lang='lat' dir='ltr'><strong>quoquc</strong></span> <span class='ocrx_word' id='word_1_134' title='bbox 274 1558 365 1628; x_wconf 81' lang='lat' dir='ltr'><strong>Epist.</strong></span> <span class='ocrx_word' id='word_1_135' title='bbox 386 1560 428 1611; x_wconf 97' lang='grc'><strong>10.</strong></span> <span class='ocrx_word' id='word_1_136' title='bbox 453 1555 559 1610; x_wconf 77' lang='lat' dir='ltr'><strong>Libii.</strong></span> <span class='ocrx_word' id='word_1_137' title='bbox 586 1555 621 1607; x_wconf 85' lang='lat' dir='ltr'><strong>ad</strong></span> <span class='ocrx_word' id='word_1_138' title='bbox 645 1556 704 1607; x_wconf 87' lang='lat' dir='ltr'><strong>Att.</strong></span> <span class='ocrx_word' id='word_1_139' title='bbox 732 1572 761 1607; x_wconf 90' lang='lat' dir='ltr'><strong>se</strong></span> <span class='ocrx_word' id='word_1_140' title='bbox 779 1553 901 1607; x_wconf 85' lang='lat' dir='ltr'><strong>Athenis</strong></span> <span class='ocrx_word' id='word_1_141' title='bbox 925 1556 999 1625; x_wconf 90' lang='lat' dir='ltr'><strong>apud</strong></span> <span class='ocrx_word' id='word_1_142' title='bbox 1016 1555 1145 1606; x_wconf 89' lang='lat' dir='ltr'><strong>Aristum</strong></span> <span class='ocrx_word' id='word_1_143' title='bbox 1165 1570 1236 1619; x_wconf 87' lang='lat' dir='ltr'><strong>esse,</strong></span> <span class='ocrx_word' id='word_1_144' title='bbox 1260 1563 1290 1607; x_wconf 86' lang='lat' dir='ltr'><strong>et</strong></span> 
     </span>
     <span class='ocr_line' id='line_1_16' title="bbox 109 1625 1290 1696; baseline -0.003 -13"><span class='ocrx_word' id='word_1_145' title='bbox 109 1636 115 1648; x_wconf 86' lang='lat'>&#39;</span> <span class='ocrx_word' id='word_1_146' title='bbox 134 1630 197 1683; x_wconf 89' lang='lat' dir='ltr'><strong>Lib.</strong></span> <span class='ocrx_word' id='word_1_147' title='bbox 217 1629 243 1683; x_wconf 80' lang='lat'><strong>5.</strong></span> <span class='ocrx_word' id='word_1_148' title='bbox 264 1627 298 1680; x_wconf 86' lang='lat' dir='ltr'><strong>de</strong></span> <span class='ocrx_word' id='word_1_149' title='bbox 316 1626 411 1683; x_wconf 84' lang='lat' dir='ltr'><strong>Finib.</strong></span> <span class='ocrx_word' id='word_1_150' title='bbox 433 1625 522 1678; x_wconf 82' lang='lat' dir='ltr'><strong>Cuius</strong></span> <span class='ocrx_word' id='word_1_151' title='bbox 539 1626 641 1691; x_wconf 89' lang='lat' dir='ltr'><strong>aratio,</strong></span> <span class='ocrx_word' id='word_1_152' title='bbox 662 1626 769 1696; x_wconf 85' lang='lat' dir='ltr'><strong>inquit,</strong></span> <span class='ocrx_word' id='word_1_153' title='bbox 789 1627 910 1691; x_wconf 81' lang='lat' dir='ltr'><strong>attende,</strong></span> <span class='ocrx_word' id='word_1_154' title='bbox 930 1643 1036 1695; x_wconf 78' lang='lat' dir='ltr'><strong>quaeso,</strong></span> <span class='ocrx_word' id='word_1_155' title='bbox 1056 1627 1154 1690; x_wconf 88' lang='lat' dir='ltr'><strong>Brute,</strong></span> <span class='ocrx_word' id='word_1_156' title='bbox 1181 1627 1290 1680; x_wconf 82' lang='lat' dir='ltr'><strong>satisne</strong></span> 
     </span>
     <span class='ocr_line' id='line_1_17' title="bbox 134 1696 1292 1765; baseline -0.003 -10"><span class='ocrx_word' id='word_1_157' title='bbox 134 1700 264 1755; x_wconf 85' lang='lat' dir='ltr'><strong>videatur</strong></span> <span class='ocrx_word' id='word_1_158' title='bbox 281 1696 416 1751; x_wconf 77' lang='lat' dir='ltr'><strong>Antiochi</strong></span> <span class='ocrx_word' id='word_1_159' title='bbox 439 1700 583 1763; x_wconf 75' lang='lat' dir='ltr'><strong>complexa</strong></span> <span class='ocrx_word' id='word_1_160' title='bbox 608 1713 667 1749; x_wconf 88' lang='lat' dir='ltr'><strong>esse</strong></span> <span class='ocrx_word' id='word_1_161' title='bbox 685 1697 862 1750; x_wconf 86' lang='lat' dir='ltr'><strong>sententiam:</strong></span> <span class='ocrx_word' id='word_1_162' title='bbox 896 1713 977 1764; x_wconf 83' lang='lat' dir='ltr'><strong>quam</strong></span> <span class='ocrx_word' id='word_1_163' title='bbox 1004 1699 1066 1762; x_wconf 88' lang='lat' dir='ltr'><strong>tibi,</strong></span> <span class='ocrx_word' id='word_1_164' title='bbox 1095 1699 1143 1765; x_wconf 85' lang='lat' dir='ltr'><strong>qui</strong></span> <span class='ocrx_word' id='word_1_165' title='bbox 1168 1696 1292 1761; x_wconf 72' lang='lat' dir='ltr'><strong>fratrent</strong></span> 
     </span>
     <span class='ocr_line' id='line_1_18' title="bbox 93 1767 1291 1838; baseline -0.004 -12"><span class='ocrx_word' id='word_1_166' title='bbox 93 1775 96 1779; x_wconf 78' lang='grc'>’</span> <span class='ocrx_word' id='word_1_167' title='bbox 135 1774 197 1826; x_wconf 86' lang='lat' dir='ltr'><strong>eius</strong></span> <span class='ocrx_word' id='word_1_168' title='bbox 220 1769 353 1822; x_wconf 81' lang='lat' dir='ltr'><strong>Aristum</strong></span> <span class='ocrx_word' id='word_1_169' title='bbox 376 1771 536 1838; x_wconf 74' lang='lat' dir='ltr'><strong>frequenter</strong></span> <span class='ocrx_word' id='word_1_170' title='bbox 561 1767 698 1835; x_wconf 85' lang='lat' dir='ltr'><strong>audieris,</strong></span> <span class='ocrx_word' id='word_1_171' title='bbox 729 1770 850 1821; x_wconf 73' lang='lat' dir='ltr'><strong>maxime</strong></span> <span class='ocrx_word' id='word_1_172' title='bbox 872 1770 1024 1837; x_wconf 87' lang='lat' dir='ltr'><strong>probatam</strong></span> <span class='ocrx_word' id='word_1_173' title='bbox 1041 1768 1178 1822; x_wconf 75' lang='lat' dir='ltr'><strong>existimo.</strong></span> <span class='ocrx_word' id='word_1_174' title='bbox 1216 1767 1291 1821; x_wconf 83' lang='lat' dir='ltr'><strong>Item</strong></span> 
     </span>
     <span class='ocr_line' id='line_1_19' title="bbox 135 1837 1291 1908; baseline -0.004 -12"><span class='ocrx_word' id='word_1_175' title='bbox 135 1845 167 1896; x_wconf 92' lang='lat' dir='ltr'><strong>in</strong></span> <span class='ocrx_word' id='word_1_176' title='bbox 185 1841 323 1894; x_wconf 85' lang='lat' dir='ltr'><strong>Lucullo:</strong></span> <span class='ocrx_word' id='word_1_177' title='bbox 342 1841 441 1907; x_wconf 80' lang='lat' dir='ltr'><strong>Itaque</strong></span> <span class='ocrx_word' id='word_1_178' title='bbox 461 1841 615 1906; x_wconf 89' lang='lat' dir='ltr'><strong>complures</strong></span> <span class='ocrx_word' id='word_1_179' title='bbox 634 1841 704 1904; x_wconf 80' lang='lat' dir='ltr'><strong>alies,</strong></span> <span class='ocrx_word' id='word_1_180' title='bbox 730 1837 854 1892; x_wconf 84' lang='lat' dir='ltr'><strong>adhibita</strong></span> <span class='ocrx_word' id='word_1_181' title='bbox 873 1840 1020 1893; x_wconf 82' lang='lat' dir='ltr'><strong>Heraclito</strong></span> <span class='ocrx_word' id='word_1_182' title='bbox 1048 1839 1192 1908; x_wconf 84' lang='lat' dir='ltr'><strong>doctisque</strong></span> <span class='ocrx_word' id='word_1_183' title='bbox 1216 1854 1291 1893; x_wconf 80' lang='lat' dir='ltr'><strong>cons-</strong></span> 
     </span>
     <span class='ocr_line' id='line_1_20' title="bbox 132 1909 1290 1984; baseline -0.003 -17"><span class='ocrx_word' id='word_1_184' title='bbox 132 1914 271 1984; x_wconf 86' lang='lat' dir='ltr'><strong>pluribus,</strong></span> <span class='ocrx_word' id='word_1_185' title='bbox 299 1919 325 1964; x_wconf 86' lang='lat' dir='ltr'><strong>et</strong></span> <span class='ocrx_word' id='word_1_186' title='bbox 348 1912 379 1965; x_wconf 87' lang='lat' dir='ltr'><strong>ia</strong></span> <span class='ocrx_word' id='word_1_187' title='bbox 403 1909 448 1962; x_wconf 89' lang='lat' dir='ltr'><strong>his</strong></span> <span class='ocrx_word' id='word_1_188' title='bbox 466 1909 602 1964; x_wconf 74' lang='lat' dir='ltr'><strong>Antiochi</strong></span> <span class='ocrx_word' id='word_1_189' title='bbox 626 1915 718 1976; x_wconf 78' lang='lat' dir='ltr'><strong>fratre</strong></span> <span class='ocrx_word' id='word_1_190' title='bbox 741 1910 853 1976; x_wconf 84' lang='lat' dir='ltr'><strong>Aristo,</strong></span> <span class='ocrx_word' id='word_1_191' title='bbox 879 1917 907 1962; x_wconf 90' lang='lat' dir='ltr'><strong>et</strong></span> <span class='ocrx_word' id='word_1_192' title='bbox 929 1918 1080 1980; x_wconf 86' lang='lat' dir='ltr'><strong>praeterea</strong></span> <span class='ocrx_word' id='word_1_193' title='bbox 1098 1909 1238 1963; x_wconf 83' lang='lat' dir='ltr'><strong>Aristone</strong></span> <span class='ocrx_word' id='word_1_194' title='bbox 1263 1915 1290 1964; x_wconf 83' lang='lat' dir='ltr'><strong>et</strong></span> 
     </span>
     <span class='ocr_line' id='line_1_21' title="bbox 134 1981 1292 2052; baseline -0.003 -14"><span class='ocrx_word' id='word_1_195' title='bbox 134 1987 236 2050; x_wconf 87' lang='lat' dir='ltr'><strong>Dione,</strong></span> <span class='ocrx_word' id='word_1_196' title='bbox 255 1983 352 2052; x_wconf 82' lang='lat' dir='ltr'><strong>quibus</strong></span> <span class='ocrx_word' id='word_1_197' title='bbox 370 1982 419 2035; x_wconf 90' lang='lat' dir='ltr'><strong>ille</strong></span> <span class='ocrx_word' id='word_1_198' title='bbox 437 1983 585 2040; x_wconf 84' lang='lat' dir='ltr'><strong>secuudum</strong></span> <span class='ocrx_word' id='word_1_199' title='bbox 602 1984 721 2047; x_wconf 73' lang='lat' dir='ltr'><strong>fratrem</strong></span> <span class='ocrx_word' id='word_1_200' title='bbox 735 1981 892 2049; x_wconf 88' lang='lat' dir='ltr'><strong>plurimum</strong></span> <span class='ocrx_word' id='word_1_201' title='bbox 910 1983 1059 2047; x_wconf 82' lang='lat' dir='ltr'><strong>tribuebat,</strong></span> <span class='ocrx_word' id='word_1_202' title='bbox 1086 1983 1204 2034; x_wconf 88' lang='lat' dir='ltr'><strong>multum</strong></span> <span class='ocrx_word' id='word_1_203' title='bbox 1223 1988 1292 2035; x_wconf 87' lang='lat' dir='ltr'><strong>tem-</strong></span> 
     </span>
     <span class='ocr_line' id='line_1_22' title="bbox 134 2052 1293 2124; baseline -0.002 -16"><span class='ocrx_word' id='word_1_204' title='bbox 134 2055 215 2124; x_wconf 90' lang='lat' dir='ltr'><strong>poris</strong></span> <span class='ocrx_word' id='word_1_205' title='bbox 231 2057 261 2109; x_wconf 90' lang='lat' dir='ltr'><strong>in</strong></span> <span class='ocrx_word' id='word_1_206' title='bbox 281 2057 335 2108; x_wconf 86' lang='lat' dir='ltr'><strong>ista</strong></span> <span class='ocrx_word' id='word_1_207' title='bbox 353 2052 418 2106; x_wconf 82' lang='lat' dir='ltr'><strong>una</strong></span> <span class='ocrx_word' id='word_1_208' title='bbox 429 2052 615 2122; x_wconf 87' lang='lat' dir='ltr'><strong>disputatione</strong></span> <span class='ocrx_word' id='word_1_209' title='bbox 634 2056 857 2120; x_wconf 81' lang='lat' dir='ltr'><strong>consumpsimus.</strong></span> <span class='ocrx_word' id='word_1_210' title='bbox 895 2054 949 2107; x_wconf 88' lang='lat' dir='ltr'><strong>Sed</strong></span> <span class='ocrx_word' id='word_1_211' title='bbox 967 2063 1064 2105; x_wconf 87' lang='lat' dir='ltr'><strong>tamen</strong></span> <span class='ocrx_word' id='word_1_212' title='bbox 1082 2070 1225 2105; x_wconf 85' lang='lat' dir='ltr'><strong>assensum</strong></span> <span class='ocrx_word' id='word_1_213' title='bbox 1243 2070 1293 2106; x_wconf 89' lang='lat' dir='ltr'><strong>co·</strong></span> 
     </span>
     <span class='ocr_line' id='line_1_23' title="bbox 135 2118 1292 2196; baseline -0.002 -17"><span class='ocrx_word' id='word_1_214' title='bbox 135 2127 218 2179; x_wconf 90' lang='lat' dir='ltr'><strong>hibet</strong></span> <span class='ocrx_word' id='word_1_215' title='bbox 237 2125 416 2189; x_wconf 88' lang='lat' dir='ltr'><strong>Plutarchus,</strong></span> <span class='ocrx_word' id='word_1_216' title='bbox 444 2124 494 2192; x_wconf 90' lang='lat' dir='ltr'><strong>qui</strong></span> <span class='ocrx_word' id='word_1_217' title='bbox 514 2124 545 2174; x_wconf 92' lang='lat' dir='ltr'><strong>in</strong></span> <span class='ocrx_word' id='word_1_218' title='bbox 562 2125 650 2176; x_wconf 88' lang='lat' dir='ltr'><strong>Bruto</strong></span> <span class='ocrx_word' id='word_1_219' title='bbox 670 2126 710 2176; x_wconf 88' lang='lat' dir='ltr'><strong>sic</strong></span> <span class='ocrx_word' id='word_1_220' title='bbox 729 2125 827 2176; x_wconf 84' lang='lat' dir='ltr'><strong>hahet:</strong></span> <span class='ocrx_word' id='word_1_221' title='bbox 856 2126 902 2176; x_wconf 88' lang='grc' dir='ltr'><strong>καὶ</strong></span> <span class='ocrx_word' id='word_1_222' title='bbox 916 2123 1038 2184; x_wconf 49' lang='grc' dir='ltr'><strong><em>,διετέλει</em></strong></span> <span class='ocrx_word' id='word_1_223' title='bbox 1054 2118 1212 2193; x_wconf 74' lang='grc' dir='ltr'><strong>θαυμάζων</strong></span> <span class='ocrx_word' id='word_1_224' title='bbox 1236 2123 1292 2196; x_wconf 73' lang='grc' dir='ltr'><strong>μὲν</strong></span> 
     </span>
     <span class='ocr_line' id='line_1_24' title="bbox 133 2192 1290 2265; baseline 0 -17"><span class='ocrx_word' id='word_1_225' title='bbox 133 2196 281 2265; x_wconf 81' lang='grc' dir='ltr'><strong><em>Ἀντίοχον</em></strong></span> <span class='ocrx_word' id='word_1_226' title='bbox 298 2192 347 2250; x_wconf 81' lang='grc' dir='ltr'><strong>τὸν</strong></span> <span class='ocrx_word' id='word_1_227' title='bbox 361 2193 569 2259; x_wconf 80' lang='grc' dir='ltr'><strong>Ἀσκαλωνίτην,</strong></span> <span class='ocrx_word' id='word_1_228' title='bbox 599 2198 680 2263; x_wconf 75' lang='grc' dir='ltr'><strong><em>φίλον</em></strong></span> <span class='ocrx_word' id='word_1_229' title='bbox 698 2194 729 2247; x_wconf 77' lang='grc' dir='ltr'><strong>δὲ</strong></span> <span class='ocrx_word' id='word_1_230' title='bbox 747 2196 794 2248; x_wconf 78' lang='grc' dir='ltr'><strong>καὶ</strong></span> <span class='ocrx_word' id='word_1_231' title='bbox 811 2192 968 2264; x_wconf 78' lang='grc' dir='ltr'><strong><em>συμβιωτὴν</em></strong></span> <span class='ocrx_word' id='word_1_232' title='bbox 985 2197 1033 2249; x_wconf 74' lang='grc' dir='ltr'><strong>τὸν</strong></span> <span class='ocrx_word' id='word_1_233' title='bbox 1050 2193 1174 2265; x_wconf 75' lang='grc' dir='ltr'><strong><em>ἀδελφὸν</em></strong></span> <span class='ocrx_word' id='word_1_234' title='bbox 1200 2193 1290 2249; x_wconf 77' lang='grc' dir='ltr'><strong><em>αὐτοῦ</em></strong></span> 
     </span>
     <span class='ocr_line' id='line_1_25' title="bbox 136 2260 1292 2337; baseline -0.003 -15"><span class='ocrx_word' id='word_1_235' title='bbox 136 2266 323 2337; x_wconf 78' lang='grc' dir='ltr'>πεποιημένος</span> <span class='ocrx_word' id='word_1_236' title='bbox 339 2270 498 2335; x_wconf 74' lang='grc' dir='ltr'><strong><em>Ἀρίστωνα,</em></strong></span> <span class='ocrx_word' id='word_1_237' title='bbox 526 2260 619 2335; x_wconf 71' lang='grc' dir='ltr'><strong><em>ἄνδρα</em></strong></span> <span class='ocrx_word' id='word_1_238' title='bbox 636 2267 668 2337; x_wconf 76' lang='grc' dir='ltr'><strong>τῇ</strong></span> <span class='ocrx_word' id='word_1_239' title='bbox 685 2265 739 2336; x_wconf 77' lang='grc' dir='ltr'><strong>μὲν</strong></span> <span class='ocrx_word' id='word_1_240' title='bbox 758 2264 788 2318; x_wconf 78' lang='grc' dir='ltr'><strong>ἐν</strong></span> <span class='ocrx_word' id='word_1_241' title='bbox 805 2261 894 2334; x_wconf 78' lang='grc' dir='ltr'><strong><em>λόγοις</em></strong></span> <span class='ocrx_word' id='word_1_242' title='bbox 912 2265 966 2328; x_wconf 74' lang='grc' dir='ltr'><strong>ἕξει</strong></span> <span class='ocrx_word' id='word_1_243' title='bbox 990 2267 1100 2319; x_wconf 79' lang='grc' dir='ltr'><strong><em>πολλῶν</em></strong></span> <span class='ocrx_word' id='word_1_244' title='bbox 1122 2265 1292 2336; x_wconf 80' lang='grc' dir='ltr'><strong><em>φιλοσόφων</em></strong></span> 
     </span>
     <span class='ocr_line' id='line_1_26' title="bbox 137 2331 1289 2419; baseline -0.004 -25"><span class='ocrx_word' id='word_1_245' title='bbox 137 2335 305 2412; x_wconf 81' lang='grc' dir='ltr'><strong><em>λειπόμενον</em></strong></span> <span class='ocrx_word' id='word_1_246' title='bbox 324 2340 433 2405; x_wconf 75' lang='grc' dir='ltr'><em>εὐταξίᾳ</em></span> <span class='ocrx_word' id='word_1_247' title='bbox 452 2335 484 2389; x_wconf 77' lang='lat' dir='ltr'><strong>di</strong></span> <span class='ocrx_word' id='word_1_248' title='bbox 501 2340 547 2388; x_wconf 82' lang='grc' dir='ltr'><strong>καὶ</strong></span> <span class='ocrx_word' id='word_1_249' title='bbox 564 2337 695 2410; x_wconf 77' lang='grc' dir='ltr'><strong><em>πρᾳότητι</em></strong></span> <span class='ocrx_word' id='word_1_250' title='bbox 713 2341 769 2419; x_wconf 68' lang='grc' dir='ltr'><strong><em>ιοζς</em></strong></span> <span class='ocrx_word' id='word_1_251' title='bbox 788 2331 905 2409; x_wconf 79' lang='grc' dir='ltr'><strong><em>πρώτοις</em></strong></span> <span class='ocrx_word' id='word_1_252' title='bbox 924 2332 1104 2410; x_wconf 76' lang='grc' dir='ltr'><strong>ἐνοίμιλλον.“</strong></span> <span class='ocrx_word' id='word_1_253' title='bbox 1121 2338 1186 2391; x_wconf 86' lang='lat' dir='ltr'><strong>Frc.</strong></span> <span class='ocrx_word' id='word_1_254' title='bbox 1204 2338 1289 2391; x_wconf 85' lang='lat' dir='ltr'><strong>Fabr.</strong></span> 
     </span>
    </p>
   </div>
   <div class='ocr_carea' id='block_1_7' title="bbox 139 2423 1291 2568">
    <p class='ocr_par' dir='ltr' id='par_1_7' title="bbox 139 2423 1291 2568">
     <span class='ocr_line' id='line_1_27' title="bbox 143 2423 1290 2499; baseline -0.002 -17"><span class='ocrx_word' id='word_1_255' title='bbox 143 2477 148 2487; x_wconf 84' lang='lat'><strong>,</strong></span> <span class='ocrx_word' id='word_1_256' title='bbox 208 2429 343 2483; x_wconf 86' lang='lat' dir='ltr'><strong>Aristone</strong></span> <span class='ocrx_word' id='word_1_257' title='bbox 369 2434 396 2481; x_wconf 89' lang='lat' dir='ltr'><strong>et</strong></span> <span class='ocrx_word' id='word_1_258' title='bbox 419 2423 573 2491; x_wconf 80' lang='lat' dir='ltr'><strong>Antiocho]</strong></span> <span class='ocrx_word' id='word_1_259' title='bbox 611 2426 659 2479; x_wconf 88' lang='lat' dir='ltr'><strong>Sic</strong></span> <span class='ocrx_word' id='word_1_260' title='bbox 683 2427 780 2496; x_wconf 87' lang='lat' dir='ltr'><strong>paullo</strong></span> <span class='ocrx_word' id='word_1_261' title='bbox 798 2435 878 2496; x_wconf 88' lang='lat' dir='ltr'><strong>post:</strong></span> <span class='ocrx_word' id='word_1_262' title='bbox 907 2427 976 2480; x_wconf 81' lang='lat' dir='ltr'><strong>Cum</strong></span> <span class='ocrx_word' id='word_1_263' title='bbox 993 2427 1127 2480; x_wconf 88' lang='lat' dir='ltr'><strong>Aristone</strong></span> <span class='ocrx_word' id='word_1_264' title='bbox 1152 2444 1239 2496; x_wconf 84' lang='lat' dir='ltr'><strong>nuper</strong></span> <span class='ocrx_word' id='word_1_265' title='bbox 1258 2454 1290 2499; x_wconf 65' lang='lat'><strong>7-</strong></span> 
     </span>
     <span class='ocr_line' id='line_1_28' title="bbox 139 2497 1291 2568; baseline -0.003 -12"><span class='ocrx_word' id='word_1_266' title='bbox 139 2500 275 2556; x_wconf 85' lang='lat' dir='ltr'><strong>dissensio</strong></span> <span class='ocrx_word' id='word_1_267' title='bbox 295 2499 359 2564; x_wconf 76' lang='lat' dir='ltr'><strong>fuit.</strong></span> <span class='ocrx_word' id='word_1_268' title='bbox 396 2500 482 2551; x_wconf 92' lang='lat' dir='ltr'><strong>Leon.</strong></span> <span class='ocrx_word' id='word_1_269' title='bbox 503 2506 598 2549; x_wconf 90' lang='lat' dir='ltr'><strong>autem</strong></span> <span class='ocrx_word' id='word_1_270' title='bbox 616 2497 771 2566; x_wconf 84' lang='lat' dir='ltr'><strong>Malaspina</strong></span> <span class='ocrx_word' id='word_1_271' title='bbox 798 2505 827 2550; x_wconf 89' lang='lat' dir='ltr'><strong>et</strong></span> <span class='ocrx_word' id='word_1_272' title='bbox 844 2498 879 2554; x_wconf 87' lang='lat' dir='ltr'><strong>D.</strong></span> <span class='ocrx_word' id='word_1_273' title='bbox 899 2499 1053 2551; x_wconf 83' lang='lat' dir='ltr'><strong>Lambinus</strong></span> <span class='ocrx_word' id='word_1_274' title='bbox 1071 2499 1228 2568; x_wconf 86' lang='lat' dir='ltr'><strong>utrobique</strong></span> <span class='ocrx_word' id='word_1_275' title='bbox 1246 2516 1291 2551; x_wconf 83' lang='lat' dir='ltr'><strong>re·</strong></span> 
     </span>
    </p>
   </div>
   <div class='ocr_carea' id='block_1_8' title="bbox 38 2567 1292 2643">
    <p class='ocr_par' dir='ltr' id='par_1_8' title="bbox 38 2567 1292 2643">
     <span class='ocr_line' id='line_1_29' title="bbox 38 2567 1292 2643; baseline -0.002 -18"><span class='ocrx_word' id='word_1_276' title='bbox 38 2624 40 2628; x_wconf 79' lang='grc'>,</span> <span class='ocrx_word' id='word_1_277' title='bbox 137 2581 250 2643; x_wconf 90' lang='lat' dir='ltr'><strong>ponunt</strong></span> <span class='ocrx_word' id='word_1_278' title='bbox 268 2571 378 2625; x_wconf 88' lang='lat' dir='ltr'><strong>Aristo.</strong></span> <span class='ocrx_word' id='word_1_279' title='bbox 417 2567 489 2621; x_wconf 89' lang='lat' dir='ltr'><strong>Sane</strong></span> <span class='ocrx_word' id='word_1_280' title='bbox 508 2569 610 2620; x_wconf 86' lang='lat' dir='ltr'><strong>Cicero</strong></span> <span class='ocrx_word' id='word_1_281' title='bbox 629 2568 661 2618; x_wconf 93' lang='lat' dir='ltr'><strong>in</strong></span> <span class='ocrx_word' id='word_1_282' title='bbox 679 2568 768 2621; x_wconf 90' lang='lat' dir='ltr'><strong>Bruto</strong></span> <span class='ocrx_word' id='word_1_283' title='bbox 788 2586 848 2638; x_wconf 89' lang='lat' dir='ltr'><strong>cap.</strong></span> <span class='ocrx_word' id='word_1_284' title='bbox 868 2573 911 2625; x_wconf 84' lang='grc'><strong>97.</strong></span> <span class='ocrx_word' id='word_1_285' title='bbox 948 2569 1079 2622; x_wconf 88' lang='lat' dir='ltr'><strong>Aristum</strong></span> <span class='ocrx_word' id='word_1_286' title='bbox 1096 2578 1182 2622; x_wconf 82' lang='lat' dir='ltr'><strong>vocat</strong></span> <span class='ocrx_word' id='word_1_287' title='bbox 1199 2568 1292 2639; x_wconf 84' lang='lat' dir='ltr'><strong>hospi-</strong></span> 
     </span>
    </p>
   </div>
   <div class='ocr_carea' id='block_1_9' title="bbox 83 2639 1320 4134">
    <p class='ocr_par' dir='ltr' id='par_1_9' title="bbox 83 2639 1320 3975">
     <span class='ocr_line' id='line_1_30' title="bbox 139 2639 1291 2710; baseline -0.003 -14"><span class='ocrx_word' id='word_1_288' title='bbox 139 2651 194 2696; x_wconf 87' lang='lat' dir='ltr'><strong>tem</strong></span> <span class='ocrx_word' id='word_1_289' title='bbox 221 2649 247 2694; x_wconf 92' lang='lat' dir='ltr'><strong>et</strong></span> <span class='ocrx_word' id='word_1_290' title='bbox 271 2642 448 2706; x_wconf 79' lang='lat' dir='ltr'><strong>familiarem</strong></span> <span class='ocrx_word' id='word_1_291' title='bbox 473 2655 569 2705; x_wconf 86' lang='lat' dir='ltr'><strong>suum;</strong></span> <span class='ocrx_word' id='word_1_292' title='bbox 597 2656 630 2690; x_wconf 87' lang='lat' dir='ltr'><strong>ac</strong></span> <span class='ocrx_word' id='word_1_293' title='bbox 652 2639 703 2690; x_wconf 89' lang='lat' dir='ltr'><strong>lib.</strong></span> <span class='ocrx_word' id='word_1_294' title='bbox 723 2641 756 2690; x_wconf 85' lang='lat' dir='ltr'><strong>V.</strong></span> <span class='ocrx_word' id='word_1_295' title='bbox 783 2640 818 2692; x_wconf 91' lang='lat' dir='ltr'><strong>ad</strong></span> <span class='ocrx_word' id='word_1_296' title='bbox 843 2641 931 2692; x_wconf 83' lang='lat' dir='ltr'><strong>Attis.</strong></span> <span class='ocrx_word' id='word_1_297' title='bbox 955 2642 1048 2710; x_wconf 88' lang='lat' dir='ltr'><strong>Epist.</strong></span> <span class='ocrx_word' id='word_1_298' title='bbox 1069 2644 1111 2695; x_wconf 94' lang='grc'><strong>10.</strong></span> <span class='ocrx_word' id='word_1_299' title='bbox 1137 2651 1234 2695; x_wconf 84' lang='lat' dir='ltr'><strong>monet</strong></span> <span class='ocrx_word' id='word_1_300' title='bbox 1259 2658 1291 2692; x_wconf 87' lang='lat' dir='ltr'><strong>se</strong></span> 
     </span>
     <span class='ocr_line' id='line_1_31' title="bbox 139 2708 1290 2784; baseline -0.004 -17"><span class='ocrx_word' id='word_1_301' title='bbox 139 2714 213 2784; x_wconf 89' lang='lat' dir='ltr'><strong>apud</strong></span> <span class='ocrx_word' id='word_1_302' title='bbox 233 2730 298 2765; x_wconf 87' lang='lat' dir='ltr'><strong>eum</strong></span> <span class='ocrx_word' id='word_1_303' title='bbox 315 2712 411 2763; x_wconf 88' lang='lat' dir='ltr'><strong>fuisse.</strong></span> <span class='ocrx_word' id='word_1_304' title='bbox 438 2710 517 2763; x_wconf 89' lang='lat' dir='ltr'><strong>Idem</strong></span> <span class='ocrx_word' id='word_1_305' title='bbox 535 2710 619 2762; x_wconf 86' lang='lat' dir='ltr'><strong>Acad.</strong></span> <span class='ocrx_word' id='word_1_306' title='bbox 640 2711 664 2773; x_wconf 90' lang='grc'><strong>1,</strong></span> <span class='ocrx_word' id='word_1_307' title='bbox 683 2713 709 2764; x_wconf 93' lang='grc'><strong>3.</strong></span> <span class='ocrx_word' id='word_1_308' title='bbox 733 2711 838 2762; x_wconf 86' lang='lat' dir='ltr'><strong>Brutus</strong></span> <span class='ocrx_word' id='word_1_309' title='bbox 857 2711 1021 2765; x_wconf 82' lang='lat' dir='ltr'><strong>Aristum</strong></span> <span class='ocrx_word' id='word_1_310' title='bbox 1039 2709 1161 2765; x_wconf 84' lang='lat' dir='ltr'><strong>Athenis</strong></span> <span class='ocrx_word' id='word_1_311' title='bbox 1181 2708 1290 2765; x_wconf 82' lang='lat' dir='ltr'><strong>audivit</strong></span> 
     </span>
     <span class='ocr_line' id='line_1_32' title="bbox 140 2778 1292 2854; baseline -0.003 -16"><span class='ocrx_word' id='word_1_312' title='bbox 140 2783 326 2854; x_wconf 83' lang='lat' dir='ltr'><strong>aliquamdiu,</strong></span> <span class='ocrx_word' id='word_1_313' title='bbox 346 2784 425 2836; x_wconf 76' lang='lat' dir='ltr'><strong>cicius</strong></span> <span class='ocrx_word' id='word_1_314' title='bbox 443 2789 471 2834; x_wconf 86' lang='lat' dir='ltr'><strong>tu</strong></span> <span class='ocrx_word' id='word_1_315' title='bbox 490 2782 609 2846; x_wconf 75' lang='lat' dir='ltr'><strong>fratrem</strong></span> <span class='ocrx_word' id='word_1_316' title='bbox 626 2778 798 2833; x_wconf 80' lang='lat' dir='ltr'><strong>Antiochum.</strong></span> <span class='ocrx_word' id='word_1_317' title='bbox 836 2781 947 2834; x_wconf 89' lang='lat' dir='ltr'><strong>Iterum</strong></span> <span class='ocrx_word' id='word_1_318' title='bbox 971 2783 1005 2835; x_wconf 88' lang='lat' dir='ltr'><strong>de</strong></span> <span class='ocrx_word' id='word_1_319' title='bbox 1030 2783 1095 2838; x_wconf 85' lang='lat' dir='ltr'><strong>Fin.</strong></span> <span class='ocrx_word' id='word_1_320' title='bbox 1116 2785 1149 2847; x_wconf 93' lang='lat' dir='ltr'><strong>V,</strong></span> <span class='ocrx_word' id='word_1_321' title='bbox 1167 2786 1193 2840; x_wconf 81' lang='grc'><strong>3.</strong></span> <span class='ocrx_word' id='word_1_322' title='bbox 1228 2783 1292 2834; x_wconf 88' lang='lat' dir='ltr'><strong>An·</strong></span> 
     </span>
     <span class='ocr_line' id='line_1_33' title="bbox 139 2851 1292 2925; baseline -0.002 -17"><span class='ocrx_word' id='word_1_323' title='bbox 139 2856 233 2908; x_wconf 89' lang='lat' dir='ltr'><strong>tiochi</strong></span> <span class='ocrx_word' id='word_1_324' title='bbox 252 2854 423 2908; x_wconf 86' lang='lat' dir='ltr'><strong>sententiam</strong></span> <span class='ocrx_word' id='word_1_325' title='bbox 442 2852 496 2905; x_wconf 92' lang='lat' dir='ltr'><strong>tibi</strong></span> <span class='ocrx_word' id='word_1_326' title='bbox 514 2851 629 2919; x_wconf 87' lang='lat' dir='ltr'><strong>(Bruto)</strong></span> <span class='ocrx_word' id='word_1_327' title='bbox 657 2853 705 2920; x_wconf 79' lang='lat' dir='ltr'><strong>qui</strong></span> <span class='ocrx_word' id='word_1_328' title='bbox 722 2854 839 2917; x_wconf 76' lang='lat' dir='ltr'><strong>fratrem</strong></span> <span class='ocrx_word' id='word_1_329' title='bbox 863 2854 923 2905; x_wconf 89' lang='lat' dir='ltr'><strong>eius</strong></span> <span class='ocrx_word' id='word_1_330' title='bbox 947 2854 1109 2908; x_wconf 85' lang='lat' dir='ltr'><strong>Aristum</strong></span> <span class='ocrx_word' id='word_1_331' title='bbox 1133 2858 1292 2925; x_wconf 74' lang='lat' dir='ltr'><strong>frequenter</strong></span> 
     </span>
     <span class='ocr_line' id='line_1_34' title="bbox 138 2923 1292 2996; baseline -0.003 -17"><span class='ocrx_word' id='word_1_332' title='bbox 138 2925 277 2991; x_wconf 87' lang='lat' dir='ltr'><strong>audieris,</strong></span> <span class='ocrx_word' id='word_1_333' title='bbox 309 2923 431 2976; x_wconf 81' lang='lat' dir='ltr'><strong>maxime</strong></span> <span class='ocrx_word' id='word_1_334' title='bbox 452 2923 600 2990; x_wconf 88' lang='lat' dir='ltr'><strong>probatum</strong></span> <span class='ocrx_word' id='word_1_335' title='bbox 626 2923 765 2976; x_wconf 77' lang='lat' dir='ltr'><strong>existimo.</strong></span> <span class='ocrx_word' id='word_1_336' title='bbox 802 2924 940 2977; x_wconf 85' lang='lat' dir='ltr'><strong>Antiochi</strong></span> <span class='ocrx_word' id='word_1_337' title='bbox 958 2933 1055 2977; x_wconf 89' lang='lat' dir='ltr'><strong>tamen</strong></span> <span class='ocrx_word' id='word_1_338' title='bbox 1078 2927 1202 2978; x_wconf 86' lang='lat' dir='ltr'><strong>fratrem</strong></span> <span class='ocrx_word' id='word_1_339' title='bbox 1223 2923 1292 2996; x_wconf 79' lang='lat' dir='ltr'><strong>&#39;Apt-</strong></span> 
     </span>
     <span class='ocr_line' id='line_1_35' title="bbox 139 2994 1293 3068; baseline -0.002 -16"><span class='ocrx_word' id='word_1_340' title='bbox 139 3015 233 3052; x_wconf 81' lang='grc' dir='ltr'><strong><em>σιωνιι</em></strong></span> <span class='ocrx_word' id='word_1_341' title='bbox 250 3005 334 3049; x_wconf 88' lang='lat' dir='ltr'><strong>vocat</strong></span> <span class='ocrx_word' id='word_1_342' title='bbox 352 2994 522 3048; x_wconf 87' lang='lat' dir='ltr'><strong>Plutarchus</strong></span> <span class='ocrx_word' id='word_1_343' title='bbox 540 2995 571 3046; x_wconf 90' lang='lat' dir='ltr'><strong>in</strong></span> <span class='ocrx_word' id='word_1_344' title='bbox 589 2995 678 3046; x_wconf 89' lang='lat' dir='ltr'><strong>Bruto</strong></span> <span class='ocrx_word' id='word_1_345' title='bbox 695 3012 760 3068; x_wconf 77' lang='lat' dir='ltr'><strong>pag.</strong></span> <span class='ocrx_word' id='word_1_346' title='bbox 779 2997 840 3050; x_wconf 85' lang='grc'><strong>984.</strong></span> <span class='ocrx_word' id='word_1_347' title='bbox 865 2996 1053 3064; x_wconf 74' lang='grc' dir='ltr'><strong>11111Ἄριστον</strong></span> <span class='ocrx_word' id='word_1_348' title='bbox 1078 2997 1293 3050; x_wconf 86' lang='lat' dir='ltr'><strong>rescribendum</strong></span> 
     </span>
     <span class='ocr_line' id='line_1_36' title="bbox 83 3065 1294 3136; baseline -0.002 -15"><span class='ocrx_word' id='word_1_349' title='bbox 83 3125 91 3132; x_wconf 57' lang='grc'><strong>,</strong></span> <span class='ocrx_word' id='word_1_350' title='bbox 140 3066 432 3132; x_wconf 69' lang='lat' dir='ltr'><strong>censuerim3&#39;Aristo</strong></span> <span class='ocrx_word' id='word_1_351' title='bbox 452 3065 528 3117; x_wconf 90' lang='lat' dir='ltr'><strong>enim</strong></span> <span class='ocrx_word' id='word_1_352' title='bbox 547 3065 734 3135; x_wconf 88' lang='lat' dir='ltr'><strong>philosophus</strong></span> <span class='ocrx_word' id='word_1_353' title='bbox 753 3075 814 3118; x_wconf 90' lang='lat' dir='ltr'><strong>erat</strong></span> <span class='ocrx_word' id='word_1_354' title='bbox 831 3067 1047 3136; x_wconf 87' lang='lat' dir='ltr'><strong>Peripateticus,</strong></span> <span class='ocrx_word' id='word_1_355' title='bbox 1075 3068 1106 3118; x_wconf 91' lang='lat' dir='ltr'><strong>in</strong></span> <span class='ocrx_word' id='word_1_356' title='bbox 1125 3068 1182 3121; x_wconf 80' lang='lat' dir='ltr'><strong>Ceo</strong></span> <span class='ocrx_word' id='word_1_357' title='bbox 1200 3068 1294 3120; x_wconf 78' lang='lat' dir='ltr'><strong>insula</strong></span> 
     </span>
     <span class='ocr_line' id='line_1_37' title="bbox 140 3136 1320 3208; baseline 0 -17"><span class='ocrx_word' id='word_1_358' title='bbox 140 3148 233 3204; x_wconf 88' lang='lat' dir='ltr'><strong>natus,</strong></span> <span class='ocrx_word' id='word_1_359' title='bbox 253 3138 333 3190; x_wconf 91' lang='lat' dir='ltr'><strong>et-ab</strong></span> <span class='ocrx_word' id='word_1_360' title='bbox 351 3136 489 3188; x_wconf 92' lang='lat' dir='ltr'><strong>Antiochi</strong></span> <span class='ocrx_word' id='word_1_361' title='bbox 508 3138 598 3188; x_wconf 85' lang='lat' dir='ltr'><strong>fratre</strong></span> <span class='ocrx_word' id='word_1_362' title='bbox 617 3137 843 3208; x_wconf 82' lang='lat' dir='ltr'><strong>distinguendus,</strong></span> <span class='ocrx_word' id='word_1_363' title='bbox 863 3137 914 3207; x_wconf 89' lang='lat' dir='ltr'><strong>qui</strong></span> <span class='ocrx_word' id='word_1_364' title='bbox 936 3139 994 3189; x_wconf 88' lang='lat' dir='ltr'><strong>fuit</strong></span> <span class='ocrx_word' id='word_1_365' title='bbox 1012 3139 1184 3196; x_wconf 84' lang='lat' dir='ltr'><strong>Ascalonita.</strong></span> <span class='ocrx_word' id='word_1_366' title='bbox 1221 3138 1293 3191; x_wconf 77' lang='lat' dir='ltr'><strong>vids</strong></span> <span class='ocrx_word' id='word_1_367' title='bbox 1317 3170 1320 3175; x_wconf 90' lang='lat'><em>-</em></span> 
     </span>
     <span class='ocr_line' id='line_1_38' title="bbox 139 3207 1291 3283; baseline -0.003 -19"><span class='ocrx_word' id='word_1_368' title='bbox 139 3209 327 3264; x_wconf 82' lang='lat' dir='ltr'><strong>Plutarchum</strong></span> <span class='ocrx_word' id='word_1_369' title='bbox 353 3207 388 3259; x_wconf 88' lang='lat' dir='ltr'><strong>de</strong></span> <span class='ocrx_word' id='word_1_370' title='bbox 413 3207 504 3259; x_wconf 83' lang='lat' dir='ltr'><strong>Exsil.</strong></span> <span class='ocrx_word' id='word_1_371' title='bbox 532 3225 596 3281; x_wconf 80' lang='lat' dir='ltr'><strong>pag.</strong></span> <span class='ocrx_word' id='word_1_372' title='bbox 616 3209 677 3263; x_wconf 85' lang='grc'><strong>605.</strong></span> <span class='ocrx_word' id='word_1_373' title='bbox 716 3207 883 3260; x_wconf 88' lang='lat' dir='ltr'><strong>Strabonem</strong></span> <span class='ocrx_word' id='word_1_374' title='bbox 905 3208 955 3260; x_wconf 88' lang='lat' dir='ltr'><strong>lib.</strong></span> <span class='ocrx_word' id='word_1_375' title='bbox 980 3212 1013 3263; x_wconf 86' lang='lat' dir='ltr'><strong>X.</strong></span> <span class='ocrx_word' id='word_1_376' title='bbox 1040 3227 1104 3283; x_wconf 81' lang='lat' dir='ltr'><strong>pag.</strong></span> <span class='ocrx_word' id='word_1_377' title='bbox 1129 3213 1190 3266; x_wconf 79' lang='lat'><strong>745.</strong></span> <span class='ocrx_word' id='word_1_378' title='bbox 1216 3210 1291 3262; x_wconf 82' lang='lat' dir='ltr'><strong>XIV.</strong></span> 
     </span>
     <span class='ocr_line' id='line_1_39' title="bbox 140 3279 1294 3354; baseline 0.003 -25"><span class='ocrx_word' id='word_1_379' title='bbox 140 3300 175 3354; x_wconf 79' lang='lat' dir='ltr'><strong>pa</strong></span> <span class='ocrx_word' id='word_1_380' title='bbox 199 3320 205 3334; x_wconf 92' lang='lat'><strong>.</strong></span> <span class='ocrx_word' id='word_1_381' title='bbox 224 3283 287 3337; x_wconf 76' lang='lat'><strong>972.</strong></span> <span class='ocrx_word' id='word_1_382' title='bbox 306 3279 393 3332; x_wconf 89' lang='lat' dir='ltr'><strong>xv11.</strong></span> <span class='ocrx_word' id='word_1_383' title='bbox 412 3295 477 3353; x_wconf 80' lang='lat' dir='ltr'><strong>pag.</strong></span> <span class='ocrx_word' id='word_1_384' title='bbox 497 3281 573 3333; x_wconf 89' lang='grc'><strong>1139.</strong></span> <span class='ocrx_word' id='word_1_385' title='bbox 593 3287 622 3330; x_wconf 90' lang='lat' dir='ltr'><strong>et</strong></span> <span class='ocrx_word' id='word_1_386' title='bbox 640 3279 800 3351; x_wconf 77' lang='lat' dir='ltr'><strong>Diogenem</strong></span> <span class='ocrx_word' id='word_1_387' title='bbox 817 3280 966 3333; x_wconf 88' lang='lat' dir='ltr'><strong>Laertium</strong></span> <span class='ocrx_word' id='word_1_388' title='bbox 983 3282 1017 3346; x_wconf 86' lang='lat' dir='ltr'><strong>V,</strong></span> <span class='ocrx_word' id='word_1_389' title='bbox 1036 3282 1079 3334; x_wconf 85' lang='grc'><strong>04.</strong></span> <span class='ocrx_word' id='word_1_390' title='bbox 1116 3280 1157 3333; x_wconf 90' lang='lat' dir='ltr'><strong>De</strong></span> <span class='ocrx_word' id='word_1_391' title='bbox 1174 3280 1233 3334; x_wconf 88' lang='lat' dir='ltr'><strong>hoc</strong></span> <span class='ocrx_word' id='word_1_392' title='bbox 1250 3280 1294 3333; x_wconf 87' lang='lat' dir='ltr'><strong>in·</strong></span> 
     </span>
     <span class='ocr_line' id='line_1_40' title="bbox 140 3301 1293 3426; baseline -0.002 -21"><span class='ocrx_word' id='word_1_393' title='bbox 140 3301 316 3426; x_wconf 71' lang='lat' dir='ltr'><strong>telligendus</strong></span> <span class='ocrx_word' id='word_1_394' title='bbox 333 3349 449 3400; x_wconf 85' lang='lat' dir='ltr'><strong>videtur</strong></span> <span class='ocrx_word' id='word_1_395' title='bbox 467 3348 601 3401; x_wconf 86' lang='lat' dir='ltr'><strong>Aelianus</strong></span> <span class='ocrx_word' id='word_1_396' title='bbox 618 3351 651 3405; x_wconf 82' lang='lat' dir='ltr'><strong>V.</strong></span> <span class='ocrx_word' id='word_1_397' title='bbox 672 3351 707 3402; x_wconf 90' lang='lat' dir='ltr'><strong>H.</strong></span> <span class='ocrx_word' id='word_1_398' title='bbox 728 3349 790 3415; x_wconf 86' lang='lat' dir='ltr'><strong>Vll,</strong></span> <span class='ocrx_word' id='word_1_399' title='bbox 810 3354 853 3405; x_wconf 81' lang='lat' dir='ltr'><strong>tt.</strong></span> <span class='ocrx_word' id='word_1_400' title='bbox 886 3352 944 3402; x_wconf 81' lang='grc' dir='ltr'><strong>Οὐκ</strong></span> <span class='ocrx_word' id='word_1_401' title='bbox 961 3351 1080 3419; x_wconf 73' lang='grc' dir='ltr'><strong><em>ἀπηξίου</em></strong></span> <span class='ocrx_word' id='word_1_402' title='bbox 1098 3355 1222 3419; x_wconf 81' lang='grc' dir='ltr'><strong><em>Καῖσαρ,</em></strong></span> <span class='ocrx_word' id='word_1_403' title='bbox 1247 3352 1293 3403; x_wconf 91' lang='lat' dir='ltr'><strong>in·</strong></span> 
     </span>
     <span class='ocr_line' id='line_1_41' title="bbox 142 3414 1294 3496; baseline -0.001 -20"><span class='ocrx_word' id='word_1_404' title='bbox 142 3425 217 3496; x_wconf 89' lang='lat' dir='ltr'><strong>quit,</strong></span> <span class='ocrx_word' id='word_1_405' title='bbox 244 3422 291 3475; x_wconf 75' lang='lat' dir='ltr'><strong>tat</strong></span> <span class='ocrx_word' id='word_1_406' title='bbox 312 3420 360 3477; x_wconf 75' lang='grc' dir='ltr'><strong>τὰς</strong></span> <span class='ocrx_word' id='word_1_407' title='bbox 381 3414 613 3473; x_wconf 77' lang='grc' dir='ltr'><em>ἈΡΪΣΤΩΝΟΣ</em></span> <span class='ocrx_word' id='word_1_408' title='bbox 627 3419 714 3489; x_wconf 73' lang='grc' dir='ltr'><em>θύρας</em></span> <span class='ocrx_word' id='word_1_409' title='bbox 741 3425 852 3489; x_wconf 66' lang='lat' dir='ltr'><strong>poterin.</strong></span> <span class='ocrx_word' id='word_1_410' title='bbox 888 3423 963 3475; x_wconf 87' lang='lat' dir='ltr'><strong>Nam</strong></span> <span class='ocrx_word' id='word_1_411' title='bbox 980 3424 1039 3475; x_wconf 88' lang='lat' dir='ltr'><strong>Jac.</strong></span> <span class='ocrx_word' id='word_1_412' title='bbox 1059 3424 1228 3476; x_wconf 87' lang='lat' dir='ltr'><strong>Perizonius</strong></span> <span class='ocrx_word' id='word_1_413' title='bbox 1259 3423 1294 3475; x_wconf 87' lang='lat' dir='ltr'><strong>de</strong></span> 
     </span>
     <span class='ocr_line' id='line_1_42' title="bbox 142 3491 1292 3563; baseline -0.002 -16"><span class='ocrx_word' id='word_1_414' title='bbox 142 3494 281 3547; x_wconf 89' lang='lat' dir='ltr'><strong>Antiochi</strong></span> <span class='ocrx_word' id='word_1_415' title='bbox 299 3493 390 3544; x_wconf 84' lang='lat' dir='ltr'><strong>fratre</strong></span> <span class='ocrx_word' id='word_1_416' title='bbox 414 3492 508 3543; x_wconf 88' lang='lat' dir='ltr'><strong>minus</strong></span> <span class='ocrx_word' id='word_1_417' title='bbox 531 3501 609 3545; x_wconf 89' lang='lat' dir='ltr'><strong>recte</strong></span> <span class='ocrx_word' id='word_1_418' title='bbox 628 3493 715 3561; x_wconf 87' lang='lat' dir='ltr'><strong>cepit,</strong></span> <span class='ocrx_word' id='word_1_419' title='bbox 744 3508 831 3559; x_wconf 86' lang='lat' dir='ltr'><strong>quem</strong></span> <span class='ocrx_word' id='word_1_420' title='bbox 849 3491 950 3546; x_wconf 82' lang='lat' dir='ltr'><strong>Cicero</strong></span> <span class='ocrx_word' id='word_1_421' title='bbox 975 3510 1032 3546; x_wconf 90' lang='lat' dir='ltr'><strong>non</strong></span> <span class='ocrx_word' id='word_1_422' title='bbox 1050 3492 1225 3563; x_wconf 82' lang='lat' dir='ltr'><strong>Aristonem,</strong></span> <span class='ocrx_word' id='word_1_423' title='bbox 1243 3493 1292 3547; x_wconf 81' lang='lat' dir='ltr'><strong>sed</strong></span> 
     </span>
     <span class='ocr_line' id='line_1_43' title="bbox 141 3561 1294 3634; baseline -0.001 -16"><span class='ocrx_word' id='word_1_424' title='bbox 141 3567 270 3618; x_wconf 88' lang='lat' dir='ltr'><strong>Aristum</strong></span> <span class='ocrx_word' id='word_1_425' title='bbox 288 3580 401 3632; x_wconf 86' lang='lat' dir='ltr'><strong>semper</strong></span> <span class='ocrx_word' id='word_1_426' title='bbox 419 3565 555 3615; x_wconf 87' lang='lat' dir='ltr'><strong>nominat</strong></span> <span class='ocrx_word' id='word_1_427' title='bbox 581 3564 656 3615; x_wconf 90' lang='lat' dir='ltr'><strong>Hinc</strong></span> <span class='ocrx_word' id='word_1_428' title='bbox 674 3561 761 3613; x_wconf 88' lang='lat' dir='ltr'><strong>Acad.</strong></span> <span class='ocrx_word' id='word_1_429' title='bbox 780 3563 831 3614; x_wconf 90' lang='lat' dir='ltr'><strong>lib.</strong></span> <span class='ocrx_word' id='word_1_430' title='bbox 852 3565 888 3617; x_wconf 92' lang='grc'><strong>11.</strong></span> <span class='ocrx_word' id='word_1_431' title='bbox 909 3581 968 3634; x_wconf 87' lang='lat' dir='ltr'><strong>cap.</strong></span> <span class='ocrx_word' id='word_1_432' title='bbox 991 3568 1015 3620; x_wconf 80' lang='lat' dir='ltr'><strong>t.</strong></span> <span class='ocrx_word' id='word_1_433' title='bbox 1046 3565 1211 3632; x_wconf 81' lang='lat' dir='ltr'><strong>Complures</strong></span> <span class='ocrx_word' id='word_1_434' title='bbox 1224 3566 1294 3630; x_wconf 87' lang='lat' dir='ltr'><strong>dies,</strong></span> 
     </span>
     <span class='ocr_line' id='line_1_44' title="bbox 143 3632 1294 3701; baseline 0.001 -13"><span class='ocrx_word' id='word_1_435' title='bbox 143 3634 269 3689; x_wconf 86' lang='lat' dir='ltr'><strong>adhibito</strong></span> <span class='ocrx_word' id='word_1_436' title='bbox 290 3635 448 3701; x_wconf 87' lang='lat' dir='ltr'><strong>Heraclito,</strong></span> <span class='ocrx_word' id='word_1_437' title='bbox 480 3635 620 3701; x_wconf 80' lang='lat' dir='ltr'><strong>doctisque</strong></span> <span class='ocrx_word' id='word_1_438' title='bbox 645 3632 833 3699; x_wconf 85' lang='lat' dir='ltr'><strong>compluribus</strong></span> <span class='ocrx_word' id='word_1_439' title='bbox 858 3642 884 3687; x_wconf 88' lang='lat' dir='ltr'><strong>et</strong></span> <span class='ocrx_word' id='word_1_440' title='bbox 912 3635 944 3688; x_wconf 92' lang='lat' dir='ltr'><strong>in</strong></span> <span class='ocrx_word' id='word_1_441' title='bbox 968 3634 1014 3688; x_wconf 89' lang='lat' dir='ltr'><strong>his</strong></span> <span class='ocrx_word' id='word_1_442' title='bbox 1037 3635 1177 3688; x_wconf 87' lang='lat' dir='ltr'><strong>Antiochi</strong></span> <span class='ocrx_word' id='word_1_443' title='bbox 1203 3638 1294 3689; x_wconf 84' lang='lat' dir='ltr'><strong>fratre</strong></span> 
     </span>
     <span class='ocr_line' id='line_1_45' title="bbox 142 3703 1295 3774; baseline 0.001 -14"><span class='ocrx_word' id='word_1_444' title='bbox 142 3709 251 3772; x_wconf 89' lang='lat' dir='ltr'><strong>Aristo,</strong></span> <span class='ocrx_word' id='word_1_445' title='bbox 276 3714 302 3759; x_wconf 92' lang='lat' dir='ltr'><strong>et</strong></span> <span class='ocrx_word' id='word_1_446' title='bbox 324 3711 471 3773; x_wconf 84' lang='lat' dir='ltr'><strong>praeterea</strong></span> <span class='ocrx_word' id='word_1_447' title='bbox 489 3705 622 3758; x_wconf 86' lang='lat' dir='ltr'><strong>Aristone</strong></span> <span class='ocrx_word' id='word_1_448' title='bbox 649 3712 676 3757; x_wconf 90' lang='lat' dir='ltr'><strong>et</strong></span> <span class='ocrx_word' id='word_1_449' title='bbox 692 3703 792 3770; x_wconf 87' lang='lat' dir='ltr'><strong>Dione,</strong></span> <span class='ocrx_word' id='word_1_450' title='bbox 818 3707 915 3774; x_wconf 80' lang='lat' dir='ltr'><strong>quibus</strong></span> <span class='ocrx_word' id='word_1_451' title='bbox 939 3707 989 3760; x_wconf 83' lang='lat' dir='ltr'><strong>itte</strong></span> <span class='ocrx_word' id='word_1_452' title='bbox 1013 3708 1157 3760; x_wconf 86' lang='lat' dir='ltr'><strong>secundum</strong></span> <span class='ocrx_word' id='word_1_453' title='bbox 1174 3708 1295 3773; x_wconf 74' lang='lat' dir='ltr'><strong>fratrem</strong></span> 
     </span>
     <span class='ocr_line' id='line_1_46' title="bbox 138 3775 1296 3852; baseline 0 -19"><span class='ocrx_word' id='word_1_454' title='bbox 138 3777 294 3852; x_wconf 84' lang='lat' dir='ltr'><strong>plurimum</strong></span> <span class='ocrx_word' id='word_1_455' title='bbox 312 3776 456 3843; x_wconf 88' lang='lat' dir='ltr'><strong>tribuebat,</strong></span> <span class='ocrx_word' id='word_1_456' title='bbox 475 3777 591 3829; x_wconf 91' lang='lat' dir='ltr'><strong>multum</strong></span> <span class='ocrx_word' id='word_1_457' title='bbox 608 3775 740 3843; x_wconf 80' lang='lat' dir='ltr'><strong>ternparis</strong></span> <span class='ocrx_word' id='word_1_458' title='bbox 757 3775 788 3827; x_wconf 90' lang='lat' dir='ltr'><strong>in</strong></span> <span class='ocrx_word' id='word_1_459' title='bbox 810 3778 867 3830; x_wconf 87' lang='lat' dir='ltr'><strong>ista</strong></span> <span class='ocrx_word' id='word_1_460' title='bbox 885 3793 942 3830; x_wconf 89' lang='lat' dir='ltr'><strong>una</strong></span> <span class='ocrx_word' id='word_1_461' title='bbox 961 3779 1149 3846; x_wconf 87' lang='lat' dir='ltr'><strong>disputatione</strong></span> <span class='ocrx_word' id='word_1_462' title='bbox 1171 3794 1296 3833; x_wconf 80' lang='lat' dir='ltr'><strong>consum·</strong></span> 
     </span>
     <span class='ocr_line' id='line_1_47' title="bbox 139 3846 1294 3922; baseline -0.001 -19"><span class='ocrx_word' id='word_1_463' title='bbox 139 3850 258 3922; x_wconf 80' lang='lat' dir='ltr'><strong>psimtts.</strong></span> <span class='ocrx_word' id='word_1_464' title='bbox 294 3850 372 3900; x_wconf 86' lang='lat' dir='ltr'><strong>Haec</strong></span> <span class='ocrx_word' id='word_1_465' title='bbox 391 3849 478 3900; x_wconf 89' lang='lat' dir='ltr'><strong>etiam</strong></span> <span class='ocrx_word' id='word_1_466' title='bbox 495 3849 559 3900; x_wconf 86' lang='lat' dir='ltr'><strong>loca</strong></span> <span class='ocrx_word' id='word_1_467' title='bbox 576 3848 696 3912; x_wconf 84' lang='lat' dir='ltr'><strong>faciunt,</strong></span> <span class='ocrx_word' id='word_1_468' title='bbox 715 3855 749 3898; x_wconf 92' lang='lat' dir='ltr'><strong>ut</strong></span> <span class='ocrx_word' id='word_1_469' title='bbox 766 3846 852 3913; x_wconf 89' lang='lat' dir='ltr'><strong>nihil,</strong></span> <span class='ocrx_word' id='word_1_470' title='bbox 878 3849 978 3902; x_wconf 89' lang='lat' dir='ltr'><strong>invitis</strong></span> <span class='ocrx_word' id='word_1_471' title='bbox 996 3849 1088 3916; x_wconf 88' lang='lat' dir='ltr'><strong>libris,</strong></span> <span class='ocrx_word' id='word_1_472' title='bbox 1112 3850 1162 3904; x_wconf 93' lang='lat' dir='ltr'><strong>hic</strong></span> <span class='ocrx_word' id='word_1_473' title='bbox 1181 3860 1294 3904; x_wconf 89' lang='lat' dir='ltr'><strong>mutan·</strong></span> 
     </span>
     <span class='ocr_line' id='line_1_48' title="bbox 142 3920 432 3975; baseline -0.017 0"><span class='ocrx_word' id='word_1_474' title='bbox 142 3923 212 3975; x_wconf 89' lang='lat' dir='ltr'><strong>dum</strong></span> <span class='ocrx_word' id='word_1_475' title='bbox 230 3924 359 3975; x_wconf 85' lang='lat' dir='ltr'><strong>statuam.</strong></span> <span class='ocrx_word' id='word_1_476' title='bbox 395 3920 432 3972; x_wconf 91' lang='lat' dir='ltr'><strong>D.</strong></span> 
     </span>
    </p>

    <p class='ocr_par' dir='ltr' id='par_1_10' title="bbox 143 3986 1296 4134">
     <span class='ocr_line' id='line_1_49' title="bbox 214 3986 1295 4062; baseline 0 -18"><span class='ocrx_word' id='word_1_477' title='bbox 214 3990 334 4058; x_wconf 73' lang='lat' dir='ltr'><strong>Aristo]</strong></span> <span class='ocrx_word' id='word_1_478' title='bbox 364 3987 509 4062; x_wconf 80' lang='lat' dir='ltr'><strong>„vulgati</strong></span> <span class='ocrx_word' id='word_1_479' title='bbox 534 3986 667 4058; x_wconf 84' lang='lat' dir='ltr'><strong>plerique</strong></span> <span class='ocrx_word' id='word_1_480' title='bbox 694 3987 843 4043; x_wconf 86' lang='lat' dir='ltr'><strong>Aristone:</strong></span> <span class='ocrx_word' id='word_1_481' title='bbox 876 3992 925 4044; x_wconf 89' lang='lat' dir='ltr'><strong>sed</strong></span> <span class='ocrx_word' id='word_1_482' title='bbox 955 4008 1011 4062; x_wconf 85' lang='lat' dir='ltr'><strong>quo</strong></span> <span class='ocrx_word' id='word_1_483' title='bbox 1038 3992 1191 4046; x_wconf 82' lang='lat' dir='ltr'><strong>Aristone?</strong></span> <span class='ocrx_word' id='word_1_484' title='bbox 1228 3994 1295 4047; x_wconf 92' lang='lat' dir='ltr'><strong>Non</strong></span> 
     </span>
     <span class='ocr_line' id='line_1_50' title="bbox 143 4059 1296 4134; baseline -0.002 -17"><span class='ocrx_word' id='word_1_485' title='bbox 143 4062 217 4118; x_wconf 76' lang='lat' dir='ltr'><strong>chio</strong></span> <span class='ocrx_word' id='word_1_486' title='bbox 235 4081 328 4134; x_wconf 87' lang='lat' dir='ltr'><strong>neque</strong></span> <span class='ocrx_word' id='word_1_487' title='bbox 348 4061 420 4114; x_wconf 77' lang='lat' dir='ltr'><strong>(leoz</strong></span> <span class='ocrx_word' id='word_1_488' title='bbox 455 4076 524 4129; x_wconf 88' lang='lat' dir='ltr'><strong>quos</strong></span> <span class='ocrx_word' id='word_1_489' title='bbox 549 4059 647 4111; x_wconf 88' lang='lat' dir='ltr'><strong>audire</strong></span> <span class='ocrx_word' id='word_1_490' title='bbox 665 4061 769 4113; x_wconf 91' lang='lat' dir='ltr'><strong>Brutus</strong></span> <span class='ocrx_word' id='word_1_491' title='bbox 787 4078 845 4113; x_wconf 90' lang='lat' dir='ltr'><strong>non</strong></span> <span class='ocrx_word' id='word_1_492' title='bbox 862 4064 966 4132; x_wconf 91' lang='lat' dir='ltr'><strong>potuit,</strong></span> <span class='ocrx_word' id='word_1_493' title='bbox 986 4063 1069 4116; x_wconf 90' lang='lat' dir='ltr'><strong>rebus</strong></span> <span class='ocrx_word' id='word_1_494' title='bbox 1086 4064 1220 4118; x_wconf 87' lang='lat' dir='ltr'><strong>humanis</strong></span> <span class='ocrx_word' id='word_1_495' title='bbox 1238 4064 1296 4117; x_wconf 87' lang='lat' dir='ltr'><strong>iam</strong></span> 
     </span>
    </p>
   </div>
   <div class='ocr_carea' id='block_1_10' title="bbox 49 4130 1296 4209">
    <p class='ocr_par' dir='ltr' id='par_1_11' title="bbox 49 4130 1296 4209">
     <span class='ocr_line' id='line_1_51' title="bbox 49 4130 1296 4209; baseline 0 -21"><span class='ocrx_word' id='word_1_496' title='bbox 49 4196 52 4209; x_wconf 37' lang='grc' dir='ltr'>Ι</span> <span class='ocrx_word' id='word_1_497' title='bbox 128 4134 301 4205; x_wconf 74' lang='lat' dir='ltr'><strong>¹exemptos.</strong></span> <span class='ocrx_word' id='word_1_498' title='bbox 338 4133 384 4185; x_wconf 89' lang='lat' dir='ltr'><strong>An</strong></span> <span class='ocrx_word' id='word_1_499' title='bbox 403 4132 537 4184; x_wconf 88' lang='lat' dir='ltr'><strong>Aristone</strong></span> <span class='ocrx_word' id='word_1_500' title='bbox 555 4130 617 4194; x_wconf 89' lang='lat' dir='ltr'><strong>illo,</strong></span> <span class='ocrx_word' id='word_1_501' title='bbox 637 4132 718 4184; x_wconf 92' lang='lat' dir='ltr'><strong>cuius</strong></span> <span class='ocrx_word' id='word_1_502' title='bbox 737 4134 847 4186; x_wconf 89' lang='lat' dir='ltr'><strong>mentio</strong></span> <span class='ocrx_word' id='word_1_503' title='bbox 871 4143 913 4186; x_wconf 90' lang='lat' dir='ltr'><strong>est</strong></span> <span class='ocrx_word' id='word_1_504' title='bbox 930 4133 1014 4186; x_wconf 89' lang='lat' dir='ltr'><strong>Acad.</strong></span> <span class='ocrx_word' id='word_1_505' title='bbox 1038 4134 1076 4187; x_wconf 89' lang='lat' dir='ltr'><strong>ll.</strong></span> <span class='ocrx_word' id='word_1_506' title='bbox 1096 4139 1130 4190; x_wconf 81' lang='lat'><strong>4?</strong></span> <span class='ocrx_word' id='word_1_507' title='bbox 1166 4134 1296 4190; x_wconf 77' lang='lat' dir='ltr'><strong>Sedent</strong></span> 
     </span>
    </p>
   </div>
   <div class='ocr_carea' id='block_1_11' title="bbox 97 4201 1296 4494">
    <p class='ocr_par' dir='ltr' id='par_1_12' title="bbox 97 4201 1296 4494">
     <span class='ocr_line' id='line_1_52' title="bbox 145 4201 1295 4276; baseline 0.001 -17"><span class='ocrx_word' id='word_1_508' title='bbox 145 4216 207 4259; x_wconf 90' lang='lat' dir='ltr'><strong>erat</strong></span> <span class='ocrx_word' id='word_1_509' title='bbox 224 4203 422 4276; x_wconf 85' lang='lat' dir='ltr'><strong>philosophias</strong></span> <span class='ocrx_word' id='word_1_510' title='bbox 441 4219 498 4255; x_wconf 91' lang='lat' dir='ltr'><strong>non</strong></span> <span class='ocrx_word' id='word_1_511' title='bbox 517 4201 643 4276; x_wconf 83' lang='lat' dir='ltr'><strong>ignarus,</strong></span> <span class='ocrx_word' id='word_1_512' title='bbox 667 4220 726 4255; x_wconf 89' lang='lat' dir='ltr'><strong>non</strong></span> <span class='ocrx_word' id='word_1_513' title='bbox 746 4221 809 4256; x_wconf 89' lang='lat' dir='ltr'><strong>eum</strong></span> <span class='ocrx_word' id='word_1_514' title='bbox 834 4213 931 4258; x_wconf 89' lang='lat' dir='ltr'><strong>tamen</strong></span> <span class='ocrx_word' id='word_1_515' title='bbox 949 4205 1062 4271; x_wconf 89' lang='lat' dir='ltr'><strong>Brutus,</strong></span> <span class='ocrx_word' id='word_1_516' title='bbox 1089 4207 1138 4260; x_wconf 86' lang='lat' dir='ltr'><strong>sed</strong></span> <span class='ocrx_word' id='word_1_517' title='bbox 1154 4207 1295 4272; x_wconf 87' lang='lat' dir='ltr'><strong>Aristum,</strong></span> 
     </span>
     <span class='ocr_line' id='line_1_53' title="bbox 97 4273 1294 4343; baseline 0.002 -15"><span class='ocrx_word' id='word_1_518' title='bbox 97 4304 100 4308; x_wconf 29' lang='lat'>⁸</span> <span class='ocrx_word' id='word_1_519' title='bbox 121 4313 125 4321; x_wconf 86' lang='lat'><em>·</em></span> <span class='ocrx_word' id='word_1_520' title='bbox 145 4277 283 4331; x_wconf 90' lang='lat' dir='ltr'><strong>Antiochi</strong></span> <span class='ocrx_word' id='word_1_521' title='bbox 306 4279 438 4338; x_wconf 79' lang='lat' dir='ltr'><strong>fratrem,</strong></span> <span class='ocrx_word' id='word_1_522' title='bbox 463 4273 585 4343; x_wconf 89' lang='lat' dir='ltr'><strong>Athenis</strong></span> <span class='ocrx_word' id='word_1_523' title='bbox 609 4275 708 4328; x_wconf 87' lang='lat' dir='ltr'><strong>audiit.</strong></span> <span class='ocrx_word' id='word_1_524' title='bbox 747 4276 826 4343; x_wconf 80' lang='lat' dir='ltr'><strong>Quod</strong></span> <span class='ocrx_word' id='word_1_525' title='bbox 850 4285 972 4330; x_wconf 85' lang='lat' dir='ltr'><strong>testatur</strong></span> <span class='ocrx_word' id='word_1_526' title='bbox 991 4277 1092 4330; x_wconf 84' lang='lat' dir='ltr'><strong>Cicero</strong></span> <span class='ocrx_word' id='word_1_527' title='bbox 1119 4277 1205 4332; x_wconf 86' lang='lat' dir='ltr'><strong>Acad.</strong></span> <span class='ocrx_word' id='word_1_528' title='bbox 1225 4280 1248 4332; x_wconf 94' lang='lat'><strong>1.</strong></span> <span class='ocrx_word' id='word_1_529' title='bbox 1268 4282 1294 4333; x_wconf 84' lang='grc'><strong>3.</strong></span> 
     </span>
     <span class='ocr_line' id='line_1_54' title="bbox 146 4346 1296 4418; baseline -0.001 -16"><span class='ocrx_word' id='word_1_530' title='bbox 146 4359 175 4402; x_wconf 90' lang='lat' dir='ltr'><strong>et</strong></span> <span class='ocrx_word' id='word_1_531' title='bbox 202 4352 236 4404; x_wconf 89' lang='lat' dir='ltr'><strong>de</strong></span> <span class='ocrx_word' id='word_1_532' title='bbox 261 4346 357 4402; x_wconf 78' lang='lat' dir='ltr'><strong>Finib.</strong></span> <span class='ocrx_word' id='word_1_533' title='bbox 377 4347 410 4395; x_wconf 90' lang='lat' dir='ltr'><strong>V.</strong></span> <span class='ocrx_word' id='word_1_534' title='bbox 429 4349 455 4400; x_wconf 88' lang='grc'><strong>3.</strong></span> <span class='ocrx_word' id='word_1_535' title='bbox 492 4347 547 4398; x_wconf 86' lang='lat' dir='ltr'><strong>Hic</strong></span> <span class='ocrx_word' id='word_1_536' title='bbox 572 4361 640 4418; x_wconf 81' lang='lat' dir='ltr'><strong>ergo</strong></span> <span class='ocrx_word' id='word_1_537' title='bbox 663 4349 859 4416; x_wconf 83' lang='lat' dir='ltr'><strong>reponendum</strong></span> <span class='ocrx_word' id='word_1_538' title='bbox 884 4356 926 4400; x_wconf 89' lang='lat' dir='ltr'><strong>est</strong></span> <span class='ocrx_word' id='word_1_539' title='bbox 943 4347 1043 4402; x_wconf 87' lang='lat' dir='ltr'><strong>Aristo</strong></span> <span class='ocrx_word' id='word_1_540' title='bbox 1067 4365 1121 4418; x_wconf 86' lang='lat' dir='ltr'><strong>pro</strong></span> <span class='ocrx_word' id='word_1_541' title='bbox 1140 4349 1296 4404; x_wconf 74' lang='lat' dir='ltr'><strong>Aristone:</strong></span> 
     </span>
     <span class='ocr_line' id='line_1_55' title="bbox 146 4414 1296 4494; baseline 0 -22"><span class='ocrx_word' id='word_1_542' title='bbox 146 4422 176 4473; x_wconf 90' lang='lat' dir='ltr'><strong>in</strong></span> <span class='ocrx_word' id='word_1_543' title='bbox 201 4439 258 4493; x_wconf 87' lang='lat' dir='ltr'><strong>quo</strong></span> <span class='ocrx_word' id='word_1_544' title='bbox 280 4418 430 4473; x_wconf 87' lang='lat' dir='ltr'><strong>haesitasse</strong></span> <span class='ocrx_word' id='word_1_545' title='bbox 455 4417 547 4469; x_wconf 91' lang='lat' dir='ltr'><strong>miror</strong></span> <span class='ocrx_word' id='word_1_546' title='bbox 570 4414 727 4470; x_wconf 84' lang='lat' dir='ltr'><strong>Davisium.</strong></span> <span class='ocrx_word' id='word_1_547' title='bbox 770 4420 870 4488; x_wconf 83' lang='lat' dir='ltr'><strong>quue</strong></span> <span class='ocrx_word' id='word_1_548' title='bbox 893 4419 985 4473; x_wconf 89' lang='lat' dir='ltr'><strong>miror</strong></span> <span class='ocrx_word' id='word_1_549' title='bbox 1011 4421 1111 4494; x_wconf 80' lang='lat' dir='ltr'><strong>magis,</strong></span> <span class='ocrx_word' id='word_1_550' title='bbox 1137 4422 1213 4490; x_wconf 90' lang='lat' dir='ltr'><strong>quod</strong></span> <span class='ocrx_word' id='word_1_551' title='bbox 1235 4422 1296 4491; x_wconf 86' lang='lat' dir='ltr'><strong>ipsc</strong></span> 
     </span>
    </p>
   </div>
   <div class='ocr_carea' id='block_1_12' title="bbox 0 0 1448 5084">
    <p class='ocr_par' dir='ltr' id='par_1_13' title="bbox 0 0 1448 5084">
     <span class='ocr_line' id='line_1_56' title="bbox 0 0 1448 5084; baseline 0 0"><span class='ocrx_word' id='word_1_552' title='bbox 0 0 1448 5084; x_wconf 95' lang='lat' dir='ltr'><strong> </strong></span> 
     </span>
    </p>
   </div>
  </div>
 </body>
</html>
