2856 5084
399 339 451 352 .,
509 239 789 359 mensure.
978 371 989 381 ι
1115 226 1226 345 v“157

71 444 246 513 tummodo
268 443 380 510 induit
402 464 578 529 personam
605 443 852 528 philosophici
879 405 944 505 sibi
972 441 1044 524 ipss
1070 437 1136 504 hoc
1152 459 1225 503 no-

71 553 151 595 men
181 533 377 612 inscripsit,⁴
398 529 511 590 dicere
543 529 690 592 licebitr.
706 524 809 609 (quod
830 524 975 608 quidem,
1009 523 1168 593 uthabet
1188 542 1226 587 sc

71 634 140 692 res,
160 633 213 675 me
235 621 347 675 tamen
369 611 548 694 plaudente
569 611 653 674 dicit
661 608 685 685 ε)
717 604 849 670 nullum
877 606 1020 690 sapienti
1047 624 1117 668 esse
1139 614 1224 669 tem-
1318 643 1325 664 .

46 775 51 788 ἱ
71 783 179 870 terprr.
199 797 271 852 Add.
290 792 469 852 Poschslium
489 797 523 850 de
541 796 662 851 Coronis
680 791 733 848 111.
754 797 780 850 6.
800 811 828 864 p·
840 793 900 850 161.
920 790 1108 874 collepliti.
1131 788 1228 872 §upra

71 872 126 924 111.
148 873 190 927 18.
210 873 253 926 43.
274 879 317 923 est
335 868 423 923 scriis
440 867 574 922 redimiri
592 874 620 921 et
639 883 717 919 roso.
736 865 835 920 Senec.
855 865 909 934 Ep.
924 865 968 920 36.
989 878 1019 916 m
1037 877 1105 913 rosc
1123 876 1227 915 iacere.

72 941 109 994 lu
126 958 185 995 uno
207 941 256 992 Ox.
277 941 356 995 deest
373 956 431 1002 τηις
459 940 531 994 alius
549 939 639 1005 habet,
653 953 732 990 meru
750 952 803 1007 pro
822 936 913 1000 uioic3
937 942 997 986 tres
1020 948 1086 984 cum
1105 935 1179 985 Mon.
1198 934 1227 988 2

71 1006 162 1065 Rehd.
191 1008 270 1065 Gud.*
293 1011 401 1064 habent
422 1017 514 1078 putus,
545 1018 578 1060 ut
601 1002 757 1081 pleraeque
785 1001 855 1059 Edd.
889 1013 955 1058 ante
982 1002 1072 1057 Gebh.
1098 1002 1229 1073 exceptis
1264 1042 1267 1051 ,

70 1080 148 1134 vict.
176 1081 244 1134 Rob.
271 1081 370 1151 Steph.
396 1081 483 1133 Leod.
511 1078 591 1133 Brut.
628 1082 693 1132 Post
717 1073 810 1132 Gebh.
838 1093 934 1129 omnes
961 1073 1068 1127 hebent
1096 1073 1225 1140 pietatus.

70 1146 159 1275 ptari.
178 1149 312 1218 putabis.
332 1151 432 1227 Pergit
449 1151 502 1204 Ed.
522 1153 550 1204 P.
571 1161 615 1204 un
633 1149 665 1203 in
684 1162 768 1213 rosu3
786 1146 874 1202 Rehd.
894 1162 930 1199 cu
948 1156 1022 1199 rosa.
1048 1145 1124 1198 Men.
1142 1149 1168 1200 1.
1188 1158 1227 1197 ori

36 1258 40 1265 -
85 1238 230 1276 erosos.
268 1223 328 1275 Mr.

21 1326 28 1343 .-
144 1295 210 1362 Gap.
232 1296 275 1348 26.
315 1294 386 1358 Quis
409 1293 598 1346 tantummodo
623 1289 728 1359 induit]
764 1289 859 1366 Vulgo
885 1285 942 1358 qui.
979 1285 1135 1342 Nobiscum
1155 1298 1227 1340 veru

72 1359 187 1416 iaciunt
204 1364 274 1434 ng.
295 1364 442 1417 Pithoesn.
463 1372 491 1416 et
511 1360 596 1415 Med.'
621 1364 657 1417 D.

145 1435 192 1486 Ao
211 1432 342 1502 Epicuro,
363 1433 422 1504 qui
441 1433 631 1488 tantummodo
649 1429 908 1500 induiipersoncm
923 1426 1105 1499 philosophi]
1127 1429 1228 1495 „Ver-

71 1504 174 1556 borum
193 1522 304 1556 sensum
323 1522 381 1557 non
400 1513 478 1557 recte
497 1514 640 1557 essecutus
666 1504 783 1555 videtur
799 1504 832 1553 V.
853 1501 887 1553 D.
913 1518 979 1553 cum
1004 1503 1117 1576 legeret
1140 1501 1227 1569 quia

72 1576 262 1628 tantummodo
282 1585 336 1627 cet.
357 1575 433 1627 nihil
452 1576 529 1628 enim
548 1575 602 1628 ista
623 1576 671 1644 qui
688 1573 873 1644 tantummodo
893 1599 926 1610 -
946 1571 1100 1640 inscripsit,
1119 1571 1227 1624 adrem

71 1645 192 1709 iaciunt,
212 1646 268 1696 nisi
285 1655 319 1697 ut
340 1647 463 1715 Epicuri
482 1647 626 1699 mentioni
644 1645 703 1697 odii
722 1661 753 1696 ac
775 1643 995 1715 vituperationis
1018 1651 1115 1696 notam
1140 1644 1227 1711 eppo·¹

47 1725 150 1767 ·nsnt.
188 1715 236 1768 Sic
256 1733 299 1771 ex.
320 1729 364 1790 gr.
385 1712 478 1769 infra:
510 1717 585 1770 Huic
604 1732 683 1782 ergo,
712 1714 832 1791 uidixi,
862 1729 916 1766 nou
939 1713 1058 1765 muitum
1085 1708 1228 1778 differenti

24 1842 27 1848 ,
73 1801 92 1838 c
115 1786 223 1839 iudicio
248 1787 387 1852 ferorum,
416 1787 547 1841 obliuisci
576 1787 670 1840 iicebit
693 1785 760 1837 sui?
775 1785 872 1854 ‘quid'i
903 1800 938 1836 an
962 1782 1028 1837 illic
1051 1782 1226 1857 legendum:

76 1868 79 1871 ·
98 1859 159 1909 uio
179 1872 232 1910 non
249 1855 364 1910 muitum
382 1874 399 1910 u
417 1859 525 1913 iudicio
542 1860 668 1923 ferorum
688 1858 795 1922 differi,
813 1855 947 1919 obliuisci
965 1854 1058 1908 iicebit
1074 1855 1156 1907 suii-
1175 1853 1229 1905 Est

72 1873 227 2050 iaecpsarpe
245 1929 411 2054 ngIiJOSigia
424 1930 490 2052 tetis
509 1929 647 2051 iknciderlrs
674 1927 708 1980 de
735 1927 887 2051 qiitieged
903 1925 955 2047 ce}
967 1923 1228 2048 Ξετὶἕυιῃῖἰιοςζ

73 2013 286 2049 cac...
381 2038 386 2049 .
475 2016 733 2055 oens..c..
816 2014 895 2049 .e.
951 2014 1013 2047 a.
1076 2010 1196 2047 scscu

71 2067 256 2138 Wopkensio
279 2036 466 2123 Bosihieriusr
490 2017 587 2138 iisque
614 2014 764 2140 quisqtiam
788 2067 861 2119 alius
888 2067 1000 2136 recepit
1017 2057 1099 2134 puio.
1136 2064 1228 2117 Habet

73 2138 104 2189 id
129 2140 245 2209 quidem
273 2141 361 2192 etiam
386 2141 458 2192 Gud.
480 2144 504 2195 l.
531 2145 559 2204 (a
576 2143 602 2196 2.
623 2140 673 2202 m.)
692 2155 758 2190 cum
776 2140 853 2192 Mon.
874 2142 899 2192 1.
927 2145 956 2189 et
975 2137 1066 2189 tribus
1085 2138 1154 2191 011.
1177 2132 1230 2188 sed

73 2218 176 2266 nostru,
188 2218 268 2264 certe
287 2211 405 2264 collatio
424 2211 536 2264 Codicis
554 2210 639 2286 Regii
656 2218 747 2262 tacet:
767 2225 870 2278 neque,
889 2208 919 2261 si
930 2224 1034 2260 verum
1052 2208 1228 2276 quaerimus,
1283 2227 1291 2241 .

73 2280 188 2333 etiamsi
205 2281 308 2333 habeat
327 2282 381 2334 iste
400 2282 495 2335 Codex
514 2284 589 2348 quio,
611 2281 641 2332 id
660 2281 700 2333 ita
718 2279 832 2350 placere
849 2286 954 2348 posset,
978 2283 1011 2330 ut
1028 2277 1229 2347 recipiendum

72 2351 230 2403 videretur.
269 2351 313 2402 Ad
331 2359 508 2403 structurum
527 2367 597 2411 vero
614 2351 674 2404 loci
691 2351 764 2403 haec
783 2358 824 2402 est
842 2349 935 2402 Madvi
957 2349 980 2400 ii
1001 2351 1119 2440 egregia
1141 2363 1230 2417 expo·

73 2421 142 2473 sitio
162 2421 312 2484 (Emendd.
333 2423 364 2473 in
382 2421 443 2475 cic.
462 2422 551 2474 libros
570 2422 673 2493 philos.
693 2422 716 2474 1.
737 2438 764 2492 p.
784 2422 820 2476 44
839 2420 893 2490 sq.]
920 2367 1233 2485 ,3181οινοικόιῑουθοιί1

73 2492 131 2556 An,
155 2492 269 2560 inquit>
282 2492 403 2558 Epicuro
428 2524 460 2534 -
485 2491 582 2546 dicere
604 2492 700 2546 iicebit
725 2501 798 2556 cet.;
827 2492 973 2544 additurus
996 2499 1073 2544 erit:
1110 2487 1228 2554 Stoicis,

73 2563 134 2614 imo
154 2561 353 2629 Peripateticis
372 2562 464 2628 etiam,
493 2579 547 2617 nou
571 2564 646 2619 idem
670 2563 818 2616 dicendum
843 2562 919 2616 erit?
957 2560 1012 2614 Sed
1036 2560 1167 2631 pluribus
1192 2557 1229 2614 sd

73 2632 199 2701 Epicuri
218 2634 350 2707 dogmata
369 2634 538 2708 exagitanda
555 2635 715 2705 interiectis
733 2634 903 2686 sententiam
920 2650 979 2686 non
997 2632 1131 2697 absolvit3
1149 2630 1229 2684 ordi·

71 2712 124 2755 tur
142 2703 176 2755 de
195 2700 325 2828 intepro:
354 2705 429 2757 Huic
447 2721 525 2772 ergo,
543 2712 573 2759 ut
593 2705 664 2769 dici,
690 2720 744 2757 nou
769 2707 884 2758 multum
911 2703 1055 2771 differenti
1080 2719 1098 2756 a
1120 2702 1228 2757 iudicio

73 2776 207 2840 ferorum,
228 2776 260 2828 od
272 2774 359 2827 iuisci
377 2775 472 2828 iicebit
492 2775 538 2829 sui
556 2785 611 2828 cet.
650 2775 685 2828 Se
704 2793 740 2829 ne
759 2791 836 2827 nunc
853 2775 968 2844 quidem
988 2775 1032 2839 (ut
1049 2783 1116 2826 sunt
1133 2775 1229 2849 negli-
1340 2782 1343 2793 '

73 2846 199 2930 gentius,
217 2854 251 2896 ut
269 2847 310 2897 ita
328 2846 431 2909 dicum,
451 2846 555 2917 scripti
574 2845 620 2898 illi
638 2844 724 2911 librif
741 2845 790 2898 sed
813 2862 880 2897 cum
905 2863 1014 2898 summa
1038 2840 1229 2908 iucunditate)

74 2933 105 2968 sn
125 2916 286 2986 Epicurum
306 2912 464 2968 invehendi
482 2916 577 2970 studio
596 2918 738 2986 abreptus,
757 2915 788 2969 id
805 2917 881 2986 quod
897 2917 1001 2980 voluit,
1013 2971 1016 2975 ,
1026 2916 1155 2970 elocutus
1172 2923 1228 2970 est.

72 2987 180 3056 Rursus
204 2985 300 3060 igitur
326 2993 436 3039 mutato
462 2995 618 3052 structura,
644 2988 817 3040 sententiam
836 2987 893 3038 slis
912 2987 1033 3052 ratione,
1061 3003 1132 3056 quse
1151 2987 1230 3039 idem

72 3056 259 3130 significaret,
280 3057 437 3110 conclusit:
457 3057 509 3110 sed
526 3075 587 3110 cum
599 3059 627 3111 is
646 3058 725 3112 dicut
744 3085 778 3096 -
797 3055 932 3126 quidnam
950 3058 1159 3124 faciendumst
1172 3055 1229 3123 tis,

73 3127 122 3196 pui
147 3152 181 3164 -
206 3127 392 3181 existimanti
430 3128 575 3182 Particuls
598 3129 650 3184 sed
669 3137 713 3182 est
734 3145 766 3184 se
785 3128 944 3181 resecantis
964 3135 991 3181 ei
1013 3128 1051 3182 ad
1073 3128 1231 3182 orationem

73 3197 260 3266 interruptum
277 3196 427 3251 redeuntis.
463 3199 524 3253 Mr.

147 3268 211 3322 Sidi
227 3269 287 3338 ipsc
312 3267 364 3322 icc
388 3286 484 3323 nomen
511 3267 669 3341 inscripsit]
706 3270 754 3324 sic
771 3271 841 3344 Reg.
870 3278 899 3323 et
916 3267 1064 3323 Pithoesn.
1101 3268 1141 3323 At
1157 3268 1227 3324 Bate.

71 3338 145 3392 Med.
165 3347 193 3392 et
211 3341 324 3393 Balliol.
345 3341 414 3393 dant
432 3341 572 3395 inscribit.
610 3343 771 3412 Epicurum
795 3348 864 3394 vero
889 3357 918 3393 se
944 3341 1103 3412 sapientem
1119 3343 1230 3411 profes·

72 3428 137 3462 sum
156 3426 214 3463 esse
232 3419 355 3464 testatur
373 3412 475 3465 Cicero
495 3412 544 3465 lib.
565 3411 603 3468 11.
624 3413 659 3464 de
677 3412 741 3464 Fin.
762 3429 786 3464 e.
805 3415 832 3467 8.
869 3411 905 3464 D.

145 3487 171 3533 et
191 3481 247 3535 sibi
264 3482 277 3534 i
281 3498 340 3550 pse
358 3480 409 3536 isoc
426 3498 520 3536 nomen
538 3485 551 3537 i
557 3481 768 3551 escriprit,]
800 3481 873 3535 Male
891 3476 1027 3534 scribitur
1044 3479 1104 3550 ipsi
1121 3482 1153 3533 in
1170 3493 1229 3535 uno

20 3606 23 3610 Δ
73 3551 141 3605 eod.
161 3553 241 3606 Leid.
262 3555 354 3606 tribus
373 3555 442 3608 Oxx.
468 3554 540 3606 Edd.
564 3556 593 3606 P.
613 3554 644 3609 G.
661 3555 695 3603 V.
715 3554 785 3606 Ven.
812 3553 872 3606 Alt.
896 3551 960 3605 Asc.
981 3555 1005 3608 2.
1033 3553 1100 3609 Rob.
1127 3550 1226 3622 steph.

72 3623 173 3676 Herw.
194 3627 218 3677 l.
238 3626 265 3678 2.
301 3623 364 3692 Ipsi
385 3624 472 3694 plene
496 3624 620 3676 otiosum
647 3631 732 3676 essets
768 3623 963 3697 illud-urget,
993 3623 1068 3694 quod
1094 3623 1155 3690 ipse
1169 3622 1228 3690 hoc

70 3709 179 3746 nomen
197 3691 251 3743 sibi
269 3695 424 3766 arrogavit.
461 3693 542 3747 Dicit
559 3693 615 3748 hoc
633 3693 693 3746 Cic.
720 3694 754 3745 de
772 3694 857 3747 Finn.
877 3693 962 3750 lis.
982 3697 1012 3748 t:
1037 3693 1086 3763 qui
1109 3695 1229 3763 (Epicus

73 3763 136 3827 rus)
156 3778 186 3814 ss
203 3776 282 3826 uuus,
308 3765 379 3830 qrsod
396 3763 497 3831 scium,
523 3767 676 3832 sapientem
692 3764 823 3832 profiteri
847 3767 886 3820 sii
909 3779 1001 3818 ausus.
1038 3766 1161 3839 Legitur
1182 3765 1228 3818 iu·

73 3832 174 3887 scribit
204 3831 235 3882 in
261 3848 319 3883 uno
344 3834 392 3886 Ox.
414 3835 487 3888 Gud.
511 3837 595 3888 Vind.
618 3841 641 3891 1.
659 3839 686 3890 2.
723 3838 777 3888 Pro
806 3836 898 3890 iicebit
924 3845 967 3890 est
993 3834 1075 3887 iiceoi
1104 3835 1135 3884 in
1158 3833 1227 3890 Cod.

72 3905 147 3958 (iud.
159 3906 184 3958 2.
206 3903 342 3955 Ceterum
360 3904 417 3958 vid.
438 3906 524 3958 etium
543 3906 578 3960 de
597 3906 655 3960 loci
675 3914 820 3960 structure
832 3907 976 3960 Haudium
984 3906 1017 3957 in
1024 3903 1190 3957 Tursellino
1200 3903 1225 3956 1.
1309 3937 1312 3941 -

96 3976 183 4030 .352:
221 3974 281 4026 Mr.
775 4015 777 4018 ,
1079 4021 1081 4025 ,

72 3993 101 4085 p·
144 4045 230 4114 (quod
247 4032 379 4114 quidem,x
394 4051 424 4098 ut
442 4042 523 4099 iubet
541 4063 571 4101 sc
588 4063 644 4114 res,
671 4063 715 4101 mc
742 4054 835 4101 iumen
849 4047 1000 4116 plaudente
1027 4042 1136 4110 dicit=)]
1159 4042 1227 4109 Cod.

23 4116 26 4121 '
72 4111 171 4168 Duisb.
195 4116 281 4169 habet
306 4116 379 4183 quod
396 4132 450 4169 non
469 4117 593 4184 quidemr
618 4119 695 4187 quod
713 4127 755 4170 est
773 4118 957 4184 correctoris,
985 4134 1069 4169 suum
1086 4115 1228 4172 iudicium

73 4187 294 4255 interponentis.
337 4188 418 4241 Unus
443 4187 493 4240 Ox.
525 4189 637 4245 omittit
663 4189 780 4258 quidem,
826 4190 906 4255 Quod
933 4187 1058 4243 coniecit
1079 4186 1227 4241 Bentlsius

71 4262 136 4310 uiui
155 4273 207 4326 pro
226 4264 256 4310 ut
274 4273 339 4310 rece
362 4259 386 4310 it
396 4258 608 4323 lelemsnnus,
627 4258 728 4311 tacite:
740 4261 801 4310 ‘nec
819 4276 889 4312 vero
906 4259 973 4323 hoc,
991 4266 1025 4310 ut
1036 4265 1226 4312 recte-monet

72 4326 167 4381 Ktihn.
188 4345 252 4380 curu
270 4276 390 4394 Oreliio,
410 4328 634 4382 ciceronianum
652 4338 703 4382 est.
722 4329 837 4381 Nissen.
866 4335 897 4382 ut
914 4329 1024 4382 dictum
1041 4329 1156 4383 volebat
1172 4342 1226 4398 pro

72 4402 143 4466 istut,
162 4398 216 4452 hec
233 4400 384 4455 sententiar
409 4415 468 4454 non
487 4400 594 4476 cogito,
617 4416 704 4469 quam
722 4400 929 4455 convenienter
945 4401 1029 4456 diost.
1063 4401 1168 4473 'Metius
1186 4399 1227 4453 ita
