2856 5084
202 281 262 345 142
407 275 637 342 CICERONIS
658 272 903 344 TUSCULAN.
926 279 1156 343 DISPUTAT.
1238 291 1244 296 “

197 445 322 507 oratio.
369 443 451 524 Quis
488 451 539 504 est
563 444 724 523 omnium,
760 446 818 526 qui
845 443 944 506 modo
981 464 1056 506 cum
1077 444 1199 524 Musis,
1228 445 1265 506 id
1291 458 1353 527 est,

134 576 139 587 .
199 546 276 589 cum
301 526 511 588 humanitate
538 536 572 588 et
600 545 676 588 cum
707 525 860 589 doctriua
882 527 1003 590 habeat
1030 527 1165 610 aliquod
1191 548 1354 592 commer-

200 612 302 684 cium,
327 609 383 690 qui
411 629 447 671 se
473 618 541 671 non
556 609 661 684 Xhunc
694 610 966 672 mathematicum
995 612 1100 688 malit,
1132 631 1231 692 quam
1261 615 1353 674 illum

200 689 400 771 tyrannum?
443 691 479 753 Si
510 689 599 755 ritae
627 691 763 753 modum
782 694 1015 774 actionemque
1036 690 1238 776 quaerimur,
1271 697 1353 760 alte·

199 776 272 836 rius
293 794 385 835 mens
397 775 588 837 rationibus
604 775 769 861 agitandis
791 776 1070 858 exquirendisque
1090 778 1253 856 alebatur,
1274 799 1351 841 oum

198 857 421 920 oblectatione
442 859 628 933 sollertiae3
649 858 709 939 qni
731 866 780 918 est
801 878 888 919 unus
910 861 1123 922 suavissimus
1144 868 1257 943 pastus
1278 864 1351 922 ani-

267 1046 301 1098 01
324 1043 433 1099 domiue
458 1042 613 1112 Arpinate]
648 1045 694 1096 Ita
719 1044 837 1115 scripsit
858 1043 989 1098 Rudinus
1015 1042 1095 1098 lamo
1114 1047 1160 1099 Or.
1188 1063 1242 1116 pro
1261 1047 1350 1105 Arch.

196 1119 275 1186 poe‘t.
294 1118 383 1180 9,,22.
419 1114 506 1168 Plura
524 1116 631 1168 similia
646 1115 725 1169 ,colle
746 1116 771 1167 it
789 1116 818 1168 0.
838 1119 874 1172 M.
896 1117 1010 1168 lllliiller.
1030 1116 1062 1168 10
1079 1116 1145 1170 Cur.
1164 1135 1219 1170 sec.
1240 1119 1275 1170 ad
1289 1120 1349 1172 cic.

217 1204 250 1240 ro
268 1187 339 1243 Sest.
358 1205 386 1256 p.
409 1190 468 1243 127.
488 1204 529 1255 sq.
549 1187 665 1253 Marius,
683 1195 717 1238 ut
726 1133 764 1240 {a
776 1187 797 1238 l.
818 1186 919 1240 Cicero
939 1189 999 1257 ipse
1018 1205 1046 1240 se
1064 1189 1204 1255 nominat,
1222 1189 1351 1258 Arpinas

195 1205 275 1313 domo
293 1257 404 1310 dicitur
422 1258 456 1310 de
474 1259 514 1310 Le
536 1276 564 1331 g.
584 1257 608 1308 1·.
627 1263 651 1313 1.
672 1260 698 1313 4.
717 1277 746 1330 p.
767 1261 810 1312 lo.
832 1257 875 1311 ed.
893 1267 983 1310 nostr.
1004 1266 1034 1310 et
1056 1257 1104 1315 Gr.
1125 1260 1191 1312 (lod.
1218 1261 1312 1316 vind:
1324 1267 1349 1318 l.

196 1329 281 1384 habet
307 1329 480 1383 didicissent.
516 1275 616 1403 {ergit
642 1329 721 1382 God..
741 1332 816 1395 lllon.
837 1333 862 1383 1.
893 1329 1050 1393 reddeat,
1079 1349 1153 1382 uuus
1178 1331 1227 1383 Ox.
1256 1333 1348 1386 redeo.

195 1403 261 1454 lllox
279 1402 334 1454 duo
352 1400 405 1452 alii
423 1400 562 1453 omittunt
580 1401 680 1454 oratio.
706 1401 798 1454 lidem
815 1400 923 1452 habent
941 1400 1009 1455 Quia
1027 1403 1117 1455 euim
1134 1401 1266 1469 omnium,
1284 1421 1351 1456 cum

195 1472 279 1524 Vina
299 1475 324 1527 2.
345 1470 436 1538 Gud.;
465 1471 538 1522 alius
565 1471 616 1523 Ox.
642 1489 708 1524 curn
733 1471 804 1524 Edd.
832 1479 900 1524 ante
926 1471 1018 1524 Geth.
1046 1471 1196 1544 (exceptis
1222 1475 1256 1527 V.
1281 1475 1348 1528 Rob.

195 1530 296 1611 Steph.
324 1544 421 1597 Herae.
446 1542 551 1608 Leod.)
574 1540 641 1611 quis
664 1549 706 1596 est
732 1543 821 1597 enim
846 1542 977 1600 omnium.
1020 1544 1067 1597 Ex
1090 1544 1136 1596 Or.
1165 1546 1348 1598 annotatione

195 1614 341 1681 coniicias,
371 1629 436 1666 esse
454 1614 486 1665 in
508 1613 569 1665 illis
592 1613 664 1667 Edd.
691 1613 755 1682 quis
780 1621 823 1667 eat
844 1615 927 1680 euim
953 1613 1056 1668 omisso
1073 1617 1205 1671 omnium.
1227 1617 1300 1671 Gud.
1319 1619 1345 1674 2.

195 1685 307 1738 omittit
325 1691 375 1752 eat,
394 1701 449 1736 nec
467 1684 553 1737 habet
571 1685 652 1738 enim.
689 1687 749 1740 Mr.
859 1725 862 1731 .
976 1690 978 1698 “

238 1830 241 1835 ,
264 1791 325 1827 cum
342 1772 511 1828 humanitate
529 1779 557 1825 et
575 1790 636 1826 cum
654 1775 785 1829 doctrina
809 1772 1042 1842 luleat‘aliquod
1060 1774 1274 1842 commercium]
1305 1775 1349 1828 Ad

194 1845 371 1908 locutionem
400 1844 559 1898 consimilis
591 1853 634 1898 est
668 1846 748 1898 locus
775 1846 914 1898 Varronis
941 1846 1051 1899 Rerum
1087 1845 1203 1898 human.
1237 1848 1287 1898 lib.
1321 1851 1345 1902 1.

194 1916 352 1991 (Fragmm.
373 1917 427 1969 Ed.
446 1915 537 1968 Amat.
549 1923 587 1969 et
604 1916 742 1968 Durdrac.
760 1935 791 1986 p.
811 1918 868 1984 21.)
884 1916 1051 1982 Praxiteles,
1070 1918 1120 1986 qui
1138 1926 1260 1988 propter
1278 1918 1348 1970 arti·

193 1987 293 2040 licium
312 1988 462 2063 egregium
485 1986 597 2039 nemini
626 1996 668 2040 est
690 1988 852 2056 paullum
874 1987 969 2041 modo
996 1984 1191 2052 humaniori
1221 1991 1347 2058 ignotus.-

195 2077 282 2128 quem
300 2058 399 2113 locum
416 2058 543 2111 servavit
562 2058 674 2110 Gellius
693 2059 773 2123 XIII.
794 2063 836 2116 ls.
855 2059 905 2111 ubi
923 2059 982 2111 vid.
1002 2058 1133 2111 Gellium
1151 2058 1186 2113 de
1204 2079 1230 2113 v.
1251 2059 1347 2112 iuma-

193 2129 273 2184 uitas
291 2130 492 2199 disputantem.
519 2127 687 2198 Repetitum
705 2146 766 2182 cum
784 2129 863 2183 deest
881 2131 913 2181 in
931 2129 1037 2182 duobus
1049 2130 1119 2183 Oxx.
1140 2131 1213 2183 Gud.
1232 2134 1307 2184 lllon.
1322 2136 1345 2188 l.

193 2201 255 2255 lam
272 2201 331 2255 vid.
352 2200 457 2254 dehac
481 2201 700 2270 praepositionis
718 2201 892 2270 repetitione
917 2200 993 2270 apud
1011 2198 1180 2254 Ciceronem
1200 2201 1348 2272 disputan·

193 2281 253 2327 tem
271 2272 386 2326 Martin.
405 2274 514 2345 Lagun.
543 2266 577 2322 ad
594 2270 654 2323 cic.
677 2271 711 2324 ad
730 2271 838 2329 Famm.
859 2273 881 2324 1.
901 2273 981 2324 cuius
1001 2271 1207 2326 Commentarii
1230 2273 1348 2325 initium

193 2360 327 2398 recusum
346 2344 450 2397 estin:
471 2341 555 2397 Jahn.
576 2339 693 2395 Seebod.
714 2351 743 2395 et
760 2343 855 2396 Klotz.
875 2342 989 2396 Jahrbb.
1009 2342 1193 2400 f.Philot.11.
1208 2341 1267 2414 Sup
1288 2344 1346 2396 lbd.

195 2420 219 2472 1.
239 2432 266 2485 p.
286 2415 347 2475 261.
385 2413 429 2466 Ad
446 2432 472 2467 v.
493 2412 689 2466 commercium
707 2415 745 2468 cl.
766 2413 825 2466 Cic.
846 2413 881 2466 de
899 2413 965 2466 Seu.
985 2415 1048 2466 Xll.
1067 2415 1117 2466 ubi
1136 2423 1179 2468 est
1199 2431 1249 2468 uec
1302 2414 1346 2468 iet

192 2488 281 2541 ullum
301 2502 363 2538 cum
379 2486 487 2538 uirtute
505 2486 705 2538 commercium.
736 2484 886 2536 Davisium
896 2485 1001 2536 habere
1020 2501 1055 2536 ex
1069 2483 1125 2539 lllS.
1145 2485 1257 2555 aliquid
1274 2502 1347 2539 com-

192 2557 292 2612 mercii
310 2554 403 2615 refert
420 2555 504 2608 Verb.
542 2555 690 2608 Nimirum
709 2556 740 2606 in
758 2554 814 2608 Ea·
832 2555 935 2625 prima.
973 2556 1033 2608 Me.

194 2672 196 2677 ·
264 2644 313 2716 qui
330 2660 360 2697 ee
378 2660 433 2698 noa
449 2643 521 2696 hunc
537 2641 759 2698 mathematicum
775 2643 882 2710 ntulit]
901 2644 1044 2698 DuoOxx.
1063 2645 1204 2705 omittunt
1220 2658 1259 2709 ee,
1279 2662 1346 2697 cum

192 2717 261 2776 cod.
284 2719 358 2773 Mon.
382 2719 409 2771 2.
454 2717 535 2768 Unus
557 2715 607 2768 Ox.
633 2715 718 2768 habet
745 2717 791 2769 od
812 2713 898 2778 iuuc;
926 2714 1000 2767 alius
1027 2730 1102 2768 ease
1127 2714 1216 2771 malit.
1260 2715 1345 2768 Unde

191 2788 334 2842 Goerena.
354 2787 389 2839 ad
407 2787 465 2841 cic.
486 2786 520 2840 de
538 2786 624 2838 Finn.
644 2788 683 2839 ll.
703 2790 746 2842 31.
767 2789 827 2841 102.
853 2781 890 2839 ets
909 2802 925 2837 e
952 2787 1043 2838 tribus
1067 2785 1124 2837 suis
1149 2784 1227 2838 MSS.
1246 2784 1347 2838 locum

191 2861 233 2913 sic
258 2858 420 2912 emendavit
449 2859 497 2924 qai
518 2873 547 2910 se
574 2872 649 2911 esse
674 2873 728 2911 uon
749 2855 822 2910 iuno
849 2855 1072 2912 mathematicum
1097 2856 1190 2909 malit:
1222 2873 1346 2926 euinque

119 2983 121 2986 .
189 2930 338 2988 Ciceronis
356 2944 479 2982 ‘manum
504 2928 648 2981 reduxisse
675 2930 716 2980 ait
739 2929 906 2982 Kiilmerus:
943 2929 1020 2982 idem
1043 2928 1145 2998 probat
1167 2928 1285 2982 Beierus
1312 2928 1346 2981 ad

192 3004 253 3059 cie.
273 3003 310 3055 de
327 3000 432 3054 Offil.
462 3003 502 3055 19.
521 3003 565 3055 65.
594 3017 622 3070 p·
645 3002 704 3056 151.
742 3000 891 3052 Nimirum
920 3007 982 3050 tum
1010 2999 1128 3069 quidem
1153 2999 1202 3051 vir
1223 2999 1344 3052 criticus

191 3074 241 3127 vel
266 3073 361 3142 potius
389 3070 576 3143 κριτικώταιος
598 3072 726 3123 nondum
748 3087 841 3124 suam·
855 3072 938 3123 istam
968 3069 1099 3142 reg-ulam
1121 3070 1262 3134 edixerat,
1290 3088 1345 3140 qua

191 3156 379 3212 unaquaeque
395 3158 461 3208 vox,
489 3159 561 3210 quae
586 3143 680 3194 sedem
698 3142 784 3195 habet
810 3159 844 3194 va
865 3159 911 3194 am
930 3148 959 3193 et
976 3140 1127 3207 incertam,
1145 3141 1274 3194 furcillis
1293 3142 1345 3194 eii-

192 3215 293 3270 cienda
310 3213 540 3282 etexstirpanda
557 3221 599 3266 est
617 3213 767 3266 radicitus:
796 3160 903 3266 herirat
920 3212 1014 3286 igitur
1036 3221 1099 3264 tum
1118 3212 1235 3282 quidem
1253 3213 1280 3264 ei
1299 3212 1345 3265 ad-

191 3289 313 3342 sciscere
333 3284 474 3338 eiusmodi
497 3299 581 3336 voces
604 3302 690 3368 vagas
715 3301 751 3336 ex
767 3301 825 3336 000
844 3282 983 3336 etaltera
1008 3283 1094 3349 libro,
1125 3283 1344 3336 reclamantibus

192 3359 280 3415 etiam
299 3364 328 3409 et
345 3356 482 3426 plurimis
500 3363 529 3407 et
547 3355 672 3424 optimas.
709 3356 742 3407 10
765 3372 857 3430 marg.
882 3361 979 3407 autem
997 3354 1111 3407 Lambb.
1131 3361 1160 3408 et
1179 3353 1266 3407 Goth.
1287 3355 1342 3407 alio

191 3432 276 3501 plane
295 3428 359 3480 loco
377 3426 489 3502 legitur
507 3441 577 3491 esse,
597 3426 638 3478 ita
655 3425 807 3479 videlicett
837 3425 886 3493 qui
904 3441 934 3478 se
953 3441 1006 3478 noa
1025 3425 1096 3487 lune
1116 3423 1344 3491 mathematicum

191 3519 250 3556 esse
267 3500 357 3553 malit.
382 3498 408 3550 E
430 3514 445 3550 o
466 3497 581 3566 quidem
600 3497 630 3550 id
647 3497 777 3562 verbum,
798 3496 822 3549 si
841 3498 873 3547 in
885 3496 1002 3566 optimis
1021 3494 1205 3560 libris'esset,
1223 3497 1343 3548 minime

190 3566 367 3647 aspernarer.
404 3516 490 3621 liunc
521 3584 587 3620 cum
609 3567 781 3633 FAWolfio,
812 3567 959 3635 Schiitzio,
984 3568 1104 3634 Nobbio,
1129 3568 1249 3630 Oreltio,
1271 3568 1343 3620 Tbn.

190 3647 254 3699 fero
279 3642 422 3708 omissum.
465 3640 531 3691 Non
552 3641 671 3705 ferrem,
698 3638 722 3689 si
746 3639 853 3691 abesset
877 3655 916 3692 00.
957 3638 999 3690 110
1024 3647 1180 3705 structura,
1208 3656 1263 3708 qua
1280 3647 1345 3708 post

190 3716 268 3780 uelle,
295 3713 388 3776 malle,
418 3725 517 3780 cupere
539 3711 659 3779 ponitur
687 3726 847 3778 pronomen
873 3709 1023 3779 personale
1047 3711 1078 3761 in
1103 3709 1344 3763 0000000011οαεο

191 3805 257 3850 cum
277 3783 431 3844 ,infinitivo
457 3782 519 3851 (qui
541 3781 591 3833 hic
613 3780 803 3855 intelligitur)
827 3781 919 3834 locuti
948 3799 1044 3832 sumus
1066 3781 1101 3832 ad
1128 3780 1154 3834 Is
1176 3783 1221 3836 41.
1245 3784 1289 3836 98.
1311 3792 1343 3819 -'·

189 3857 289 3933 Pergit
306 3873 380 3908 unus
399 3854 448 3905 Ox.
468 3870 535 3905 cum
552 3854 626 3907 lllon.
650 3856 672 3905 l.
693 3867 773 3919 quam
790 3851 862 3906 huuc
879 3851 1049 3922 tyrannum?
1085 3853 1165 3906 Unus
1184 3855 1234 3905 Ox.
1258 3851 1344 3905 habet

189 3929 246 3984 Sed
263 3945 317 3998 pro
336 3925 380 3980 Si.
399 3923 497 3976 Duisb.
518 3940 571 3993 pro
587 3921 777 3993 actionemque
789 3924 875 3978 habet
893 3925 1156 3993 occasionemque
1174 3923 1249 3990 (sic),
1270 3922 1342 3976 curt

111 4045 122 4052 .
190 3997 388 4065 actionesque.
427 3997 486 4050 Mr.

221 4122 224 4128 ,
246 4070 380 4123 alterius
398 4082 474 4119 meus
493 4064 652 4119 rationibus
669 4066 828 4132 agitandis]
856 4065 993 4120 Rationes
1011 4066 1045 4119 ad
1063 4085 1109 4121 res
1127 4060 1343 4118 mathematicas

99 4194 102 4204 ,
189 4151 319 4212 spectare
344 4139 528 4192 manifestum
554 4146 605 4189 est.
643 4136 787 4204 Agitaadi
808 4138 896 4190 verbo
919 4137 1057 4191 similiter
1080 4156 1146 4190 usus
1174 4146 1217 4189 cst
1240 4138 1342 4190 Cicero

190 4213 224 4266 de
244 4212 296 4266 Off.
316 4213 338 4266 1.
359 4214 402 4267 24.
428 4208 479 4261 ubi
498 4209 579 4261 rebus
597 4207 716 4278 agitatis
742 4217 784 4261 cst
802 4210 821 4262 i.
841 4227 870 4279 q.
896 4211 1061 4280 exploratis.
1087 4211 1131 4262 ,10
1151 4207 1227 4262 Gud.
1247 4212 1273 4265 2.
1295 4210 1342 4262 de·

190 4292 257 4337 sunt
273 4284 359 4337 verba
384 4280 501 4334 alterius
523 4297 611 4334 meus:
638 4279 715 4333 idem
739 4280 824 4334 habet
847 4283 983 4349 agebatur
1009 4297 1063 4353 pro
1088 4281 1222 4334 alebatur.
1250 4279 1339 4334 liehd.

191 4357 300 4408 omittit
318 4370 393 4416 cum3
411 4352 442 4402 in
462 4353 533 4407 Gud.
553 4355 578 4406 2.
599 4360 641 4412 est
659 4352 776 4408 sollerti.
813 4355 872 4407 Mr.
1255 4378 1261 4386 -

262 4425 309 4497 qui
327 4431 366 4479 est
383 4437 455 4478 unus
472 4421 655 4478 suavissimus
670 4428 767 4493 postus
785 4423 969 4490 animorumr]
1006 4422 1115 4493 „Dixit
1131 4422 1340 4495 Hieronymus:
