2856 5084
169 263 174 278 ‘
268 280 309 346 so
458 277 689 342 nicanorus
710 274 959 341 noscunnu.
982 274 1212 339 nssrumr.

268 463 385 508 rerum
406 443 686 525 contemplatione
713 442 825 505 studia
853 442 1033 525 ponebant,
1061 443 1226 522 sapientes
1258 448 1292 502 et
1323 439 1426 502 habe-

267 527 393 590 bantur
417 535 451 588 et
472 527 745 589 nominabantur:
769 525 869 608 idque
891 544 1008 587 eornm
1027 543 1148 585 nomen
1168 543 1274 605 usque
1294 520 1337 583 ad
1358 525 1426 603 Py·

267 611 430 695 thagorae
450 611 598 679 ntanavit
618 616 778 669 aetatem:
800 628 906 690 quem,
928 618 967 670 ut
980 609 1100 668 scribit
1117 605 1253 667 auditor
1261 606 1425 684 Platonis,

268 691 427 753 Ponticus
448 689 658 768 Heraclides,
679 693 735 754 vir
757 689 874 753 doctus
896 693 931 750 in
953 692 1082 772 primis,
1108 690 1296 749 Phliuntem
1308 692 1426 752 ferunt

268 777 409 852 venisse,
438 794 579 856 eumque
616 793 689 837 cum
717 774 857 850 Leonte,
885 774 1038 854 principe
1064 772 1301 848 Phliasiorum,
1324 769 1427 833 docto

266 958 335 1025 uoti,
355 958 468 1013 collatis
491 959 563 1013 locis
588 959 623 1013 de
640 961 678 1012 N.
697 959 731 1011 D.
758 959 781 1011 1.
803 963 844 1016 19.
865 968 939 1017 extr.
968 968 997 1011 et
1022 958 1056 1011 de
1083 956 1136 1012 Off.
1156 958 1178 1010 1.
1198 961 1242 1012 43.
1262 975 1342 1029 pru,
1372 958 1426 1030 qui

189 1094 194 1101 ,
267 1030 449 1103 plane'nihil
468 1031 502 1083 ad
520 1048 583 1084 rem
601 1031 721 1085 faciunt.
759 1030 879 1114 Recepit
901 1038 997 1083 tamen
1022 1029 1090 1087 Bill.
1112 1029 1187 1082 hanc
1207 1029 1329 1082 Gesneri
1358 1047 1427 1100 pra·

266 1120 341 1166 vain,
360 1119 427 1154 cum
444 1103 516 1154 bona
525 1102 642 1155 Ernesti
662 1101 911 1171 interpretatione,
929 1111 963 1154 ut
980 1101 1053 1154 solet
1070 1100 1233 1171 promiscue
1251 1100 1326 1153 mala
1342 1099 1426 1154 bonis

268 1173 399 1247 iungere.
421 1204 452 1216 -
483 1168 621 1226 Ceterum
644 1173 721 1224 abest
745 1189 837 1226 omnes
856 1173 944 1225 etiam
968 1190 983 1224 a
1003 1172 1069 1225 Cod.
1090 1171 1162 1226 Gud.
1183 1173 1208 1227 2
1247 1171 1282 1224 ln
1300 1175 1376 1224 Mon.
1399 1174 1425 1230 l.

266 1251 312 1296 est
329 1259 490 1312 omnesque
506 1260 611 1310 rerum,
632 1243 734 1296 omisso
752 1243 792 1296 in.
828 1244 909 1297 Unus
928 1244 979 1298 Ox.
1004 1243 1114 1295 omittit
1138 1241 1250 1306 stadia3
1273 1241 1372 1294 Duisb.
1400 1249 1427 1297 et

267 1323 333 1385 post
350 1317 498 1383 sapienter.
519 1315 592 1366 Gud.
612 1313 699 1366 habet
716 1322 743 1368 et
760 1313 973 1369 nominabantur
991 1321 1016 1366 et
1034 1311 1211 1369 habebantur.
1238 1313 1338 1389 Pergit
1351 1330 1427 1366 unus

179 1417 183 1423 ,
269 1386 319 1439 Ox.
339 1384 498 1454 idemque
517 1401 621 1450 eorum,
641 1384 728 1438 Marb.
748 1387 871 1455 itaque
887 1398 993 1441 eorum.
1031 1386 1091 1439 Mr.

165 2276 167 2279 ·
269 2253 439 2320 Mnesarchi,
458 2253 539 2306 cuius
557 2253 759 2323 paterfuisset
776 2251 928 2322 Euphron,
947 2252 1025 2304 filius
1043 2253 1172 2321 Hippasi.

333 1487 425 1544 'usque
443 1475 481 1529 ad
499 1471 675 1542 Pythagorae
694 1475 819 1527 manavit
838 1472 970 1540 aetatem]
1008 1474 1120 1538 „Hunc
1134 1472 1261 1525 'tradunt
1278 1472 1427 1543 Pherecy-

268 1545 334 1599 dem
352 1546 470 1611 audisse,
495 1545 575 1599 cuius
601 1552 723 1599 aetatem
745 1546 894 1620 attingunt
912 1545 970 1610 illi,
996 1545 1048 1614 qui
1066 1552 1176 1614 septem
1194 1542 1355 1612 sapientum
1373 1560 1427 1597 no·

268 1634 335 1684 rnen
354 1617 384 1669 in
405 1615 526 1671 Graecia
542 1615 676 1672 habuere.
713 1618 778 1685 lpse
795 1616 897 1668 floruit
913 1624 979 1685 post
996 1615 1057 1680 hos,
1080 1615 1168 1667 Dario
1187 1615 1335 1684 Hystaspis
1360 1614 1426 1668 filio

268 1689 418 1742 Persarum
437 1695 554 1741 tenente
572 1704 704 1761 regnum.
743 1687 849 1752 Quibus
873 1686 1048 1756 temporibus
1074 1695 1103 1738 et
1127 1685 1291 1754 Polycrates
1310 1685 1427 1755 Tyran-

267 1776 321 1811 nus
345 1759 403 1810 fuit
421 1757 508 1824 Sami,
537 1775 624 1826 quem
641 1757 817 1832 Pythagoras
842 1759 958 1831 fugiens
976 1758 1007 1812 in
1025 1757 1140 1810 ltaliam
1156 1754 1268 1810 venisse
1285 1757 1426 1822 traditur,

267 1832 358 1885 fuisse
386 1838 481 1883 autem
512 1838 541 1880 et
566 1828 633 1881 inde
663 1828 831 1893 oriundum,
869 1829 976 1898 quippe
1006 1827 1208 1897 Tyrrhenum,
1282 1844 1426 1880 mmarum

268 1900 424 1986 sculptoris
445 1899 552 1953 lilium.
589 1886 631 1952 De
655 1915 712 1968 quo
740 1908 848 1951 tamen.
861 1900 948 1952 aliter
971 1900 1005 1953 de
1024 1898 1208 1952 Sermonihus
1229 1901 1251 1971 ,P
1286 1898 1426 1951 iasiorum

269 1981 298 2026 et
317 1971 521 2043 Sseyoniorum
529 1970 678 2026 Pausanias
695 1974 897 2039 Κορινθιακοῖς.
916 1970 1025 2024 Scribit
1044 1970 1133 2032 enirn,
1151 1969 1311 2038 Hippasum
1328 1968 1427 2023 Phlia-

269 2045 343 2097 siu'm
370 2050 551 2095 recusantem
579 2060 682 2112 parere
706 2041 900 2105 Doriensibus‚
938 2056 1063 2108 quorum
1097 2039 1223 2108 imperio
1248 2039 1369 2093 Phliasii
1394 2058 1425 2095 se

268 2115 446 2167 subiecturus
469 2129 528 2164 esse
555 2112 781 2177 constituissent,
813 2129 878 2163 cum
910 2111 976 2162 aliis
1001 2108 1169 2180 quibusdam
1198 2110 1230 2162 in
1254 2109 1371 2165 Samum
1394 2126 1426 2166 se

269 2184 434 2239 contulisse.
471 2181 563 2234 Huius
581 2182 701 2253 Hippasi
720 2189 851 2250 quartam
868 2181 993 2234 sobolem
1018 2198 1079 2234 esse
1096 2180 1299 2306 Pythagopam,
1318 2182 1373 2243 ,ali
1403 2207 1418 2229 ι.

1245 2268 1364 2306 oneror.
1422 2303 1424 2308 ,

339 2360 425 2411 quem,
444 2349 474 2396 ut
493 2343 591 2396 scribit
610 2342 725 2395 auditor
743 2340 877 2406 Platonis,
898 2340 1027 2394 Ponticus
1043 2340 1231 2407 Heracliden]
1256 2341 1424 2396 coenent.

289 2431 349 2468 uem
367 2422 401 2467 ut
419 2415 572 2475 videtur,
591 2408 628 2465 ut'
640 2413 739 2466 scribit
757 2412 874 2465 auditor
892 2428 1012 2466 eorum.
1040 2412 1136 2464 Duisb.
1155 2412 1287 2466 Platonis
1311 2413 1426 2467 auditor

299 2485 438 2542 eraclides
456 2483 588 2538 Ponticae
607 2485 708 2536 ordine
725 2485 880 2566 perborum
899 2483 1040 2548 consulto,
1059 2491 1092 2567 ut
1109 2483 1236 2569 videtur,
1261 2484 1425 2542 immutato.

269 2556 549 2690 toilonii-it·
568 2553 1336 2695 tidt'tii‘ititttt.⁸tttt..⁵⁰t¹.¹’ttt..⁰.¹⁰t{tttt
1353 2554 1427 2696 'fii

271 2714 397 2766 rumque
415 2696 518 2779 libros:
539 2696 727 2764 interpolatos
745 2711 815 2748 vero
835 2695 981 2747 invertere
1001 2694 1094 2778 solere
1114 2711 1179 2747 eum
1198 2697 1337 2749 ordinem.
1358 2698 1424 2750 vid.

271 2763 618 2908 iti?·1.³‘¹..?1¹it.i¹li
632 2767 871 2904 h.ilt..23..²¹i·.
889 2766 1081 2888 {tatu
1103 2767 1368 2901 inmittat:
1391 2777 1427 2892 tt

271 2909 309 2964 N.
328 2909 361 2961 D.
382 2910 404 2961 Ι.
426 2911 469 2967 13.
489 2911 572 2978 proli.
593 2907 693 2960 edcr.
714 2917 743 2961 et
761 2915 849 2959 nostr.
869 2906 945 2973 maj,
965 2907 1048 2960 eund.
1061 2905 1095 2958 ad
1104 2907 1163 2960 Cic.
1183 2909 1218 2962 de
1230 2910 1317 2985 Legg.
1330 2909 1384 2962 111.
1398 2915 1425 2966 6.

245 2987 249 2994 '
271 2999 300 3053 p.
320 2981 382 3035 405.
412 2979 454 3034 ed.
478 2988 567 3031 nostr.
592 2987 621 3030 et
644 2979 692 3031 Gr.
727 2978 889 3047 ibidemque
912 2995 971 3031 nos.
1007 2976 1080 3030 aad.
1107 2979 1233 3033 Boeckh
1259 2981 1290 3031 in
1313 2981 1424 3035 Platon.

271 3052 397 3105 Minoiim
421 3068 449 3120 p.
470 3053 512 3105 19.
544 3049 686 3102 Voemelii
712 3050 820 3102 Prolus.
848 3048 987 3101 Scholast.
1017 3048 1150 3101 Francof.
1180 3069 1204 3102 a.
1225 3053 1302 3107 1832.
1329 3069 1358 3121 p·
1382 3057 1424 3110 le.

273 3121 327 3188 (Da
345 3120 445 3174 Aetate
463 3120 575 3173 Solonis
586 3128 622 3172 et
640 3119 758 3183 Croesi).
780 3151 813 3163 -
849 3122 903 3173 Pro
921 3121 968 3173 uir
991 3120 1087 3172 doetus
1112 3138 1184 3172 unus
1203 3123 1252 3175 Ox.
1277 3122 1364 3176 habet
1382 3126 1427 3178 in·

273 3194 376 3248 doctos.
415 3194 468 3245 Pro
487 3189 643 3244 Phliuntem
661 3191 713 3242 Ed.
735 3193 803 3244 Ven.
824 3199 913 3243 nostr.
935 3191 1019 3244 Codd.
1040 3193 1109 3264 Reg.
1130 3192 1196 3244 Gud
1225 3195 1249 3247 l'.
1275 3202 1333 3246 tres
1354 3196 1426 3250 Oxx.

272 3263 443 3326 Philometor
471 3263 527 3315 duo
551 3261 619 3314 Oxx.
645 3261 730 3314 Vind.
751 3265 776 3317 2.
803 3262 875 3315 Gud.
895 3265 922 3316 2.
947 3261 1033 3313 Marb.
1061 3265 1135 3314 Mon.
1157 3263 1181 3313 l.
1206 3266 1231 3334 2.
1257 3262 1425 3333 Philumena,

272 3336 356 3390 Vind.
378 3340 403 3390 l.
423 3331 603 3402 Pityontent3
620 3350 694 3384 unus
713 3332 763 3385 Ox.
783 3331 965 3396 Philiantemt
984 3335 1054 3385 Ven.
1075 3332 1133 3388 Ait.
1153 3330 1344 3401 Philiuntem3
1362 3346 1427 3390 tum

272 3407 363 3490 Rehd.
383 3407 490 3530 roffae
508 3408 614 3471 ferant,
634 3403 707 3457 Gud.
728 3403 870 3458 noviore
887 3405 991 3471 ferunt,
1015 3421 1088 3457 unus
1107 3405 1157 3456 Ox.
1184 3405 1280 3470 ferunt
1300 3424 1427 3480 perue-

273 3494 380 3532 nisse.
453 3492 478 3526 r.

344 3550 477 3615 Eumque
496 3563 561 3598 cum
579 3543 683 3598 Leonte
698 3545 826 3615 principe
843 3543 1045 3612 Phliasiorum]
1081 3547 1152 3599 Eum
1169 3548 1249 3600 locus
1267 3565 1325 3600 non
1352 3552 1415 3603 reci

274 3620 326 3688 pit.
364 3618 531 3691 Legendum
549 3633 662 3686 cumque
679 3615 791 3683 Leonte,
818 3625 852 3668 ut
870 3618 1033 3671 monuimus
1051 3617 1085 3670 ad
1102 3618 1180 3687 Epit.
1201 3620 1342 3673 Lactantii
1362 3637 1425 3692 cap.

273 3690 362 3745 xxtl.
382 3707 447 3763 pag.
468 3691 511 3743 63.
547 3688 589 3740 De
607 3705 639 3739 re
658 3688 717 3758 ipsa
735 3689 778 3741 sic
795 3688 938 3762 Diogenes
956 3688 1086 3741 [laertius
1104 3690 1232 3742 Prooem.
1259 3689 1283 3754 ᾗ.
1305 3693 1344 3746 12.
1379 3696 1405 3743 Φ

272 3763 413 3826 toootpiar
436 3759 466 3811 di
490 3763 599 3825 πρῶτος
625 3758 757 3823 ὠνόμασε
783 3759 961 3828 Πυθαγόρας,
991 3761 1037 3809 eat
1067 3755 1167 3813 ἑαυτὸν
1195 3761 1352 3831 φιλόσοφον
1371 3764 1402 3814 Ἐ

273 3832 449 3886 ZIKYD‘NI
471 3825 667 3897 διαλεγόμενος
689 3833 789 3882 Λέοντι
811 3836 851 3895 eoi
874 3830 1105 3883 ΣΙΚΥΩΝΙΏΝ
1123 3830 1258 3899 rapiare,
1283 3834 1300 3900 ἢ
1321 3837 1415 3884 ΦΛΙΑ

272 3903 384 3967 ΣΙΏΝ,
403 3899 474 3954 καθά
494 3916 580 3970 φησιν
597 3899 776 3970 Ἡρακλείδης
794 3901 812 3954 d
830 3898 962 3964 Ποντικὸς
980 3902 1010 3953 ἐν
1027 3907 1060 3974 τῇ
1069 3899 1162 3953 ΠΕΡΓ
1189 3907 1271 3956 ΤΗΣ
1282 3904 1421 3968 'AIINOY

273 3974 421 4028 Heraclidi
434 3973 565 4097 DPontico
592 3970 745 4026 Sosicrates
764 3973 933 4025 adsentitur.
970 3972 1041 4026 Vide
1061 3975 1099 4025 sis
1128 3975 1250 4028 eundem
1268 3975 1421 4051 Diogenen

219 4136 229 4149 =
289 4162 291 4167 .
343 4083 457 4188 bamque
476 4131 536 4169 cam
554 4107 668 4178 Leonte]
705 4114 892 4180 „Pronomen
916 4130 977 4168 eum
1000 4116 1076 4169 sistit
1093 4107 1211 4187 quidem
1229 4117 1304 4169 illud
1329 4113 1415 4170 currui

274 4186 338 4247 ξεως
365 4186 491 4250 cursum,
519 4187 543 4238 si
568 4193 679 4256 spectes
706 4186 863 4251 relativum
886 4201 982 4258 quem3
1010 4187 1058 4239 sed
1081 4186 1182 4256 parilis
1208 4198 1250 4241 est
1275 4189 1428 4257 impedita

274 4258 496 4311 constructionis
523 4257 644 4310 durities
668 4256 699 4307 in
727 4256 773 4308 his
797 4258 954 4327 exernplis:
985 4255 1069 4310 Acad.
1097 4256 1119 4321 1,
1146 4259 1180 4312 s:
1211 4266 1291 4330 quam
1314 4260 1369 4312 rim

274 4329 486 4395 eandemque
504 4343 564 4380 ease
583 4359 616 4373 -
635 4325 670 4381 de
688 4328 773 4383 Finn.
793 4329 831 4382 11.
851 4331 880 4383 2:
901 4359 934 4372 -
954 4343 1006 4396 quo
1026 4326 1121 4381 omnia
1140 4330 1325 4395 referrentur,
1345 4346 1423 4401 nequ

273 4397 312 4452 id
330 4398 440 4468 iprum
459 4412 576 4467 usquam
594 4400 756 4463 referretur.
770 4437 775 4450 .
787 4437 812 4451 ..
850 4401 952 4469 Neque
976 4398 1021 4450 his
1040 4398 1238 4470 similibusque
1256 4402 1327 4455 locis
1347 4402 1417 4472 quid
