2856 5084
212 294 275 361 236
416 293 643 361 CICERONIS
664 286 912 360 TUSCULAN.
934 294 1164 360 DISPUTAT.
1198 347 1201 352 Α

211 463 418 538 Mandanen,
439 462 559 542 inquit.
603 459 723 523 Totius
752 462 840 522 enirn
868 461 985 522 muudi
1014 448 1050 524 se
1078 460 1223 522 incolam
1252 469 1287 522 et
1316 465 1366 523 ci-

210 564 287 614 vem
307 542 544 607 arbitrabatur.
589 542 740 621 Quid-T.
762 542 939 604 Albucius?
970 563 1079 605 nonne
1101 544 1213 603 animo
1235 547 1366 624 aequis-

210 629 293 689 simo
315 626 453 705 Athenis
475 627 565 686 exsul
587 623 903 706 philosophabatur?
926 628 982 684 cui
1003 633 1113 686 tamen
1141 623 1224 685 illud
1252 628 1365 707 ipsum

210 729 277 770 non
299 705 481 778 accidisset,
507 709 542 768 'si
564 709 599 767 in
628 726 666 767 re
695 707 825 788 publica
852 708 1032 787 quiescens,
1065 708 1202 787 Epicuri
1231 707 1365 793 legibus

129 795 188 848 1⁰9.
210 793 387 874 paruisset.
418 786 483 853 Qui
495 790 582 850 enim
595 790 727 850 beatior
738 789 908 874 Epicurus,
932 789 1017 870 quod
1035 792 1070 848 in
1085 792 1195 869 patria
1212 792 1364 870 vivebat,

211 893 320 957 quam,
353 871 442 954 quod
458 870 617 949 ¹Athenis,
652 869 892 933 Metrodorus?
929 880 987 932 aut
1014 872 1105 934 Plato
1134 871 1365 936 Xenocratem

916 1000 1012 1007 .....-..
1024 1001 1042 1006 .-
1048 999 1363 1013 ...-.-...-.—-—---·-—-..—,

213 1052 216 1057 ’
280 1063 467 1128 Manduriam,
492 1058 611 1131 inquit]
647 1059 779 1125 „Eadem
807 1060 882 1131 apud
908 1059 1094 1131 Plutarchum
1122 1062 1154 1114 T.
1174 1062 1212 1114 II.
1245 1081 1273 1133 p.
1299 1067 1362 1120 603.

211 1134 326 1187 Arriau.
357 1135 489 1196 Dissertt.
517 1133 614 1203 Epict.
643 1130 666 1182 I.
693 1136 719 1186 9·
745 1135 768 1184 l.
799 1132 853 1184 Ill.
879 1133 923 1199 24.
956 1134 1063 1188 Muson.
1088 1151 1132 1201 ap.
1158 1132 1234 1185 Stob.
1267 1133 1361 1190 Serm.

134 1228 135 1231 ¹
211 1206 365 1260 xxxvtll.
392 1223 421 1275 p.
440 1207 501 1261 231.
526 1208 566 1274 (p.
588 1204 648 1257 164.
673 1201 704 1253 in
731 1204 853 1254 Musonii
880 1203 1022 1272 Reliquiis
1047 1221 1063 1255 a
1084 1203 1284 1273 Peerlkampio
1303 1207 1364 1258 col·

211 1276 341 1341 lectis.)“
365 1273 479 1330 Sciach.
516 1277 626 1337 Locum
651 1281 781 1324 nostrum
803 1273 888 1326 habet
912 1273 1001 1326 etiam
1018 1275 1064 1326 Jo.
1084 1274 1211 1327 Valensis
1230 1277 1260 1326 in
1279 1277 1363 1329 (lom-

211 1347 396 1419 pendiloquio
414 1346 467 1401 111.
486 1349 512 1400 3.
533 1348 588 1407 13:¹
607 1343 737 1397 Socrates
755 1344 949 1411 interrogatas
966 1341 1084 1396 cuiatem
1100 1346 1264 1410 radicaret,
1284 1363 1363 1401 maa

212 1420 323 1484 danum,
342 1416 442 1485 inquit,
460 1416 493 1470 id
510 1422 561 1480 est,
580 1415 665 1481 totius
684 1414 780 1481 mandi
797 1414 919 1468 incolam
936 1422 963 1467 et
980 1415 1074 1468 civem.
1111 1417 1193 1468 Idem
1211 1417 1249 1468 ib.-
1265 1420 1298 1474 V.
1316 1422 1362 1474 13.

210 1488 261 1542 Ad
278 1505 385 1543 omnem
409 1489 546 1541 rationem
571 1483 708 1538 theatri
733 1502 786 1538 ooa
810 1485 1017 1540 accommodari
1040 1491 1149 1553 potecte
1180 1487 1279 1556 patria
1306 1495 1361 1554 est,

211 1559 359 1630 ubicunque
377 1560 444 1620 bena
460 1563 515 1610 eet.
535 1556 608 1610 ande
626 1554 759 1609 Socrates
777 1557 921 1625 respondit
938 1573 968 1609 ee
986 1573 1046 1609 esee
1064 1559 1238 1624 mundanam,
1257 1559 1291 1613 a'd
1308 1569 1361 1627 est,

211 1630 299 1685 totius
322 1630 420 1684 maadi
446 1631 532 1682 civem
559 1634 584 1681 et
615 1627 745 1692 incolam.
787 1628 824 1679 Et
850 1627 1044 1696 Fabricius
1072 1628 1165 1682 animo
1194 1629 1362 1698 aequissimo

210 1701 329 1755 Athenio
347 1702 411 1754 exat
424 1697 636 1768 philosophatae
652 1703 702 1762 est,
719 1695 767 1764 cai
784 1705 875 1751 toazen
892 1699 967 1752 iliad
984 1704 1116 1767 tempus
1134 1715 1186 1753 aon
1199 1700 1361 1769 accidisset,

210 1773 238 1826 ai
254 1773 363 1840 tegibus
380 1771 497 1839 Epicuri
512 1768 664 1837 paruisset.
701 1766 843 1821 Similiter
865 1768 1092 1836 Democritus
1117 1770 1193 1838 fagit
1211 1778 1362 1842 tyrannam

211 1849 239 1898 et
257 1841 426 1907 Corinthum,
446 1843 575 1906 fortanus
593 1854 659 1890 cuae
677 1840 807 1891 mutavi
814 1846 839 1906 t,
865 1840 940 1909 filios
955 1841 1133 1909 procreauit.
1170 1841 1203 1894 N
1205 1860 1245 1896 on
1257 1907 1259 1911 Ι
1270 1843 1327 1897 eni
1333 1864 1362 1900 m

209 1913 462 1981 etalteanteposait
480 1911 562 1966 exilii
580 1911 737 1962 libertatem
755 1909 923 1965 domesticae
942 1912 1079 1965 servituti.
1099 1945 1132 1956 -
1168 1913 1260 1967 Verba
1277 1917 1363 1968 totius

212 2011 246 2024 -
264 1985 458 2039 arbitrabatur
485 1980 704 2046 omniaabsunt
727 1979 760 2032 ab
784 1996 841 2034 uno
860 1982 926 2034 Cod.
948 1984 1015 2047 Ox.;
1044 2000 1097 2036 nec
1120 1999 1189 2036 vero
1209 1986 1361 2056 quisquam

210 2056 278 2110 inde
296 2056 457 2126 suspicetur
484 2072 515 2107 ea
540 2069 598 2106 esse
621 2045 794 2126 glossatoris.
832 2053 895 2122 lpse
914 2053 991 2104 enim
1010 2053 1111 2107 Cicero
1131 2047 1269 2108 eiusmodi
1288 2057 1362 2110 sole-

94 2142 99 2151 ·
181 2170 183 2174 .
209 2126 259 2178 bat
281 2127 385 2187 addere
409 2126 622 2195 explicationes.
650 2126 725 2175 Mon.
747 2127 771 2178 l.
799 2123 910 2175 omittit
933 2124 1040 2189 mundi,
1069 2125 1145 2176 idem
1168 2143 1235 2178 cum
1253 2129 1303 2181 Ox.
1323 2128 1358 2180 D.

209 2195 307 2250 Dui'sb.
328 2206 358 2252 et
374 2197 459 2256 Vind.
480 2201 504 2250 1.
527 2193 606 2248 addit
623 2209 682 2246 erse
704 2201 767 2263 post
789 2191 883 2260 civem,
910 2193 982 2247 alius
1005 2203 1102 2250 autem
1125 2212 1177 2267 pro
1196 2213 1226 2251 ce
1244 2199 1360 2252 exhibet

209 2283 277 2325 aare.
313 2269 374 2323 Mr.
741 2277 744 2282 ‘
971 2298 973 2303 ·

281 2341 355 2396 Quid
375 2340 406 2392 Τ.
426 2338 598 2404 Αἱὸασίαεὲ]
635 2336 707 2402 Quid
737 2337 771 2389 de
795 2336 851 2389 hoc
878 2337 996 2399 bomine
1019 2339 1088 2405 alibi
1110 2341 1219 2393 referat
1245 2341 1357 2406 Cicero,

198 2409 267 2462 rid.
297 2410 418 2463 inLex.
445 2411 576 2462 Ciceron.
592 2406 733 2461 ·Schiitaii
754 2406 789 2460 T.
809 2407 831 2460 1.
857 2426 885 2477 p.
908 2410 949 2464 16.
994 2409 1139 2471 Scribitur
1166 2413 1226 2464 cius
1248 2429 1358 2465 vnomen

208 2480 340 2535 Albutius
359 2481 389 2532 iu
407 2481 479 2533 Edd.
499 2489 565 2532 ante
582 2479 657 2531 Dav.¹
672 2477 802 2547 (excepta
819 2479 928 2545 Lamb.)
948 2481 1077 2550 itemque
1094 2482 1165 2533 Ern.
1177 2483 1266 2535 Nobb.
1283 2483 1356 2538 Tbn.

209 2549 265 2604 Sed
283 2568 299 2605 o
319 2552 385 2603 timi
403 2550 471 2602 libri
489 2550 637 2602 nobiscum
663 2547 782 2600 faciunt.
819 2550 899 2602 Unus
919 2554 968 2609 Ox.
994 2551 1080 2604 habet
1104 2552 1243 2606 Tulliae
1266 2553 1358 2608 Alba·-

208 2620 278 2686 ct‘as,
331 2621 395 2674 ehd.
421 2617 564 2673 talitatias.
602 2619 739 2672 Ceterum
767 2618 825 2675 vid.
854 2621 888 2673 de
914 2639 947 2675 eo
975 2623 1085 2674 Fabric.
1115 2622 1187 2674 Bibl.
1219 2624 1269 2675 Gr.
1300 2623 1355 2675 111.

206 2710 236 2762 p.
257 2694 317 2747 599.
342 2689 550 2760 Wyttenbach.
578 2691 608 2741 in
633 2689 718 2745 Grzri
745 2698 773 2740 et
798 2699 893 2744 nostra
917 2693 970 2747 Ed.
999 2692 1058 2746 otc.
1087 2691 1120 2743 de
1144 2694 1180 2745 N.
1200 2693 1233 2744 D.
1260 2690 1355 2758 (maj.)

120 2788 124 2795 ·
207 2779 272 2836 pag.
300 2761 363 2818 rat.
401 2761 437 2812 ln
462 2779 540 2830 seqq.
568 2761 634 2815 Cod.
663 2759 748 2813 Marb.
779 2760 870 2815 animo
897 2761 1157 2830 exequitiscimc.
1200 2765 1280 2816 Unus
1304 2765 1355 2815 Ox.

118 2832 121 2838 '
208 2833 319 2886 omittit
336 2828 470 2894 Athenin
496 2836 570 2884 Mon.
592 2836 615 2885 1.
636 2839 665 2882 et
684 2829 732 2882 Ox.
752 2831 785 2883 D.
805 2832 910 2885 habent
926 2831 1148 2902 philosophatum
1181 2851 1248 2886 mox
1266 2835 1357 2887 Itehd.

126 2960 128 2964 ,
207 2902 271 2958 icoo
287 2903 387 2972 iptum,
406 2921 478 2954 unus
497 2904 547 2956 Ox.
566 2901 599 2956 td
616 2901 717 2970 ipsam.
745 2903 819 2955 Gud.
837 2903 862 2960 2.
879 2903 1046 2966 ¹a'cct'dt'tte.
1076 2904 1144 2959 cod.
1163 2906 1251 2961 Rehd.
1273 2907 1357 2958 omit-

206 2975 245 3027 tit
263 2974 299 3028 εἰ.
335 2976 395 3028 Mr.
1002 2999 1003 3002 ¹

278 3046 309 3099 in
332 3062 364 3098 re
387 3044 499 3112 publica
530 3041 688 3113 quiescens]
732 3047 887 3110 „Honores
913 3063 968 3100 non
994 3047 1120 3115 reptaret,
1150 3047 1356 3116 privatumque

207 3129 322 3182 semper
341 3117 446 3188 egisset
469 3114 660 3183 epraeceptis
684 3116 840 3185 Epicuri.“
863 3118 932 3170 Era.
968 3116 1121 3183 „Albutius
1145 3116 1214 3168 dum
1232 3116 1357 3170 honores

207 3183 307 3250 ambit,
334 3183 412 3238 dum.
425 3200 488 3235 rem
505 3184 649 3253 publicam
668 3187 866 3240 administrare
883 3187 1020 3257 pulcrum
1038 3204 1096 3240 esse
1115 3187 1203 3253 ducit,
1231 3188 1262 3237 in
1281 3190 1357 3240 exsi-

97 3293 99 3296 .
206 3254 281 3307 lium
306 3255 412 3308 eiectus
436 3254 509 3308 est.“
543 3257 678 3312 Beroald.
918 3312 921 3317 ,

278 3324 397 3394 Epicuri
413 3325 519 3393 legibus
530 3328 687 3394 ‚paraissefl
723 3331 778 3386 Pro
795 3326 918 3398 Epicuri
935 3336 1032 3380 mente
1049 3329 1206 3397 sapientem
1224 3344 1282 3379 non
1298 3347 1354 3381 πο-

207 3389 378 3450 λιτεύσεσθαι
402 3396 522 3448 tradunt
546 3396 618 3451 bene
642 3399 738 3451 multi.
774 3399 845 3451 Vide
863 3397 1027 3472 Menagium
1052 3399 1086 3452 ad
1109 3397 1220 3450 laertii
1238 3399 1271 3463 X,
1292 3403 1353 3454 119.

206 3467 284 3520 Hinc
302 3465 370 3520 λάθε
386 3465 487 3534 βιώσας
504 3467 764 3521 decantatissimum
781 3469 840 3520 fuit
856 3467 976 3520 huiusce
994 3468 1160 3536 philosophi
1178 3468 1298 3531 dictum,
1318 3471 1354 3522 de

208 3554 265 3605 quo
283 3537 452 3590 Plutarchus
470 3538 550 3591 Torn.
571 3541 608 3592 11.
628 3557 693 3611 pag.
715 3539 791 3592 1128.
812 3536 988 3590 Themistius
1000 3540 1077 3592 Orat.
1096 3539 1195 3590 XXVI.
1215 3557 1278 3614 pag.
1290 3544 1352 3598 324.

205 3607 361 3678 Ἐπίκουρος
378 3605 472 3677 ἐπῄνει
488 3605 519 3663 τὸ
539 3603 678 3662 ΛᾸΘΡΑ
694 3607 855 3663 Raram.
891 3609 960 3680 Leg.
981 3607 1049 3663 totta
1067 3607 1178 3678 βιώσας.
1214 3610 1250 3662 D·

181 3708 183 3711 ·
239 3726 241 3731 .
277 3679 331 3734 θαι·
350 3678 430 3733 renim
453 3681 561 3735 beatior
577 3677 744 3748 Epicurea]
777 3678 866 3750 „begu
895 3679 1017 3731 autem.“
1035 3680 1107 3733 Dan.
1133 3681 1187 3733 Ed·
1206 3684 1232 3735 2.
1268 3683 1358 3735 Nihil·

204 3759 302 3802 monet
330 3760 431 3803 contra
448 3751 595 3805 Davisium
618 3748 723 3813 Kahn,
749 3747 798 3805 sed
815 3748 982 3816 explicanda
999 3769 1027 3804 v.
1048 3751 1123 3805 enim
1147 3769 1212 3805 eum
1229 3755 1351 3805 refutat:

203 3819 287 3886 anim,
315 3821 421 3887 dicens,
448 3837 505 3874 non
527 3820 668 3872 rationem
691 3816 786 3871 reddit
808 3820 967 3872 sententiae
990 3824 1123 3891 proxime
1146 3823 1351 3886 antecedentis,

202 3891 252 3944 sed
269 3893 421 3954 referenda
439 3900 481 3945 est
498 3891 532 3961 ad
548 3888 636 3943 verba
653 3886 815 3956 superiores
847 3889 946 3943 Patrio
971 3899 1019 3960 eet,
1043 3893 1195 3962 ubicunque
1218 3900 1260 3946 eet
1278 3896 1349 3947 bene.

203 3960 275 4015 Tres
294 3965 363 4019 Oxx.
385 3963 455 4031 qaid,
469 3977 522 4032 pro
540 3961 597 4028 qut,
610 3957 670 4011 ,ouo
690 3956 736 4031 qai
752 3974 806 4026 pro
825 3961 905 4028 quod.
942 3964 1002 4015 Mr.

207 4043 210 4049 ’
273 4067 361 4119 mam,
382 4049 454 4120 qaod
471 4045 597 4110 Athenis,
617 4046 842 4123 Metrodor'ast]¹
874 4051 939 4116 „Ita
957 4052 1091 4105 ordinant
1108 4053 1233 4106 Victorii
1252 4053 1350 4119 editio,

201 4119 269 4174 Pal„v
280 4141 335 4176 sec,
354 4129 447 4193 qamt.
467 4117 561 4186 quint.
580 4116 682 4190 vulgo:
701 4132 781 4183 qaam
800 4120 993 4186 Metrodorus,
1011 4125 1082 4193 qaod
1098 4121 1246 4177 Attenia.“
1268 4123 1348 4177 Getta

201 4191 341 4246 Enotatus
365 4199 408 4244 est
429 4186 479 4239 hic
502 4186 655 4239 verborum
679 4188 747 4240 ordo
775 4189 832 4241 iam
856 4191 888 4241 in
914 4196 1138 4268 marg.'12ambb.
1160 4202 1189 4247 et
1208 4194 1295 4248 Goth.
1315 4211 1350 4247 ex

201 4279 229 4315 v.
248 4281 272 4316 ο.
292 4274 414 4330 eumque
430 4255 544 4321 babent,
566 4257 642 4326 quod
660 4257 757 4324 sciam,
776 4259 861 4314 Codd.
882 4277 987 4316 omnes.
1023 4265 1125 4330 „Quod
1141 4265 1171 4317 h.
1191 4264 1210 4314 1.
1231 4265 1348 4331 dicitur,

202 4332 366 4407 significare
383 4326 509 4394 ridetur,
527 4329 723 4382 Metrodorum
741 4345 798 4382 non
816 4331 906 4386 fuisse
924 4333 1139 4388 Atheniensem.
1162 4334 1233 4388 'Sed
1250 4336 1350 4388 adver·

201 4411 280 4456 satur
295 4401 381 4475 Diog.
401 4399 496 4451 baert.
516 4397 550 4450 X.
568 4401 612 4456 22.
651 4400 738 4454 Cuius
761 4403 916 4456 auctoritas
934 4421 1003 4457 cum
1020 4405 1092 4458 viris
1110 4405 1222 4459 criticis
1240 4406 1349 4460 dubita·
