2856 5084
207 275 270 343 roo
413 265 641 334 monemus
661 264 909 360 resonum.
931 263 1161 355 neonem.

208 433 401 502 Alexandro
423 436 567 518 quinqua
591 434 663 496 inte
684 435 715 496 ei
736 437 859 497 talenta
877 433 1077 514 attulissent,
1105 451 1189 514 quae
1209 440 1284 495 crat
1303 451 1363 516 pe·
1402 512 1404 517 .

208 524 309 585 cunia
331 518 539 599 temporibus
553 455 646 594 lilios
658 517 798 580 Athenis
814 518 1026 600 praesertim,
1047 517 1203 593 minima,
1223 513 1367 578 abduxit

208 607 336 690 legatos
357 601 400 662 ad
419 612 556 662 coenam
577 603 613 661 in
624 599 847 678 Academiam,
870 602 913 661 iis
933 599 1091 681 apposuit
1105 597 1365 680 tentum‚.quod

210 689 291 752 salis
313 695 410 762 essct,
431 684 520 745 nullo
550 691 722 765 apparatu.
756 684 866 746 Quum
886 679 1058 764 postridie
1077 688 1254 764 rogarent·
1276 676 1365 757 eum',

135 765 137 769 ’
210 770 266 831 c'ui
288 768 460 827 numerari
488 765 645 843 iubereta
693 765 797 834 Quid?
828 785 884 826 voe
905 764 1064 834 desterno,
1084 765 1208 844 inquit,
1232 764 1367 824 coenula

210 869 275 913 nors
296 849 514 927 intellexistis,
535 867 581 909 me
598 851 737 927 pecunia
757 868 821 909 non
842 844 953 929 egere?
995 846 1085 910 Quos
1108 865 1210 926 quum
1236 847 1368 907 tristio-

205 976 377 988 ‚.-.-—.—-—-

210 1036 235 1104 5·
256 1041 282 1094 8.
320 1026 379 1088 At‘
428 1036 464 1088 od
481 1035 643 1089 observavit
667 1032 738 1118 Aeg.
758 1034 913 1108 Meurig-ius,
937 1024 1069 1105 triginta
1084 1032 1173 1086 fuisse
1195 1026 1306 1086 talenta
1323 1031 1369 1084 di-

207 1117 283 1162 cunt
302 1053 463 1177 Hesyciiius
479 1107 606 1160 Milesius
625 1114 655 1158 et
673 1103 782 1170 Smda's,
810 1120 878 1157 curn
894 1103 1065 1158 Plutarchus
1081 1103 1134 1156 vit.
1154 1102 1236 1181 Alea.
1254 1105 1368 1173 puts.

208 1189 238 1233 et
267 1179 302 1232 de
327 1179 396 1230 fort.
423 1177 506 1232 Alex.
528 1195 558 1248 p.
582 1179 645 1232 331.
675 1175 886 1244 quinquaginta,
916 1176 991 1228 sicut
1017 1183 1047 1228 et
1073 1174 1185 1239 Cicero,
1214 1180 1366 1227 memorat.

208 1249 343 1303 Addatur
361 1248 549 1312 Themistius‚
568 1248 620 1316 qui
639 1247 670 1298 in
688 1247 809 1299 eundem
828 1263 946 1300 censum
962 1242 1053 1299 venit'
1063 1245 1140 1297 Orat.
1160 1245 1208 1298 11:
1218 1250 1247 1314 p.
1265 1247 1311 1303 ab.
1336 1253 1370 1297 et

102 1354 105 1359 -
210 1321 290 1375 Orat.
310 1320 385 1384 xxi.
405 1335 434 1388 p.
454 1321 516 1373 252.
536 1318 670 1371 Stobaeus
689 1315 780 1369 Serm.
800 1318 833 1368 V.
852 1323 922 1406 pag'
937 1318 980 1372 74.
1012 1314 1196 1391 Ξενὸμράιης.
1213 1311 1370 1386 χρημάτων

211 1391 286 1457 αὐτῷ
303 1388 497 1457 κομισθέντων
513 1385 570 1441 ἀπὸ
590 1387 772 1461 ᾈλξξάγόρου,
792 1383 918 1455 ἔσπασας
943 1382 1007 1447 τούς
1024 1389 1188 1458 repigratur
1207 1385 1261 1455 ''r'dr
1278 1389 1371 1440 adsoni

211 1455 326 1530 τρόπον,
348 1457 535 1526 ἀπαγγείλατε,
554 1458 617 1528 ἔφη,
633 1455 812 1530 Ἀλεξάνδρῳ,
837 1454 889 1544 ἐφ’
914 1457 951 1513 ev
975 1452 1048 1510 οὕτω
1074 1456 1127 1527 ζῷζ
1142 1458 1176 1511 ml
1192 1455 1295 1524 δέομάι
1318 1475 1370 1509 ια.

211 1531 318 1583 iiiior
334 1529 621 1582 ΠΕΝΤΗΚΟΝΤΑ·
639 1535 763 1582 τοσαῦτα
780 1525 834 1596 γὰρ
853 1524 931 1595 qvid
948 1527 1120 1596 πεμφθένια.
1140 1526 1369 1596 InHespcltiano

211 1601 288 1653 libro
307 1608 335 1651 A
353 1595 468 1666 sitaiva
486 1617 540 1670 pro
559 1602 587 1652 N
606 1601 686 1652 dedit
704 1601 755 1653 vel
772 1601 834 1670 ipse
852 1599 980 1669 scriptor
996 1597 1225 1675 vel'L'pbrariu's3
1245 1605 1275 1649 et
1293 1597 1317 1650 is
1335 1598 1370 1651 in

107 1671 109 1676 ’
212 1665 332 1726 suidam
350 1672 479 1735 manavit
498 1686 590 1723 error.
627 1671 664 1724 D.

284 1739 403 1795 Attenia
435 1742 614 1808 praesertim,
651 1736 802 1806 maxima]
845 1743 926 1794 Unus
959 1741 1010 1794 Ox.
1047 1736 1172 1792 o'mittit-
1184 1738 1369 1808 precemini,

211 1811 299 1864 vind.
318 1815 344 1876 2.
365 1811 476 1864 omittit
493 1813 630 1894 merimuz
645 1814 722 1868 Mon.
743 1816 767 1867 l.
791 1810 878 1893 babet
901 1808 1021 1889 Attenia
1042 1809 1175 1885 amima·
1188 1811 1369 1879 praesertim,

210 1882 960 2019 'tum'Alii'tsltuiiduidgriiiosaeddiideddidimgAdiiddit
985 1960 1028 2006 est
1051 1952 1083 2004 in
1100 1949 1181 2007 MS.“
1199 1951 1262 2005 Frc.
1282 1952 1369 2007 Febr.

212 2022 322 2090 „Quid
340 2031 401 2075 vet.
421 2022 489 2078 Cod.
508 2022 635 2075 obduxit.
660 2025 728 2075 Non
744 2022 870 2092 placetf‘
889 2021 968 2076 Goth.
994 2030 1023 2075 et
1042 2040 1133 2099 marg.
1152 2022 1268 2074 Lambb.
1303 2024 1368 2076 Mr.

286 2093 415 2146 Adduxit
438 2093 550 2160 legator
573 2093 611 2146 ad
638 2092 765 2158 coenam]
801 2093 981 2164 „Displiceat
1007 2110 1073 2146 sane
1090 2092 1162 2159 haec
1181 2091 1246 2159 aliis
1262 2092 1369 2146 lectio.

213 2161 289 2215 mihi
314 2163 440 2236 genuina
464 2163 595 2216 omnibus
622 2164 714 2216 modis
737 2156 864 2229 ¹videtur,
893 2163 1141 2219 addicentibusi‘et
1166 2162 1371 2231 adducentibus

215 2250 278 2287 cam
304 2234 374 2287 Pall.
399 2241 468 2286 tert.
495 2242 588 2301 quart.
616 2235 709 2302 quint.
737 2234 793 2286 alio
816 2242 874 2319 vet.
904 2235 971 2340 Οφοᾱ.
994 2234 1079 2317 Febr.
1103 2230 1200 2307 Vatic.
1241 2234 1281 2288 Et
1306 2235 1371 2304 quii

138 2439 140 2443 ,
213 2313 316 2428 itti.
329 2306 529 2445 “lltttptl
552 2320 673 2427 ‘titt
692 2304 1370 2441 ‘restittitefflttblttttftttt

213 2446 272 2498 vot
328 2444 464 2508 addicito
491 2453 540 2497 aut
563 2445 678 2498 aliunde
702 2464 736 2499 ex
763 2447 889 2516 hospitio
917 2446 1032 2498 abduxit
1059 2463 1155 2499 secum
1182 2445 1291 2514 [voluit
1308 2447 1372 2499 sine

182 2534 187 2539 ⁴
214 2517 316 2570 dubio:
348 2516 468 2569 adduxit
491 2531 581 2568 aecum
603 2516 784 2582 Gebhardus]
813 2517 888 2586 quod
908 2524 950 2569 cst
973 2517 1121 2571 abducere.
1143 2517 1275 2570 “Terent
1294 2518 1370 2570 Eun.

214 2589 280 2641 Act.
299 2591 331 2647 3.
346 2587 391 2640 Sc.
408 2591 437 2657 Ι1.
478 2587 545 2639 Tum
570 2604 613 2640 me
639 2589 775 2641 convivam
794 2588 883 2640 colom
901 2586 1051 2640 addiscebat
1070 2584 1258 2641 sioi.“·Gelt.
1295 2588 1369 2640 Edd.

216 2666 283 2710 ante
302 2657 392 2710 Gebh.
413 2673 511 2709 omnes
530 2658 659 2724 adduxit,
679 2668 708 2712 et
727 2659 767 2712 sic
786 2675 836 2710 sex
854 2659 925 2711 Oxx.
948 2658 1032 2710 Vind.
1053 2663 1078 2714 l.
1098 2661 1172 2711 Illon.
1193 2662 1216 2731 l.
1244 2658 1371 2728 ¹Reliqui

216 2728 303 2782 codd.
324 2726 401 2781 MSS.
427 2735 456 2779 et
470 2728 544 2780 Ede.
572 2737 636 2798 post
659 2729 750 2783 Gebh.
775 2729 912 2782 exhibent
937 2728 1065 2782 adduxit.
1103 2730 1138 2783 ln
1160 2728 1232 2781 Gud.
1250 2730 1277 2783 2.
1304 2737 1372 2811 post

215 2801 342 2872 murima
369 2801 536 2851 inseruntur
552 2800 650 2864 verba,
675 2817 748 2869 quae
771 2817 856 2869 supra
878 2800 1051 2865 exciderant,
1071 2798 1165 2854 eodem
1191 2796 1242 2852 loc
1266 2814 1370 2852 onemo.

215 2868 253 2923 In
270 2888 350 2941 seqq.
370 2868 414 2922 tis
432 2886 484 2938 pro
503 2869 543 2923 iic
560 2879 609 2935 ¹est
633 2870 665 2922 in
684 2871 769 2923 Godd.
789 2872 858 2955 Reg.
884 2871 957 2937 (sint
976 2871 1073 2936 dubio)
1097 2870 1171 2924 Gud.
1192 2874 1216 2926 1.
1235 2872 1262 2925 2.
1279 2869 1369 2924 Rcbd.

215 2941 307 2995 Marb.
328 2942 403 2994 Mon.
425 2945 460 3006 1.‚
480 2938 546 3004 liis,
564 2949 597 2992 ut
613 2942 677 2994 fere
694 2957 817 3010 semper,
835 2960 867 2994 m
884 2942 981 2998 Duisb.
1009 2943 1062 2994 Est
1080 2941 1167 2993 etiarn
1185 2938 1230 2995 lis
1247 2940 1280 2991 in
1296 2940 1369 2994 Edd.

216 3012 246 3067 S.
265 3012 302 3065 E.
326 3013 450 3068 HWolf.
492 3011 534 3064 De
561 3021 707 3065 structura
730 3016 844 3078 tontum,
875 3013 999 3083 qaod-
1022 3011 1080 3064 vid.
1095 3022 1164 3064 'nos
1190 3010 1225 3064 ad
1248 3009 1308 3064 (lic.
1337 3012 1371 3064 de

216 3085 308 3158 Legg.
328 3084 365 3136 11.
385 3085 412 3137 3.
432 3086 505 3151 6-'p.
519 3084 586 3147 llll).
623 3085 677 3136 Pro
702 3083 778 3136 nullo
800 3083 866 3136 (lod.
887 3085 971 3136 Vind.
992 3089 1017 3140 l.
1044 3091 1074 3137 et
1095 3096 1171 3134 unus·
1186 3080 1245 3135 (lx.
1267 3081 1372 3134 habent

238 3154 339 3206 lessam
358 3154 419 3204 cine
436 3153 502 3217 ullo,
520 3154 604 3206 Vind.
617 3157 643 3208 2.
660 3173 679 3206 a
698 3154 780 3208 l.'m.
800 3153 831 3206 in
850 3153 920 3207 iilo:
940 3153 989 3206 sed
1008 3155 1039 3205 in
1056 3170 1147 3225 marg.
1168 3151 1263 3207 aliter:
1284 3154 1370 3206 nollo.

248 3241 284 3277 ox
302 3241 374 3274 unus
393 3224 442 3276 Ox.
461 3229 526 3290 port
545 3222 669 3279 triduom
685 3241 739 3294 pro
760 3225 909 3290 poetridie,
934 3223 1177 3278 aliusmunerari
1203 3240 1256 3294 pro
1280 3240 1373 3276 nume·

209 3297 291 3359 ‘itari
309 3295 527 3360 aliusioberenl3
548 3297 622 3349 Gud.
632 3297 657 3349 2.
670 3297 815 3348 numerari
832 3296 852 3348 d
858 3297 974 3350 ederet
992 3295 1108 3356 iuberet,
1126 3295 1173 3347 ubi
1184 3312 1272 3364 prava
1281 3295 1374 3369 glossa

172 3411 183 3419 .
217 3365 254 3419 ad
270 3382 372 3418 vocem
389 3366 543 3439 genuinam
562 3367 688 3436 irrepsit.
725 3365 826 3438 Pergit
843 3369 918 3419 Mon.
940 3372 964 3423 l.
989 3366 1057 3434 quid
1074 3381 1136 3419 aas
1153 3360 1276 3418 delarue.
1298 3365 1371 3418 Gud.

219 3437 331 3490 omittit
355 3453 413 3501 ooo,
445 3436 533 3489 Rehd.
553 3455 602 3490 voa
626 3435 747 3502 inquit
765 3434 929 3489 besterna
957 3456 1023 3491 cum
1040 3434 1124 3492 Vind.
1145 3440 1170 3491 1.
1207 3435 1283 3489 Tum
1300 3453 1374 3489 unus

218 3506 272 3560 Ox.
291 3510 451 3571 coenacula,
476 3507 549 3560 alins
572 3526 639 3560 cum
658 3509 733 3559 Mon.
754 3511 779 3560 l.
806 3510 979 3562 coeatioculo.
1016 3509 1078 3560 lloc
1101 3506 1218 3576 quidem
1235 3506 1373 3559 vocabulo

218 3594 303 3630 nemo
321 3596 388 3629 usus
407 3587 468 3630 est:
488 3588 585 3632 nostro
603 3579 699 3630 utitur
717 3577 818 3630 Cicero
838 3579 926 3631 etiam
945 3580 979 3632 ad
997 3578 1106 3633 Famm.
1127 3578 1176 3630 IX.
1195 3580 1239 3632 24.
1259 3579 1285 3634 2.
1311 3577 1373 3631 Duo

221 3650 291 3704 Oxx.
311 3649 449 3700 omittunt
466 3665 518 3714 me,
537 3658 596 3703 tres
612 3648 719 3701 habent
736 3649 864 3716 indigere
886 3667 939 3720 pro
958 3665 1049 3716 egere.
1086 3649 1146 3702 Mr.
1179 3679 1182 3685 -
1268 3698 1270 3702 Α

291 3737 377 3803 quod
403 3754 464 3790 cum
487 3736 633 3790 tristiores
655 3735 786 3803 vidisset]
824 3738 971 3803 „Praetuli
988 3738 1063 3790 hanc
1080 3737 1238 3791 lectionem
1255 3745 1290 3789 ut
1307 3752 1374 3806 prc-

59 3845 63 3854 .
142 3803 167 3837 ·’
219 3806 362 3859 bissimam
380 3824 416 3859 ex
434 3807 552 3860 Palatin.
572 3807 684 3859 secund.
704 3824 757 3860 nec
776 3809 878 3878 procul
898 3809 1012 3861 deerrat
1029 3817 1122 3877 quart.
1143 3807 1210 3876 quid
1227 3807 1379 3861 exhibens.

219 3878 307 3948 prim.
328 3893 417 3946 quiem.
455 3878 511 3928 Vul
532 3894 548 3929 o
567 3893 641 3944 quoa.
679 3877 752 3942 Quid
776 3887 872 3932 autem
897 3879 947 3932 hio
965 3880 1039 3948 quod
1057 3887 1132 3952 agat,
1156 3878 1258 3931 norint
1274 3877 1375 3931 huma·

220 3948 347 4002 niores.“
370 3945 453 4002 Geel.
491 3984 510 4012 ‚‚
545 3955 571 3999 st
593 3966 663 4016 quoe
678 3950 709 3999 in
728 3950 813 4003 (lodd.
832 3950 937 4002 nostris
953 3950 1087 4002 omnibus
1105 3949 1235 4018 itemque
1253 3949 1326 4005 Edd.
1346 3956 1375 4001 et

222 4017 263 4070 ita
281 4036 338 4073 esse
356 4017 512 4092 legendum
531 4027 609 4072 recte
634 4020 746 4072 monuit
764 4021 855 4072 Dav.“
891 4018 981 4073 Boot.
1035 4060 1039 4064 .

293 4107 367 4173 Quos
391 4122 452 4159 cum
475 4103 634 4172 tristium]
671 4109 766 4182 Vulgo
791 4109 871 4177 qood.
907 4110 941 4161 Id
962 4125 1116 4178 perperam
1141 4107 1317 4173 Gebhardus‚
1343 4116 1376 4160 ut

222 4177 304 4242 solet,
323 4178 441 4229 invexit.
470 4176 528 4227 Nos
547 4176 639 4251 igitur
656 4178 820 4244 lectionem,
840 4197 926 4248 quam
943 4187 1089 4250 praestant
1104 4181 1213 4233 Eliens.
1233 4197 1290 4232 sec.
1301 4179 1375 4232 Med.

222 4247 335 4301 Balliol.
356 4255 386 4299 ct
403 4249 528 4298 Petrens.
547 4247 736 4302 reducendam
760 4251 931 4302 curavimus.
971 4251 1006 4303 D.
1185 4247 1212 4261 ’“

293 4333 375 4386 quos
401 4334 480 4386 quum
503 4316 661 4384 tristiores]
697 4320 786 4385 „Dan
806 4321 885 4372 dedit
903 4337 1001 4391 quoae
1020 4317 1094 4372 MSS.
1117 4320 1193 4372 idem
1211 4321 1326 4390 reperit
1345 4321 1375 4370 in

221 4389 305 4442 libris
326 4404 381 4440 scr.
410 4387 560 4454 Ruherius‚
584 4390 625 4442 sic
651 4397 681 4442 et
709 4389 765 4443 ms.
791 4390 889 4445 Guelf.
928 4394 1028 4460 ltaque
1055 4392 1155 4460 recepi
1174 4399 1202 4444 et
1221 4391 1292 4460 ipse,
1321 4390 1375 4444 etsi
