2856 5084
495 286 656 349 varcun
677 286 718 358 v,
740 286 791 352 aa.
815 319 831 326 ·-
989 316 992 321 ·
1162 285 1283 384 ram

74 472 223 516 morum:
245 454 383 516 alterins
396 453 440 512 'in
453 450 563 514 'caede
586 460 620 512 et
639 451 775 512 iniuriis
796 468 873 510 cnm
895 444 929 509 e't
949 445 1068 508 diurno
1091 455 1124 509 et
1144 464 1223 508 noc-

73 546 174 597 turno
196 544 297 598 metu.
334 534 416 620 Age,
439 532 816 608 conferDemocritum,
838 531 1073 614 Pythagoram,
1094 530 1223 593 Anaxa-

71 638 197 703 goram.
241 619 332 682 Quae
363 636 476 702 regna,
522 637 614 698 quas*
633 635 711 697 opes
753 614 875 677 studiis
910 632 1028 674 eorum
1067 621 1101 674 et
1136 613 1226 674 dele·
1243 615 1287 670 67.

71 702 273 763 ctationibus
296 697 493 783 antepones!
526 700 661 779 Etenim
678 716 761 780 quae
782 717 860 780 pars
883 697 1006 777 optima
1030 703 1079 756 cst
1104 697 1140 756 in
1165 697 1223 757 ho·
1243 685 1270 741 b·

70 785 170 860 mine,
209 786 244 844 in
274 803 311 844 ea
343 784 548 845 sitnmesse
580 801 713 842 necesse
741 788 791 841 est
823 778 925 851 illud,
965 776 1224 860 quodquaeria,

70 867 243 949 optimum.
288 864 375 930 auid
398 875 449 926 est
471 874 581 926 autom
599 867 639 925 in
661 863 796 925 homine
818 864 928 946 sagaci
950 881 988 923 ac
1006 862 1093 922 bona
1112 868 1223 923 mente

69 944 212 1010 melius?
239 948 321 1014 Eius
341 949 428 1008 bono
449 944 628 1008 fruendum
652 955 702 1007 est
723 946 840 1031 igitur,
870 947 898 1004 si
920 945 1012 1005 beati
1034 964 1105 1006 esse
1126 945 1223 1008 volun

69 1052 159 1096 mus:
190 1032 313 1092 bonum
334 1039 445 1103 autem
467 1030 588 1093 mentis
611 1037 661 1090 est
681 1030 809 1091 virtus:
833 1046 913 1113 ergo
936 1027 999 1087 hac
1021 1027 1152 1089 beatam
1172 1028 1224 1105 εἰ..

69 1123 136 1174 tam
160 1114 327 1175 contineri
348 1107 483 1173 neccsse
505 1121 565 1174 est
622 1110 710 1172 Hine
732 1112 853 1186 omnia,
876 1130 958 1190 quae
980 1109 1131 1190 pulchra,
1162 1110 1222 1170 ho-

58 1183 175 1274 nesta,
196 1197 366 1278 praeclara
388 1202 465 1255 sunt
488 1197 664 1276 (utsupra
686 1191 772 1254 dixi:
796 1191 853 1254 sed
872 1192 1048 1253 dicendum
1068 1191 1158 1253 idem
1181 1193 1221 1253 il-

69 1378 158 1432 libros
176 1381 250 1432 nosti
268 1367 326 1432 esee
344 1378 452 1432 animae
467 1379 611 1446 pataliam:
637 1386 663 1432 et
678 1379 806 1448 profecto
834 1378 954 1437 nullae
975 1385 1104 1446 pastas
1128 1380 1223 1433 nullas

67 1450 146 1502 cibas
164 1450 359 1503 animorum
373 1456 585 1516 potestesse
603 1450 767 1515 saaoa'or,
797 1465 880 1519 qaam
902 1449 1052 1517 vestigatio
1078 1451 1223 1507 doctrina-

67 1538 132 1573 rum
159 1528 187 1573 et
212 1520 414 1573 oblectatio
438 1521 620 1575 literarum.“
647 1522 780 1574 Beroald.
826 1521 955 1587 „Addidi
979 1527 1020 1573 est
1054 1521 1142 1592 [quod
1163 1540 1221 1584 non

65 1589 171 1644 habent
189 1592 260 1644 Edd.
280 1592 330 1642 vul
351 1591 425 1657 atae]
450 1610 464 1645 e
484 1594 541 1648 MS.
563 1592 659 1647 Guelf.
680 1602 709 1645 et
727 1591 799 1645 Edd.
821 1591 913 1645 vett.“
938 1592 1022 1644 Era(
1043 1590 1163 1647 Excidit
1182 1597 1222 1647 eat

66 1663 98 1715 in
116 1664 186 1716 Edd.
204 1664 280 1715 Vict.
301 1609 368 1718 adl.
397 1662 497 1732 steph.
528 1663 617 1716 Gebh.
643 1664 727 1715 Verb.
757 1663 824 1715 cod.
852 1662 942 1716 Rehd.
963 1662 1050 1716 habet
1072 1681 1144 1719 anua
1168 1673 1219 1722 est.

66 1735 134 1788 God.
154 1737 228 1787 ltlon.
244 1739 324 1810 ptus,
343 1734 420 1804 quod
439 1743 482 1786 est
500 1734 704 1806 compendium
721 1735 800 1786 vocis
817 1741 926 1800 partas,
945 1751 998 1805 pro
1016 1743 1122 1803 pastae.
1138 1737 1141 1743 '
1155 1739 1221 1790 Mox

66 1815 109 1858 est
136 1805 267 1858 allerias
294 1806 325 1856 in
347 1822 404 1857 uno
431 1805 481 1857 Ox.
518 1806 635 1858 Excidit
659 1807 689 1859 a‘n
719 1805 750 1855 in
772 1805 864 1859 tribus
892 1806 961 1858 Oxx.
987 1807 1077 1861 Rehd.
1097 1811 1172 1861 Mon.
1194 1813 1218 1864 1.

64 1877 137 1929 Edd.
157 1879 193 1929 M.
214 1870 255 1928 L(
270 1875 334 1928 Ald.
354 1875 436 1928 Boul.
462 1875 526 1932 (iar,
552 1875 651 1947 Steplu
671 1874 760 1945 'Sy-lb.
786 1876 867 1933 Brut.
894 1876 980 1929 Goth.
1005 1877 1091 1934 Leod.
1116 1880 1220 1938 olivet.

64 1949 156 2001 Habet
174 1965 247 1998 unus
267 1948 316 2000 Ox.
337 1947 423 2000 etiam
439 1948 532 2012 caede,
558 1947 613 2000 duo
632 1949 668 2001 a'n
687 1947 771 1999 caede
789 1953 816 1999 et
835 1946 872 1999 ia
890 1946 1015 2001 iniuriis.
1031 1950 1124 2002 vind.
1145 1955 1169 2005 l.
1190 1950 1222 2004 in

64 2020 149 2072 caede
167 2024 194 2070 et
213 2021 249 2072 in
267 2018 375 2071 vitiis
393 2033 454 2071 cam
472 2018 585 2078 diurno.
621 2017 708 2087 Deest
731 2025 757 2081 ει
781 2025 847 2070 ante
866 2019 967 2073 diurno
987 2020 1073 2083 etiam
1100 2021 1132 2073 in
1152 2020 1221 2075 God.

64 2090 169 2142 Duisb.·
181 2090 318 2142 Verba'et
336 2089 451 2143 iniuriis
470 2090 640 2143 exciderunt
657 2089 689 2140 in
709 2089 783 2141 Gud.
801 2091 840 2153 23-
865 2089 951 2141 Marb.
978 2099 1007 2142 et
1025 2093 1099 2144 Mon.
1120 2095 1146 2147 2.
1170 2091 1233 2146 ha»

64 2162 132 2214 bent
158 2161 320 2224 dicturam
349 2160 422 2214 Gud.
443 2163 468 2216 2.
496 2177 554 2213 non
579 2160 669 2213 habet'
692 2158 882 2213 Democritum
909 2167 938 2212 et
959 2160 1165 2234 Anaxagoram
1181 2162 1221 2216 ¹in

65 2234 222 2302 eodemque
241 2231 412 2284 exciderunt
428 2231 516 2285 verba
534 2230 639 2284 stadiis
657 2247 752 2284 eoram
771 2237 797 2284 et
824 2231 1067 2299 delectationttua
1097 2232 1153 2289 duo
1170 2251 1222 2305 po·

65 2306 188 2357 steriora
207 2303 294 2354 etiam
314 2303 345 2353 in
363 2318 425 2354 unov
441 2302 491 2354 Ox.
527 2303 609 2353 Alius
641 2307 680 2354 ‘ro
698 2301 804 2354 'stadiis
821 2301 907 2353 habet
925 2305 991 2356 tais.
1018 2305 1053 2356 In
1069 2305 1123 2357 Ed.
1137 2306 1218 2359 lunt.

64 2383 108 2427 est
131 2372 253 2426 stadiis.
280 2373 339 2425 MS.
369 2372 401 2422 in
426 2389 518 2447 marg.
545 2371 609 2423 Asc.
626 2320 656 2426 l.
680 2371 766 2425 habet
790 2377 941 2440 anteponas
962 2389 1016 2445 pro
1041 2376 1220 2444 antepoaea.“

64 2446 130 2498 Post
150 2443 255 2511 optima
275 2443 306 2493 iu
324 2459 382 2494 uno
401 2442 451 2495 Ox.
473 2442 581 2494 excidit
599 2448 647 2494 eat.
675 2443 795 2495 ln'verso
814 2443 915 2496 ordine
933 2443 999 2497 God.
1019 2445 1115 2499 Duisb.
1135 2446 1221 2502 habet

64 2522 108 2568 est
126 2513 249 2581 optima;
268 2530 335 2565 cum
353 2514 405 2565 illo
424 2513 495 2564 facit
513 2515 587 2565 Mon.
610 2518 633 2568 1.
670 2514 752 2567 Unus
772 2515 823 2568 Ox.
844 2513 961 2568 exhibet
978 2518 1061 2570 eitam
1078 2522 1129 2573 eat
1145 2519 1221 2575 illud

64 2601 174 2639 necesse
193 2591 241 2637 est.
279 2584 364 2635 Vind.
384 2589 409 2638 l.
430 2584 543 2636 omittit
558 2591 605 2637 eet.
642 2586 703 2638 Mr.
802 2623 805 2628 .
1073 2589 1076 2595 '

135 2656 207 2724 qaod
224 2657 346 2724 qaaerit,
366 2653 512 2723 optimam]
531 2654 596 2720 „lta
616 2663 659 2708 est
677 2656 708 2706 in
726 2657 820 2709 veteri
838 2657 921 2710 libro.
941 2659 1032 2758 vulgo
1051 2660 1123 2730 quod
1140 2678 1221 2732 maae-

63 2729 107 2783 rie
126 2727 275 2780 ananiam
293 2728 435 2794 optimum.
465 2727 614 2780 Glossema
632 2727 663 2778 in
681 2727 804 2780 insulam
818 2728 994 2797 deportetur.
1010 2730 1018 2759 ‘
1035 2731 1071 2783 A.
1081 2731 1219 2788 schottus.

63 2798 137 2851 Nod.
158 2799 217 2850 cto.
238 2798 275 2851 ll.
296 2799 340 2852 20.
359 2816 387 2866 p.
407 2800 469 2852 336.
491 2829 523 2840 -
550 2797 700 2864 „Omnium
718 2798 795 2851 abest
814 2799 845 2849 in
864 2799 991 2870 Gryphii
1010 2801 1118 2855 libro.“
1134 2806 1218 2857 Brut.

63 2870 129 2936 „lta
149 2867 263 2932 [omisso
281 2867 415 2933 omniane]
434 2867 521 2920 Palat.
539 2878 666 2937 quatuor
683 2870 856 2938 posteriores
875 2879 904 2922 et
923 2872 1007 2924 Febr.
1035 2873 1129 2949 Vulgo
1148 2877 1220 2944 qaod

63 2941 179 3010 qaaerit
198 2937 347 2992 omnium
365 2941 503 3006 optimam.
541 2938 621 2991 Idem
640 2939 802 2992 observavit
819 2937 984 2993 Schottus.“
1012 2942 1095 2997 Geta.

133 3011 209 3063 Illud
236 3009 311 3078 qaod
334 3011 498 3077 quaerimus
522 3009 674 3078 optumam]
700 3011 792 3063 Este
815 3013 1059 3082 praestantissimo
1077 3016 1218 3070 Bentleio.

62 3081 158 3156 Vulgo
176 3080 295 3150 qaaerit.
334 3080 381 3133 D.·

135 3152 205 3218 qaod
231 3153 354 3220 quaeras,
385 3151 534 3220 optimam]
572 3152 690 3218 „Nulla
715 3155 801 3224 plane
826 3155 993 3210 necessitate
1020 3174 1057 3209 ur
1078 3168 1143 3213 ente
1162 3160 1218 3214 duo

61 3223 151 3297 Angli
174 3223 341 3276 doctissimi·
359 3230 549 3281 correxerunt
572 3225 739 3290 quaerimus.
777 3226 886 3278 Utrum
904 3227 994 3280 dicas>
1025 3230 1125 3284 ermde
1144 3231 1217 3287 est.“

61 3291 151 3347 Bauli.
188 3294 311 3347 Restitui
330 3294 459 3361 quaeris.-
482 3311 576 3363 neque
595 3296 747 3365 quisquam
771 3296 920 3353 obsecutus
939 3307 981 3351 est
998 3247 1122 3355 davisio.
1156 3294 1217 3367 Mess

62 3366 130 3417 rito.
168 3366 313 3418 Omittunt
336 3365 410 3417 illud
437 3363 559 3418 omniane
581 3365 651 3417 libri
666 3367 788 3438 optimi,
821 3368 890 3449 Reg.
916 3369 989 3423 Gud.
1017 3374 1040 3424 1.
1068 3374 1093 3428 2
1125 3371 1215 3426 Rehd.
1287 3411 1293 3418 =

60 3436 148 3489 Marb.
177 3435 239 3506 [qui
267 3437 342 3488 solus
364 3437 436 3488 facit
455 3454 522 3489 cum
539 3436 655 3489 Davisio
675 3437 811 3490 exhibens
835 3440 1004 3508 quaerimus]
1035 3442 1131 3496 Duisb.
1151 3451 1216 3496 octo

62 3506 132 3559 Oxx.
152 3507 223 3560 Edd.
241 3506 306 3576 post
325 3506 415 3560 Geblu
454 3509 514 3560 Mr.
1040 3525 1042 3533 ¹

66 3577 69 3583 “
133 3579 232 3646 sagaci
249 3572 372 3631 aetola
390 3577 632 3644 mentemeliasl]
669 3581 749 3633 Unus
769 3581 818 3634 Ox.
839 3586 914 3636 Mon.
937 3589 960 3641 1.
981 3584 1079 3640 Duisb.
1098 3581 1216 3670 lacpr'o

61 3664 106 3702 aa.
125 3650 212 3701 Marb.
242 3649 351 3714 sagati
378 3648 446 3702 bac.
484 3648 566 3703 Solus
584 3650 643 3702 Alt.
664 3651 754 3704 edidit
772 3668 806 3706 ac
830 3654 908 3720 bono,
935 3651 969 3708 ut
987 3656 1069 3732 iungi
1090 3657 1215 3712 voluisse

61 3718 196 3772 videatur
213 3715 323 3790 bomine
340 3720 443 3788 sagaci
461 3736 494 3772 ac
513 3721 597 3773 bono:
636 3722 685 3775 sed
710 3723 828 3776 videtur
854 3743 1006 3795 operarum
1025 3746 1116 3782 error.
1145 3728 1213 3783 Cod.

60 3789 160 3843 Duisb.
181 3789 241 3841 cias
264 3789 385 3855 igitar
410 3792 494 3844 bona
519 3791 617 3862 (supra
635 3793 688 3845 lin.
710 3793 742 3862 o)
768 3796 915 3861 fruendam
934 3806 982 3852 est.
1020 3801 1147 3853 Verbum
1173 3806 1216 3857 eat
1309 3826 1311 3830 ⁴

61 3859 170 3914 excidit
189 3860 220 3910 iu
238 3875 296 3911 uno
316 3861 365 3912 Ox.
395 3861 456 3930 (qui
475 3864 546 3916 item
573 3863 683 3916 omittit
702 3872 743 3918 eat
760 3877 824 3936 post
844 3868 962 3935 mentis)
992 3871 1065 3923 Gud.
1091 3872 1167 3922 Mon.
1189 3860 1213 3927 1ss

61 3933 97 3985 Iu
115 3926 245 3985 Vindsl.
265 3929 378 4005 legitur
395 3931 491 3997 igitur
508 3935 668 4001 fruendam,
688 3937 790 3990 omisso
810 3945 857 3990 ert.
895 3940 976 3992 Unu's
996 3941 1044 3992 Ox.
1073 3937 1144 3993 banc
1160 3958 1214 4010 pro

61 4001 127 4055 bac:
148 4011 180 4054 ut
199 4001 292 4055 solent
311 4001 426 4054 librarii
445 4005 577 4072 proxima
594 4007 682 4059 verba
700 4009 846 4077 respicere
865 4009 957 4079 iisque
976 4010 1032 4062 alia
1058 4027 1215 4064 accommo-

62 4074 140 4139 dare,
164 4073 244 4124 nulla
263 4073 424 4125 sententiae
442 4075 531 4127 totius
559 4076 670 4128 ratione
694 4076 800 4130 habita.
838 4083 903 4131 Mox
921 4081 1005 4132 Vind.
1028 4086 1051 4135 1.
1088 4080 1145 4134 Hic
1161 4099 1214 4152 pro

61 4144 144 4199 Hinc.
163 4144 252 4198 Rehd.
275 4143 385 4196 omittit
403 4143 529 4212 palatro,
550 4144 624 4201 Gud.
644 4150 669 4201 2.
690 4150 789 4223 pergit
807 4155 838 4202 et
855 4149 982 4203 lonasto:
1008 4159 1071 4204 tum
1090 4152 1166 4206 Gud.
1187 4160 1214 4208 et

60 4216 217 4285 praeclara.
256 4215 357 4268 Solent
379 4216 495 4268 librarii
520 4217 636 4270 turbare
656 4218 803 4271 Ciceronis
829 4218 973 4287 ἇσίνδετα,
1002 4223 1033 4274 in
1057 4223 1149 4279 tribus
1167 4225 1214 4278 ad·

62 4287 186 4350 iectivis‚
205 4287 399 4354 substantivis,
418 4287 523 4352 verbis,
542 4287 685 4340 adverbiis
704 4290 764 4342 eius
783 4294 909 4345 sermoni
927 4294 1064 4351 solennia.
1104 4297 1163 4351 Mr.

132 4357 189 4411 Sed
216 4359 361 4412 dicendam
384 4358 458 4413 illud
481 4357 561 4412 'idem
585 4360 682 4430 paullo
700 4361 812 4414 abecias
834 4363 951 4430 videtur,
974 4365 1058 4435 plena
1078 4395 1110 4404 -
1129 4368 1212 4436 sant]

18 4435 22 4439 ’
61 4429 115 4496 ,,Ε
134 4430 265 4504 vestigiis
291 4431 398 4484 veteris
424 4431 585 4502 scripturae
608 4432 710 4486 videor
734 4449 788 4504 pro
814 4453 878 4490 meo
905 4437 969 4491 iure
998 4455 1099 4493 eruere
1122 4456 1212 4510 posse,
