2856 5084
129 273 188 336 m
324 213 1064 330 c1osnon1sruscumu.n1srumr.

153 433 303 495 sconiam
322 428 463 503 ducer03
486 434 650 490 nostrates
671 423 870 506 philosophi
883 425 1080 484 tacere'non
1097 419 1293 502 poterunt?

125 451 222 576 dllius
244 512 383 594 epistola
403 513 514 607 fertur
543 509 596 571 his
615 509 748 569 verbis:
788 503 989 572 Anacharsis
1009 505 1166 569 Hannoni
1192 504 1282 567 saln-

133 635 382 646 ι-,ψ--σ--Φ-ῠ-
389 633 398 639 ⁵
410 634 417 638 ⁶

200 696 343 747 nostrates
358 685 520 758 philosophi
537 689 656 753 facere
673 701 729 739 non
745 685 932 754 potentiss]
970 685 1075 751 „Iacet
1096 690 1219 743 verbum
1236 694 1284 757 sa·

129 780 203 826 cere,
223 771 253 815 et
271 763 356 832 plane
376 761 500 813 otiosum
517 758 569 810 hic
587 765 639 809 est.
659 759 737 830 Lege
756 758 816 808 sine
835 773 881 809 eo:
901 756 995 808 multo
1015 757 1073 809 erit
1086 757 1282 832 elegantius.“

128 834 160 888 Ρ.
180 834 294 887 Manat.
331 831 406 898 „Sic
424 831 452 882 le
474 828 580 882 endum
599 836 655 880 cst:
677 829 800 894 facere
818 827 1075 895 nonpotsrunt?
1103 828 1230 898 inquam,
1251 840 1282 884 et

129 905 170 956 ita
196 904 303 956 habent
328 917 425 955 omnes
451 847 513 951 dere
541 897 612 950 libri
636 906 719 962 vett,
744 912 814 966 quos
836 897 914 950 vidi:
943 898 1039 967 itaque
1067 897 1113 949 edi
1131 899 1280 954 iusseram.

129 975 195 1027 Non
213 988 287 1046 nego
306 980 411 1036 tamen,
430 969 525 1022 deleto
543 967 629 1020 verbo
648 969 752 1034 facere,
770 967 934 1030 lectionem,
956 967 1042 1036 quani
1058 969 1169 1021 mavult
1182 970 1282 1022 Mann-

129 1046 197 1108 tius,
215 1043 290 1096 ierri
308 1058 366 1095 non
381 1057 472 1122 posse.
508 1039 570 1090 Hoc
588 1037 661 1102 dico,
681 1039 802 1090 alteram
821 1054 882 1089 csse
901 1046 930 1090 st
948 1038 1142 1106 antiquiorem
1153 1050 1155 1055 ·
1167 1046 1196 1093 et
1220 1059 1283 1094 me-

130 1113 269 1168 liorem.“
288 1112 448 1164 Lcmbsnns.
474 1111 625 1175 ,‚facere
646 1124 699 1160 non
724 1112 911 1175 poterunt:
939 1108 983 1160 lt'a
999 1109 1062 1160 fere
1081 1124 1176 1161 omnes
1194 1111 1282 1163 Lam·

129 1186 192 1237 bini
217 1184 287 1235 libri
309 1191 338 1235 et
362 1181 432 1234 Pali.
460 1197 505 1249 pr.
531 1179 625 1248 quint.
653 1178 782 1234 Vatican.
807 1177 876 1229 alias
896 1183 1053 1244 potuerunt.
1089 1177 1128 1230 At
1150 1181 1281 1234 Manutio

130 1271 188 1307 non
207 1253 345 1317 ausculto,
366 1249 511 1304 emoventi
528 1248 649 1305 uerbum
667 1250 771 1313 facere,
789 1255 924 1317 tanquam
940 1247 1073 1313 otiosum,
1093 1257 1192 1301 contra
1210 1269 1283 1304 eun-

130 1324 207 1376 tibus
226 1323 357 1376 omnibns
374 1320 456 1372 libris
474 1316 552 1372 MSS.
572 1327 631 1370 tam
648 1317 718 1369 Pall.
747 1334 831 1386 quam
849 1317 1054 1384 Lambinianis,
1078 1317 1202 1387 denique
1222 1322 1283 1374 Gu.

130 1394 299 1457 lielmianis,
322 1390 496 1460 praesertim
524 1406 589 1440 cum
616 1387 694 1439 nihil
717 1387 863 1440 dedecoris
888 1389 939 1438 aut'
962 1387 1211 1455 debonestamenti
1238 1393 1283 1456 (ut

131 1465 207 1517 idem
237 1463 300 1515 ille·
323 1460 461 1523 autumat)
494 1458 622 1526 patiatur
648 1459 729 1510 nitor
758 1457 994 1511 Ciceronianus.“
1018 1458 1100 1513 cett.
1145 1462 1282 1516 Probabat

121 1535 267 1587 -omissum
285 1535 378 1598 facere
395 1530 460 1581 Frc.
486 1528 568 1583 Fabr.
605 1529 664 1582 Mr.

202 1604 305 1657 Facere
323 1617 378 1654 non
395 1598 564 1670 potuerunt]
599 1599 644 1652 lta
660 1601 729 1673 Reg.
749 1598 895 1652 Pithoean.
914 1599 987 1652 Med.
1024 1601 1118 1676 Vulgo
1142 1609 1280 1670 poterant.

131 1677 193 1727 Vox
217 1682 313 1726 autem
336 1671 432 1742 prima
458 1669 589 1721 Manucio
616 1669 805 1740 Bentleioque
830 1669 1016 1723 Glossemstis
1040 1681 1083 1724 est
1105 1675 1212 1728 merito
1237 1672 1288 1728 su-⁴

166 1753 236 1798 eota.
274 1743 311 1798 D.
1253 1742 1256 1746 ⁴

131 1763 164 1816 sp
203 1815 295 1878 facere
312 1829 366 1865 non
382 1809 544 1881 potuerunt]
581 1810 734 1875 „Verbum
751 1812 847 1876 facere
870 1812 922 1864 vix
940 1829 992 1896 ego
1011 1804 1083 1879 ,cum
1101 1815 1174 1869 viris
1192 1812 1283 1873 doctis

132 1902 185 1955 pro
204 1886 296 1959 glossa
312 1883 475 1946 habuerim,
495 1882 571 1949 quod
588 1880 744 1932 reclamare
762 1882 898 1935 videntur
916 1883 1082 1937 ta11a³locar
1102 1887 1137 1939 de
1151 1887 1248 1940 Disin.
1258 1891 1282 1943 1.

131 1959 181 2011 39:
202 1972 252 2008 cur
271 1951 432 2013 Casiondro
451 1955 548 2018 furens
565 1952 664 2015 futura
681 1952 846 2019 prospiciat,
865 1951 995 2007 Priamus
1013 1954 1125 2024 sapiens
1143 1955 1193 2011 boc
1210 1959 1284 2013 idem

132 2026 257 2091 rosere
274 2024 409 2094 nequeat?
427 2022 512 2074 Acad.
529 2023 570 2104 il,
588 2024 638 2077 33:
666 2022 743 2076 Quod
759 2024 787 2075 si
803 2023 831 2075 s's
848 2026 943 2090 facere
958 2031 1047 2093 potest
1065 2028 1099 2079 de
1117 2024 1163 2080 bis
1190 2027 1282 2096 radus,

22 2102 23 2105 ’
129 2112 185 2149 cur
202 2098 234 2151 s'd
251 2097 363 2163 sapiens
382 2095 415 2146 ds
433 2092 549 2160 reliquas
565 2093 647 2144 rebus
672 2093 767 2156 facere
784 2108 838 2146 non
854 2093 993 2163 possit'?“
1020 2096 1169 2167 Wopkens.
1194 2101 1226 2153 Ι..
1246 2095 1280 2154 Τ.

132 2184 161 2236 p.
180 2170 207 2222 2.
227 2167 429 2235 „Quamquam
447 2165 540 2238 facere
558 2170 602 2214 est
618 2163 650 2212 in
668 2163 754 2216 Codd.
774 2164 914 2229 omnibus,
932 2165 1006 2217 mihi
1026 2175 1202 2222 tamencum
1219 2170 1283 2226 alii,

103 2244 106 2248 .
132 2237 204 2290 viris
223 2236 336 2288 criticis
356 2242 521 2303 suspectum
539 2241 590 2284 est.
631 2231 769 2300 Sequitur
787 2233 960 2308 etiam-Dav.
980 2250 1026 2288 eos
1044 2237 1144 2306 libros,
1185 2237 1215 2292 ui
1232 2243 1284 2296 ha.

28 2352 34 2361 .
132 2307 201 2362 beat
217 2312 376 2375 potnerunt,
403 2305 435 2354 in
459 2303 561 2372 quibus
580 2303 740 2378 santoni.
760 2304 829 2377 Reg.
853 2312 883 2357 et
900 2304 954 2358 Ed.
974 2323 1038 2360 mea
1060 2258 1183 2362 vetusti
1192 2310 1282 2372 Βοιώ.

134 2379 265 2443 „Facere
282 2377 356 2429 mihi
375 2389 488 2443 semper
506 2381 668 2442 suspectum
687 2373 754 2438 fnit,
774 2375 916 2444 credoque
934 2376 1087 2429 delendum
1106 2396 1186 2436 esses
1204 2381 1282 2436 Alibi

134 2464 193 2500 non
210 2447 289 2500 addit
308 2446 425 2499 Ciceros
444 2458 499 2495 nec
518 2458 572 2516 ego
590 2442 756 2496 addiderim.
792 2444 868 2497 Tum
894 2462 947 2516 pro
968 2445 1100 2516 poterant
1117 2451 1194 2505 MSS.
1219 2457 1285 2523 qui.

135 2518 208 2584 dam,
234 2518 321 2571 etiam
340 2515 450 2578 Oceli,
472 2518 632 2581 potuerunt,
659 2520 694 2565 ut
720 2522 749 2566 et
770 2515 874 2584 paullo·
893 2525 959 2587 post
985 2527 1028 2572 est
1045 2518 1207 2575 ltoc'animo
1225 2537 1287 2580 esse

133 2589 314 2658 potuerunt.“
333 2587 400 2639 Ern.
437 2583 561 2637 Uncinis
580 2583 777 2637 inclusitDav.
796 2586 917 2646 verbum
934 2589 1046 2654 facere.-
1064 2591 1198 2645 liberavit
1210 2590 1284 2652 Ern.

136 2674 310 2728 quamquam
328 2657 421 2708 abesse
438 2653 577 2719 malebat,
597 2656 702 2706 merito
720 2654 913 2710 restituerunt
930 2670 1089 2727 sequentes,
1107 2678 1172 2716 cum
1187 2658 1285 2728 same

135 2744 218 2853 Baeplq
236 2728 310 2852 algua
326 2727 409 2779 verbi
425 2725 509 2848 vgcscs¹
521 2725 667 2848 anskineffi,
687 2733 728 2847 Iqt
744 2734 826 2852 ⁴qqcte
849 2739 1025 2854 niqguelqunt
1040 2731 1135 2787 mn,-
1158 2734 1193 2786 ad
1209 2734 1240 2788 h·
1262 2738 1284 2791 l·

136 2816 229 2923 nihi.
248 2812 627 2936 riif⁶i.²’2.³1uqff⁰i2uii.
646 2832 725 2917 A'saf
736 2814 840 2920 rud·
852 2869 884 2921 tn
902 2801 1048 2926 masinili
1065 2803 1290 2934 ffimbdildeffi

136 2940 275 2995 Emendd.
294 2957 322 3009 Ρ.
341 2939 424 2990 XXX.
446 2963 479 2974 -··
512 2934 598 2989 Abest
623 2937 717 3002 facere
736 2937 769 2989 ab
786 2953 844 2990 uno
864 2940 913 2993 Ox.
975 2941 986 2992 i
1010 2943 1122 3007 nullius
1139 2946 1225 3016 plane
1244 2958 1287 3003 est

137 3010 325 3072 auctoritatis.
361 3009 401 3060 Et
426 3007 485 3058 iam
509 3005 616 3058 dudum
633 3007 778 3060 Victorius
803 3009 939 3065 verbum.
980 3028 997 3067 o
1022 3014 1132 3083 optim
1148 3016 1291 3075 ,dofenffip

137 3084 220 3132 Varr.
240 3081 331 3133 Lactt.
350 3078 398 3130 lx.
419 3079 461 3132 17.
481 3093 509 3145 Ρ.
529 3079 591 3131 22⁰.
627 3077 688 3130 Mn.
908 3070 938 3137 ⁴,

206 3150 302 3214 facere
319 3163 373 3201 non
389 3145 529 3215 poterant]
565 3148 619 3199 Pro
638 3164 693 3201 non
711 3157 754 3211 est
771 3163 835 3214 nans
852 3150 959 3204 inuno
978 3152 1028 3206 ox.
1060 3153 1172 3228 Scripsi
1190 3169 1291 3216 auem

134 3225 267 3289 poterunt
284 3225 383 3270 contra
401 3217 524 3286 optimos
542 3216 646 3270 libros:
668 3216 785 3270 videtur
807 3221 886 3273 enim
907 3229 1058 3289 potnerunt
1080 3229 1199 3296 antiqua
1223 3242 1288 3286 οη.

46 3291 49 3296 “
136 3298 286 3344 rectorum
308 3287 470 3356 corruptio,
497 3286 547 3354 qui
571 3289 702 3355 perfecto
717 3289 809 3357 potnit
832 3308 953 3362 sequens
977 3296 1110 3349 futurum
1128 3314 1293 3357 accommo*

137 3360 204 3414 dare
222 3360 341 3413 vellent.
380 3357 459 3423 Quod
476 3372 547 3409 vero
564 3358 657 3412 Hand.
677 3359 711 3410 ad
728 3359 839 3431 Wopk.
859 3363 880 3414 l.
899 3379 924 3415 c.
943 3380 972 3433 p.
993 3367 1017 3420 2
1036 3367 1086 3434 ait,
1105 3368 1138 3421 in
1154 3369 1210 3424 hac
1226 3375 1293 3426 1022,

136 3432 217 3484 mula
234 3439 284 3484 aut
300 3431 434 3481 futurum
450 3427 529 3496 poni,
548 3437 597 3481 aut
614 3446 760 3499 praesens.
780 3448 868 3500 quare
883 3439 1034 3500 potuerunt
1057 3453 1115 3491 esse
1133 3443 1289 3511 reproban-

136 3501 219 3569 dums
247 3501 278 3553 id
302 3500 342 3551 ita
364 3514 468 3551 verum
494 3505 545 3564 est,
573 3499 598 3550 si
621 3500 656 3552 de
680 3501 780 3552 revel
797 3512 946 3569 praesente
963 3507 1013 3557 vel
1038 3524 1111 3576 quae
1128 3511 1197 3564 fieri
1211 3513 1289 3568 solet

135 3573 186 3629 val
203 3577 307 3642 potest,
325 3569 458 3638 loquitur
475 3568 608 3637 scriptor.
646 3569 688 3622 De
706 3586 739 3622 re
757 3580 864 3638 autem,
892 3591 965 3642 quas
982 3579 1032 3630 vel
1053 3582 1210 3648 praeterita
1234 3593 1286 3650 est,

136 3642 186 3694 vel
213 3658 271 3695 esse
294 3639 378 3692 desiit
403 3640 472 3706 (non
490 3639 569 3691 ultra
587 3639 654 3705 est),
703 3641 845 3695 erfastum
863 3646 1010 3699 commode
1034 3650 1162 3719 ponitur.
1199 3654 1288 3709 Reote

137 3712 240 3786 igitur,
258 3718 292 3763 ut
309 3708 365 3762 hoc
382 3718 457 3777 utar,
476 3709 566 3763 dicas:
593 3709 666 3776 „An
681 3657 783 3776 1dtoici,
806 3712 947 3768 virtutem
965 3718 1057 3770 solum
1085 3729 1222 3777 stonum
1240 3725 1289 3778 bo-

137 3799 208 3835 num
232 3781 434 3847 existimantes,
464 3781 605 3833 virtutem
631 3798 700 3850 prae
724 3782 829 3835 ceteris
847 3786 977 3839 omnibus
1004 3789 1100 3844 colere
1116 3801 1286 3862 pomeranis

137 3852 310 3917 Academici,
327 3860 443 3921 praeter
462 3867 532 3908 eam⁴
542 3850 598 3903 alia
617 3868 730 3922 quoque
747 3852 819 3905 bona
832 3871 895 3908 'esse
915 3858 1119 3928 existimantes,
1147 3865 1294 3921 virtutem.

136 3922 182 3981 his
201 3923 270 3995 ipsis
282 3923 433 3975 ‘anteferre
452 3938 510 3973 non
525 3923 696 3989 potnerunt?
732 3922 868 3978 Ceterum
884 3925 992 3983 habent
1012 3939 1146 3999 poterunt
1165 3927 1309 4004 quatuor

138 3994 206 4049 oxx.
231 3994 315 4046 Vind.
335 3996 361 4047 1.
385 3992 473 4045 Rehd.
498 3991 572 4045 Gud.
595 3992 682 4046 Marb.
707 3992 783 4051 Mon.
803 4001 827 4052 1.
847 3997 873 4053 Ἰ.
897 3997 969 4053 Edd.
988 4003 1017 4054 P.
1037 4005 1070 4056 L.
1096 4005 1188 4064 Gebh,
1213 4006 1286 4063 1211.

137 4065 208 4118 Ern.
229 4082 308 4134 seqq.
329 4070 450 4132 excepto
469 4061 618 4120 Schiitzio.
654 4065 715 4122 Mr.
841 4116 845 4121 ,

208 4135 293 4187 Illius
319 4131 436 4199 epistota
462 4133 555 4198 fertur
573 4129 618 4186 bis
634 4134 736 4202 verbis]
772 4137 835 4190 Vid.
861 4139 1013 4195 Ruhnken.
1040 4145 1075 4197 ad
1098 4146 1231 4218 Xenoph.
1251 4151 1293 4205 M.

137 4204 165 4258 S.
186 4206 208 4257 1.
226 4207 255 4260 3.
274 4205 300 4259 ὅ.
320 4220 348 4272 Ρ.
368 4205 429 4261 296.
450 4203 493 4257 ed.
505 4201 640 4285 §chneid
660 4206 883 4274 etValckenaer.
904 4213 939 4265 ad
957 4213 1040 4268 eund.
1059 4215 1167 4271 locum.
1187 4223 1288 4301 pant.

136 4275 180 4328 e'd.
201 4272 336 4328 Schneid.
356 4273 452 4326 Aliam
472 4273 630 4344 epistolam,
650 4293 734 4346 quam
752 4276 923 4346 Anacharsis
941 4283 977 4336 ad
986 4284 1123 4339 Croesum
1141 4292 1290 4361 scripsisse

136 4346 243 4410 femur,
270 4341 356 4396 habes
382 4343 457 4414 apud
473 4344 556 4418 Diog.
577 4345 673 4399 Lairt.
692 4349 714 4401 1.
737 4347 831 4422 Ssgm.
853 4355 912 4408 1⁰5.
929 4354 1094 4421 „Genuinas
1117 4358 1204 4415 hasce
1225 4373 1290 4417 -ssta
