2856 5084
138 275 202 341 aas
335 240 566 337 cronuoms
587 229 835 337 nuscumn.
856 269 1088 338 nissum.

141 459 213 504 essa
234 447 343 503 morta
363 437 563 512 multandos,
584 436 683 522 quod,
706 439 966 518 quum=civitate
988 438 1192 520 expellerent
1202 439 1295 504 Her·
1326 479 1329 484 -

140 521 327 600 modorum,
350 522 397 585 ita
412 523 522 584 locuti
542 523 626 587 sinte
658 523 756 584 Nemo
779 521 818 582 de
837 520 931 584 nobis
952 538 1034 584 unos
1055 521 1207 587 excellotx
1241 527 1295 587 sin

138 710 264 765 Verbum
282 708 324 762 ait
342 710 374 763 in
392 707 446 760 Ed.
466 711 493 765 2.
512 707 623 762 delevit
641 707 730 761 Dant
762 707 892 762 deletum
915 709 1054 778 probabat
1079 709 1169 776 Ern.;
1197 729 1296 782 nequa

93 778 96 783 ’
139 782 304 851 quisquam,
324 780 437 853 opinor,
456 778 513 832 hoc
530 780 664 841 verbum,
682 780 708 831 si
726 779 846 844 abesset,
871 776 1055 834 desideraret.
1092 779 1147 833 Sed
1171 784 1224 851 qui
1249 784 1294 836 αλλ

137 853 214 907 ferri
231 867 314 922 posse
332 859 463 926 negaret,
482 851 592 903 nimius
612 858 697 911 esset,
715 867 810 919 neque
825 852 1001 920 optimorum
1013 851 1191 922 scriptorum
1206 871 1294 907 usum

138 923 314 992 respicerett
334 922 369 976 de
388 937 444 992 quo
463 921 522 975 vid.
537 920 691 975 Ruhnken.
711 921 746 974 ad
763 921 854 978 Rutil.
875 922 947 993 Imp.
959 923 981 974 l.
1000 923 1026 978 ὅ.
1046 940 1073 993 p.
1089 927 1132 978 ld.
1153 922 1293 978 Ochsner.

138 995 175 1049 ad
194 993 254 1047 cic.
274 992 378 1069 Eclog.
399 1010 429 1063 p.
448 994 511 1048 379.
530 993 580 1045 ubi
598 992 751 1046 consimile
776 1000 819 1045 est
843 992 1008 1064 exemplum
1032 996 1150 1048 excat.
1175 996 1243 1061 maj.
1255 1000 1289 1052 3:

143 1064 333 1120 Themistoclea
358 1064 445 1128 Ῑινίαν
467 1061 592 1130 Seriphio
619 1063 724 1115 cuidam
744 1072 779 1100 -’
796 1064 966 1130 respondisse
985 1097 1016 1108 -
1038 1087 1087 1118 —.·
1119 1065 1188 1130 Nec,
1213 1067 1290 1119 Her·

139 1138 208 1202 cole,
240 1134 369 1202 inquit,
402 1133 429 1186 si
451 1149 503 1200 ego
526 1133 669 1201 scriptiis
696 1148 777 1187 essem
801 1139 851 1190 cet.
890 1136 1044 1189 Commode
1068 1144 1167 1189 monet
1189 1137 1288 1190 lliihn.

139 1207 183 1260 cit
197 1205 265 1259 'dici
281 1204 311 1257 b.
330 1204 363 1270 1.‚
388 1220 448 1258 non
470 1205 570 1273 inquit,
601 1205 670 1274 quia
693 1205 824 1257 oratione
846 1204 976 1276 obliqua,
1005 1223 1065 1259 non
1088 1216 1169 1261 recta
1192 1211 1289 1262 refert

140 1277 244 1332 Cicero
262 1277 408 1329 Heracliti
426 1276 546 1344 dictum,
575 1274 730 1345 laudatque
752 1274 855 1329 chsn.
881 1276 916 1329 ad
934 1275 994 1330 cic.
1013 1277 1078 1331 Ecl·
1097 1295 1126 1347 p.
1146 1282 1206 1334 116.
1235 1281 1288 1348 qui
1319 1321 1321 1324 .

139 1349 221 1404 locus
239 1356 283 1401 est
300 1346 353 1399 Ed.
372 1350 400 1402 3.
418 1364 447 1417 Ρ.
470 1350 529 1404 139.
567 1347 624 1401 Mr.

212 1417 362 1473 Universos
379 1416 421 1470 au
438 1417 583 1486 Ephesios]
619 1417 675 1471 Dio
699 1434 766 1471 enea
784 1418 916 1472 Laertius
939 1419 989 1472 lib.
1009 1419 1056 1471 tx.
1076 1418 1097 1483 §.
1117 1422 1144 1476 2.
1170 1422 1289 1474 Καθάπ-

138 1507 212 1544 τεται
233 1487 267 1541 δὲ
290 1487 479 1561 (Ἡράκλειτος)
508 1493 554 1542 καί
578 1495 636 1540 τεῒν
658 1489 665 1509 '
686 1495 797 1558 φεσίων,
822 1488 867 1542 ἐντί
890 1495 929 1554 τό
960 1492 1007 1544 τὸν
1030 1487 1140 1560 ἑταῖρον
1168 1489 1291 1560 ἐκβαλεῖν,

136 1555 330 1630 Ἑρμόδωρον·
363 1556 392 1612 ἐν
409 1551 450 1618 οἷς
468 1572 562 1631 φησιν,
582 1560 661 1620 ἄξιον
675 1558 812 1628 Ἐφεσίοις
834 1555 941 1629 ἡβηδόν
959 1560 1114 1615 ἀποθανεῖν
1135 1569 1217 1626 ποῖαι,
1242 1559 1296 1619 καλ

137 1637 197 1691 τοῖς
212 1633 324 1699 δνιίβοις
340 1633 390 1697 τὴν
406 1631 488 1683 πόλιν
505 1632 671 1697 καταλιπεῖν,
694 1635 807 1693 οἵτινες
824 1630 1001 1702 Ἑρμόδωρον
1025 1630 1130 1686 ἑαυτῶν
1157 1633 1290 1701 όνηϊστόν

138 1700 274 1772 ἐξέβαλον,
297 1701 434 1787 λόγοντερρ
450 1695 561 1774 Ἡμέων
582 1699 654 1771 μηδὲ
674 1697 713 1759 εἰς
735 1699 858 1768 ὀνηϊστός
877 1702 961 1754 ἔστω·
995 1704 1021 1755 εἰ
1041 1704 1074 1757 δέ
1097 1723 1135 1764 τις
1154 1709 1288 1770 τοιοῦτος,

137 1776 202 1841 ἄλλῃ
221 1792 250 1827 τε
268 1775 312 1824 καί
329 1769 386 1842 μετ’
406 1775 503 1826 αλλων.
532 1773 582 1837 lis,
601 1786 673 1842 quos
691 1773 821 1825 laudavit
839 1774 993 1866 Manapin&
1012 1774 1133 1828 addatur
1151 1775 1288 1832 Stobaeus

138 1844 232 1899 Serm.
239 1843 390 1897 XXXVIII.
404 1860 470 1918 pag.
486 1845 546 1900 236.
569 1840 627 1913 Ἐφ’
639 1835 660 1909 ᾧ
671 1842 861 1915 (Ἑρμοδώρφ)
871 1847 917 1897 καὶ
926 1847 1102 1915 Ηράκλειτος,
1122 1841 1165 1899 ὅτι
1174 1846 1287 1916 ἔφυγεν,

137 1914 243 1984 ἡβηδόν
260 1911 380 1969 ἐκέλευεν
394 1913 531 1984 Ἐφεσίοις
547 1915 731 1981 ἀπάγξασθαι.
769 1914 829 1968 Hac
856 1917 890 1969 de
916 1933 949 1969 re
967 1924 1123 1985 corruptus
1149 1926 1191 1971 est
1210 1919 1288 1972 Iam·

136 1986 230 2040 blichi
248 1986 340 2049 locus,
358 1984 445 2055 quem
464 1988 584 2048 frustra,
603 1985 678 2036 sicut
695 1991 776 2055 puto,
796 1994 945 2040 tentarunt
967 1987 1027 2038 alii.
1065 1988 1094 2041 ls
1118 1988 1160 2040 sic
1183 2006 1213 2044 se
1235 1988 1288 2043 lra-

135 2057 186 2110 bet
210 2057 263 2110 vit.
287 2054 373 2125 Pyth.
398 2054 420 2122 ἕ.
442 2059 503 2112 173.
532 2056 583 2107 ubi
608 2054 741 2122 loquitur
766 2055 801 2109 de
827 2057 1054 2131 [legislatoribus
1079 2057 1285 2135 Pythagoreis:

138 2125 177 2179 Οὔ
194 2130 259 2196 γάρ,
277 2128 399 2196 καθάπερ
417 2122 595 2199 Ἡράκλειτος,
612 2125 733 2192 γράψειν
749 2127 881 2193 Ἐφεσίοις
904 2126 957 2195 ἔφη
979 2124 1041 2189 τοὺς
1059 2135 1169 2196 νόμους,
1198 2128 1288 2198 dody-

138 2199 239 2259 ξασθαι
256 2195 319 2258 τοὺς
336 2203 447 2265 πολίτας
464 2193 569 2266 ἡβηδόν
593 2199 724 2255 κελεύσας.
760 2196 832 2249 Mihi
860 2197 1077 2252 rescribendum
1101 2194 1228 2267 uidetur,
1252 2203 1288 2255 οδ

136 2263 201 2338 μα’ρ,
220 2264 352 2338 καθάπερ·
364 2261 669 2338 Ἡράκλειτοςγρᾶψειν
687 2269 815 2336 Ἐφεσίοις
834 2269 888 2336 ἔφη
906 2265 969 2328 τοὺς
979 2275 1089 2334 νόμους,
1108 2266 1289 2341 ἀπάρξασθαι

137 2343 201 2401 τούς
221 2343 332 2402 πολίτας
354 2339 462 2408 ἡβηδόν
479 2336 636 2392 ἐκέλευσαν.
673 2339 793 2391 Mutatio
817 2339 896 2392 certe
923 2341 1045 2394 minima
1070 2342 1105 2392 fit
1133 2351 1163 2394 et
1189 2361 1288 2396 sensus

138 2413 257 2486 exurgit
274 2409 451 2464 commodus.
469 2409 512 2464 De
530 2425 563 2463 re
579 2410 643 2478 ipsa
654 2407 727 2461 'vide
744 2409 931 2463 Aristotelem
950 2412 1166 2482 Polit.4111,13‚
1186 2419 1229 2469 17.
1248 2414 1287 2467 D.

209 2516 268 2554 esse
290 2505 373 2554 morte
394 2496 568 2563 multandos}
611 2495 680 2546 Esse
706 2497 846 2550 ornittunt
871 2499 958 2552 Codd.
991 2499 1065 2556 Gud.
1094 2501 1179 2554 Vind.
1205 2508 1229 2558 1.
1258 2511 1289 2558 et

138 2588 212 2625 unus
231 2571 281 2626 Ox.
309 2571 345 2623 ln
362 2571 438 2624 Mon.
459 2571 482 2622 1.
512 2567 655 2636 scriptum
679 2574 723 2620 est
746 2569 839 2621 forma
864 2571 961 2623 minus
988 2573 1094 2625 usitata
1112 2575 1287 2631 mulctandos.

137 2640 220 2694 Idem
238 2658 292 2711 per
314 2641 423 2693 iteum
444 2637 520 2690 Gud.
540 2637 595 2704 qui,
620 2652 674 2704 pro
693 2639 770 2704 qaod,
797 2641 967 2709 quibuscum
995 2645 1188 2696 consentiunt·
1199 2646 1289 2698 etiam

137 2711 194 2765 duo
213 2712 282 2765 Oxx.
334 2717 408 2763 test
425 2723 633 2778 nonnunquam
650 2723 810 2776 pronomen
829 2711 985 2765 relativum
1009 2715 1055 2780 qui
1079 2715 1198 2769 causale.
1236 2715 1288 2768 Sic

137 2779 173 2835 ad
190 2783 299 2836 Famm.
319 2778 391 2832 xv1.
412 2784 437 2835 1.
458 2783 490 2834 1:
509 2792 635 2845 peccasse
653 2778 720 2829 mitt
736 2781 839 2846 videor,
859 2783 916 2849 qui
933 2799 950 2834 σ
968 2789 995 2834 te
1016 2785 1191 2840 discesserim.
1219 2786 1286 2839 Vid.

138 2852 274 2907 Goolenii
292 2851 367 2908 Obss,
387 2849 418 2903 L.
438 2850 470 2902 L.
490 2867 519 2919 p.
541 2852 600 2904 192.
629 2851 663 2901 ln
682 2848 748 2902 God.
769 2852 868 2905 Duiab.
889 2861 932 2906 est
950 2869 999 2920 quo
1017 2872 1071 2924 pro
1082 2857 1156 2924 ρνοό.
1178 2856 1286 2913 Gudl.

139 2924 256 2978 omittit
272 2936 361 2989 αυνοις
380 2919 465 2972 vind.
487 2924 511 2974 1.
531 2921 631 2992 pergit
649 2937 663 2972 e
680 2921 801 2974 ωὐίίαίτ.
821 2923 865 2976 Ad
882 2941 910 2976 τ.
930 2925 1286 2982 HermodoremFAWolf.

129 2995 171 3047 in
195 2992 320 3048 scholis:
353 2991 494 3057 ,,οαανατα
524 2991 633 3066 (legum
653 2990 714 3044 XII.
746 2993 920 3058 tabularum)
956 2996 1124 3060 ferendorum
1152 3005 1289 3050 uectorem

124 3063 224 3131 [ξαίνει
247 3060 405 3116 decemviris
429 3062 619 3115 Hermodorum
645 3062 772 3131 quendam
794 3062 945 3131 Ephesium,
969 3066 1117 3117 exulantem
1140 3066 1289 3134 ίο·1ίαίι”ο,

137 3132 243 3200 quidam
269 3134 424 3186 retulerunt.
463 3134 634 3200 Pomponius
666 3133 701 3186 de
729 3132 808 3210 θεὶς.
834 3135 928 3188 Iuris:
959 3132 1070 3208 Digest.
1094 3137 1118 3200 1,
1142 3138 1168 3191 2.
1195 3140 1221 3191 3.
1247 3142 1289 3191 cf.

137 3202 212 3259 Plin.
241 3202 276 3256 H.
295 3204 331 3256 N.
350 3205 394 3267 34,
413 3199 463 3258 5.“
497 3203 559 3256 lam
586 3220 614 3256 v.
634 3205 667 3255 X.
688 3204 719 3257 G.
737 3203 771 3256 E.
797 3203 932 3258 Lelidvre
955 3204 1145 3259 Commentat.
1172 3204 1206 3258 de
1231 3208 1290 3262 Le-

138 3290 209 3350 gum
226 3273 290 3327 ΧΠ.
310 3272 397 3327 Tabb.
417 3273 513 3326 Patria
536 3273 678 3338 (lovanii,
698 3274 774 3329 182⁷.
794 3273 834 3340 4.)
851 3292 879 3345 p.
900 3276 941 3329 17.
979 3275 1036 3329 Mr.
1089 3340 1090 3343 Ἴ

177 3406 180 3412 ,
208 3344 254 3397 lto
272 3341 357 3397 locuti
375 3344 445 3411 sint]
482 3343 532 3398 Sic
548 3343 619 3418 Reg.
648 3340 829 3419 Vulgo‘eunt.
865 3343 901 3397 D.

162 3477 164 3481 ,
206 3430 249 3487 tta
267 3429 352 3485 locuti
368 3429 434 3496 aiot]
472 3430 587 3497 „Recte
606 3431 676 3486 Dav.
701 3431 756 3483 sint
776 3447 832 3502 pro
857 3431 973 3508 vulgata
987 3439 1068 3490 sont.
1104 3435 1144 3488 Et
1171 3437 1213 3489 ita
1231 3441 1287 3493 ali.

138 3511 208 3573 quot
237 3502 337 3557 MSS.‘·
364 3501 450 3557 Βοαίι.
494 3502 586 3556 Nemo
615 3510 682 3559 ante
708 3501 777 3554 Dav.
806 3500 886 3556 dedit
907 3502 972 3567 sint,
1001 3520 1086 3558 namo
1119 3514 1185 3574 post
1220 3525 1285 3569 eum

138 3578 217 3639 sont,
247 3575 303 3628 nisi
337 3574 440 3643 quibus
472 3592 488 3626 a
521 3571 649 3626 Gruterc
686 3572 824 3626 recedere
857 3571 963 3648 religio
978 3580 980 3585 ⁴
994 3575 1062 3626 suit.
1107 3576 1148 3628 Et
1179 3578 1287 3634 habent

136 3643 217 3767 {cinth
232 3653 350 3768 prppter
371 3644 440 3720 Reg.
463 3651 539 3703 teste
562 3641 647 3708 Dan,
672 3641 744 3698 Gau
767 3646 792 3696 1.
820 3640 868 3705 (ex
891 3658 967 3699 corr.
993 3644 1083 3702 eiusd.
1109 3648 1162 3713 m.)
1193 3648 1284 3706 Rehd.

167 3731 226 3768 ar.
255 3747 261 3756 ·
298 3733 319 3770 r.
664 3730 667 3734 ’

56 3846 58 3850 ,
210 3785 295 3840 Nemo
313 3787 347 3841 de
371 3783 448 3837 nobis
469 3800 537 3837 αονε
561 3780 692 3846 excellat]
729 3781 866 3846 „Graeca
889 3784 989 3850 verba,
1020 3803 1094 3853 quae
1118 3789 1285 3847 Heraclitus

137 3859 348 3926 pronuntiavit,
374 3854 478 3908 recitat
502 3853 603 3909 Strabo
629 3853 680 3904 lib.
706 3850 777 3906 xlv,
822 3853 895 3906 Cum
922 3857 1000 3909 enim
1024 3856 1167 3927 Ephesios
1194 3862 1286 3915 claros

132 3926 223 3981 'viros
242 3933 421 3988 numeraret,
458 3943 476 3977 n
498 3928 554 3979 uit:
583 3925 631 3976 καί
654 3926 711 3976 τῶν
733 3927 856 3993 παλαιῶν
879 3921 1045 3996 Ἡράκλειτός
1063 3946 1092 3982 τε
1119 3932 1287 3995 ὁσκοτεινός

136 4001 315 4071 καλούμενος,
334 3997 381 4048 καὶ
396 3944 581 4066 Ἑρμόδωρος,
600 3997 662 4062 περὶ
681 3986 715 4046 οὗ
734 3991 815 4055 αὐτὸς
833 3990 913 4057 οὗτός
931 4008 1027 4067 φησιν·
1052 3993 1130 4058 ἄξιον
1154 4004 1287 4073 Ἐφεσίοις

136 4068 244 4137 ἡβηδὸν
261 4067 447 4135 ἀπάγξασθαι,
476 4069 589 4124 οἵτινες
605 4064 784 4136 Ἑρμόδωρον
808 4066 895 4139 ἄνδρα
920 4066 1021 4123 ἑαυτῶν
1048 4071 1177 4138 ὀνήϊστον
1195 4072 1287 4142 ἐξέβα-

139 4140 199 4205 λον,
226 4133 340 4210 φάντες·
364 4134 458 4205 ἡμέων
481 4134 571 4197 οὐδεὶς
594 4135 721 4206 ὀνήϊστος
746 4137 832 4192 ἔστω·
859 4159 881 4194 ει
902 4139 933 4192 δε
950 4159 1001 4209 μη,
1026 4134 1090 4208 ἄλλῃ
1114 4160 1142 4196 τε
1165 4144 1210 4196 καὶ
1228 4147 1286 4213 μετ’

137 4202 235 4260 ἄλλων.
262 4208 371 4260 Eadem
389 4210 453 4263 fere
476 4208 618 4283 leguntur
635 4209 667 4260 in
691 4208 751 4264 vita
769 4209 913 4264 Heracliti
932 4211 1007 4280 apud
1025 4212 1205 4267 La'e'rtiurn.“
1231 4217 1286 4271 Vt-

33 4315 37 4320 ·
136 4275 247 4331 storius.

208 4373 290 4427 Nemo
313 4376 346 4430 de
368 4378 446 4432 nobis
467 4393 534 4433 αααε
552 4379 687 4445 ᾗτεειίίαί]
725 4377 769 4431 Ad
791 4395 854 4432 rem
877 4381 914 4432 cf.
940 4379 973 4434 A.
993 4379 1109 4436 schotti
1135 4382 1285 4459 Adagialia
1315 4354 1319 4361 Ι
