2856 5084
519 231 649 340 mum
673 275 721 358 v,
741 275 866 344 aare.
1121 371 1124 377 ,
1218 277 1281 347 1³⁷

131 463 217 522 mus,
245 443 338 506 omni
365 439 460 504 cultu
495 450 529 505 et
558 445 652 506 victu
679 436 825 506 humano
853 436 1005 508 carebat:
1041 441 1176 509 vivebat
1203 463 1279 508 cum

132 526 296 614 fugitivis,
318 544 401 588 cum·
415 527 622 605 facinorosis,
644 545 720 590 cum
741 526 911 587 barbaris:
934 527 1111 605 neminem,
1136 528 1193 610 qui
1220 535 1281 589 aut

132 610 287 682 libertate
313 608 434 694 dignus
463 617 561 687 esset,
590 618 650 672 aut
679 608 784 696 rellet
815 610 950 671 omnino
983 608 1071 672 liber
1092 628 1174 690 esse,
1214 611 1280 674 sibi

130 692 273 753 amicum
295 693 534 754 arbitrabatur.

84 786 87 793 ⁴
216 774 295 835 Non
324 795 386 861 ego
418 777 483 835 iam
505 793 581 837 cum
608 773 708 834 huius
733 774 816 851 vita,
844 793 909 856 qua
935 777 1086 846 taetrius,
1115 775 1281 852 miserius,
1302 775 1344 840 23

130 854 358 919 detestabilius
380 859 570 943 excogitare
591 856 676 917 nihil
696 875 838 937 possum,
862 858 1009 919 Platonis
1033 865 1091 918 aut
1111 857 1279 937 Archytae
1296 859 1341 914 64.

129 941 236 1001 vitam
255 941 464 1022 comparabo,
480 940 656 1001 doctorum
670 937 841 1002 hominum
856 949 888 1001 ot
902 941 997 1021 plane
1009 941 1225 1021 sapientium:
1242 957 1283 1001 ex

132 1020 246 1083 eadem
258 1022 343 1085 urbe
354 1021 515 1084 humilem
529 1021 767 1084 homunculum
782 1041 802 1084 a
815 1023 954 1103 pulvere
967 1029 1000 1083 et
1011 1021 1107 1085 radio
1121 1021 1342 1130 excitabosttg⁴
1356 1051 1366 1069 ·

132 1228 265 1294 Attium,
281 1233 365 1297 poeto
383 1227 561 1281 durissimae.
596 1227 730 1283 Ubi'vid.
751 1228 839 1281 Orell.
856 1259 890 1271 -
915 1229 1038 1302 Legitur
1056 1229 1088 1290 in
1106 1227 1173 1282 Cod.
1192 1218 1283 1282 Rehd.

133 1300 252 1375 egregia
270 1299 382 1352 scilicet
400 1301 592 1354 correctione:
615 1300 737 1352 tenuta
755 1316 798 1352 me
816 1300 953 1368 delectant
972 1317 1041 1353 meo.
1062 1300 1135 1353 Gu'd.
1156 1301 1180 1354 2.
1200 1297 1283 1352 babet

135 1377 237 1424 tetro.
279 1370 521 1424 Tooedelectant
540 1387 609 1426 mea.
639 1369 749 1423 seda.
768 1371 868 1445 Pergit
885 1373 959 1423 Mon.
981 1375 1004 1425 l.
1024 1377 1055 1424 ut
1073 1370 1283 1493 odgoniaioo
1323 1435 1325 1440 Ι

118 1441 309 1504 redderetur·
328 1439 417 1492 Rehd.
438 1440 548 1494 omittit
565 1447 604 1504 ut,
618 1441 654 1493 ‘et
672 1457 739 1492 mox
756 1438 885 1496 humano.
914 1441 1014 1494 Priora
1030 1458 1100 1496 vero
1140 1442 1211 1494 uisb.
1231 1442 1281 1494 sic.

132 1529 176 1565 me
193 1527 254 1563 meo
273 1517 300 1564 te
318 1511 456 1564 delectant
475 1519 537 1576 too3
564 1511 655 1564 idem:
685 1512 761 1565 omni
778 1514 854 1565 cultu
872 1512 990 1566 humano
1012 1518 1038 1565 et
1063 1512 1136 1567 victu
1155 1513 1284 1576 careban

131 1584 206 1636 Mon.
219 1587 243 1637 1.
263 1583 378 1647 carebit,
398 1583 500 1635 omisso
517 1583 651 1653 proximo
670 1582 779 1635 vivebat
798 1601 865 1636 cum
882 1585 988 1637 duobus
1004 1584 1073 1637 Oxx.
1093 1585 1178 1637 Marb.
1198 1583 1285 1637 habet

133 1671 200 1707 cum
218 1653 328 1708 Gudt.
348 1658 380 1706 et
398 1653 512 1706 vivebat.
531 1654 615 1705 Vind.
637 1657 661 1708 1.
681 1655 742 1706 eum
760 1655 917 1721 furtivis.
947 1655 1074 1724 Sequens
1092 1672 1154 1707 cum
1172 1655 1284 1708 omittit

132 1744 206 1778 unus
234 1725 283 1776 Ox.
312 1724 379 1778 cod.
406 1726 478 1799 neg.
505 1723 698 1793 facinerosis.
744 1728 810 1778 Mox
835 1726 901 1778 Cod.
925 1726 1008 1779 Vind.
1031 1730 1055 1781 l.
1084 1727 1194 1780 omittit
1217 1731 1283 1778 aot:
1355 1763 1359 1773 .

132 1799 209 1848 Mon.
229 1798 255 1849 2.
276 1813 342 1847 cum
358 1812 415 1848 uno
435 1795 484 1849 Ox.
504 1795 591 1849 habet
609 1800 657 1848 oret
675 1794 734 1864 qui,
758 1796 812 1848 duo
832 1798 902 1851 Oxx.
927 1797 1063 1850 neminem
1091 1804 1203 1850 autem
1226 1794 1283 1865 qui.

132 1867 210 1919 Tum
229 1866 302 1918 Gud.
322 1865 425 1935 dignus
444 1873 531 1920 erat.
568 1869 696 1941 Pergunt
714 1867 769 1920 duo
783 1868 851 1922 Oxx.
872 1884 912 1920 oc
929 1871 1018 1924 uellet.
1040 1869 1112 1922 Gud.
1127 1872 1154 1924 2.
1174 1866 1285 1921 omittit

133 1937 223 1990 vellet.
243 1939 319 1989 Mon.
338 1940 364 1992 2.
384 1939 482 2014 pergit
501 1938 573 1990 liber
591 1937 703 1992 omnino
721 1954 792 1992 erre.
812 1939 896 1992 Vind.
916 1944 941 1995 l.
968 1939 1012 1993 rio
1029 1956 1083 2011 pro
1101 1939 1166 1993 ribi.
1183 1938 1284 1994 Duisb.

132 2009 253 2062 amicum
276 2007 339 2063 ribi.
377 2010 437 2063 Mr.

205 2134 230 2169 o.
256 2119 300 2173 23.
343 2115 405 2170 Non
432 2131 490 2182 ego
521 2115 580 2170 c'om
612 2131 674 2170 cum
704 2113 788 2186 boine
809 2116 888 2184 cito]
930 2117 1002 2182 „lta
1027 2113 1101 2180 (non
1119 2133 1187 2172 cum
1203 2115 1286 2193 vulg.

134 2186 214 2255 ergo)
235 2187 347 2257 Grypb.
367 2187 442 2240 Vict.
471 2205 560 2257 aeque
583 2189 656 2241 bono
674 2187 789 2242 sensu.“
809 2189 892 2242 Brut.
930 2186 1077 2241 lta‘codd.
1098 2190 1161 2242 fere
1179 2205 1287 2254 omnes,

135 2239 256 2328 excepto
274 2275 331 2312 unc
351 2259 401 2310 Ox.
422 2266 452 2310 et
468 2260 582 2312 Mon.2.
602 2259 707 2326 inquo
727 2268 769 2310 est
787 2243 817 2327 ἓ,
837 2258 913 2329 quod
931 2259 1002 2311 alibi
1026 2269 1068 2311 est
1086 2259 1288 2382 comqendium

134 2330 214 2382 vocis
232 2345 309 2397 ergo.
347 2329 460 2380 Habent
478 2345 531 2396 ego
549 2328 620 2380 Edd.
639 2329 673 2380 V.
683 2329 714 2382 G.
729 2330 827 2382 Herm.
850 2331 925 2384 1534.
948 2337 977 2382 et
995 2331 1074 2384 154⁰.
1096 2330 1155 2382 Geb
1179 2370 1185 2384 .
1206 2345 1287 2398 seqq.

135 2402 264 2467 itemque
283 2416 374 2482 marg.
393 2399 507 2451 Lambb.
528 2407 557 2451 et
576 2399 664 2452 Goth.
701 2400 736 2451 ln
753 2402 828 2452 Mon.
849 2404 874 2454 1.
902 2408 944 2452 est
962 2416 1024 2452 rtem
1040 2416 1094 2470 pro
1112 2400 1183 2464 tom,
1202 2417 1289 2469 quam

135 2487 237 2522 vocem
262 2470 372 2521 omittit
396 2487 477 2520 unus
496 2471 547 2524 Ox,
584 2471 650 2522 Mox
675 2468 747 2521 alius
774 2488 840 2523 cum
864 2473 938 2522 Mon.
959 2476 982 2526 l.
1009 2487 1063 2540 quo
1086 2471 1195 2535 tetrico,
1225 2485 1288 2540 quo

136 2539 278 2604 mimica,
298 2539 427 2592 aliusOx.
449 2555 504 2608 qua
518 2540 628 2604 tetrius,
648 2540 822 2607 deterius,
841 2540 992 2605 micerium
1012 2561 1085 2595 uuus
1098 2544 1249 2595 cumidem
1260 2542 1286 2596 2.

137 2609 302 2674 Ambitur,
322 2610 394 2663 alius
413 2609 548 2663 Archite
565 2610 646 2663 vite.
667 2611 740 2664 Gud.
764 2617 786 2666 l.
808 2610 948 2682 Archytae
966 2612 1041 2666 ot'toe
1059 2613 1154 2676 uitam,
1174 2611 1286 2668 (tuat.

139 2680 253 2734 Archite
270 2697 341 2734 com
357 2679 513 2748 pontello
527 2682 679 2736 doctorum.
700 2683 765 2737 Cod.
786 2687 860 2736 Mon.
881 2688 905 2738 1.
933 2683 1019 2736 habet
1048 2691 1107 2737 aut
1136 2685 1288 2745 doctorum.

135 2755 217 2806 Unus
237 2754 285 2805 Ox.
306 2753 416 2804 omittit
434 2750 583 2817 hominum,
603 2754 676 2804 alius
692 2753 780 2807 habet
798 2769 866 2806 eone
883 2772 936 2824 pro
952 2756 1044 2822 plone.
1077 2756 1158 2807 ldem
1177 2754 1290 2809 omittit

136 2823 276 2876 humilem.
296 2824 370 2875 Gud.
397 2823 483 2876 habet
504 2826 682 2894 sapientum.
711 2823 800 2880 Rehd.
829 2825 896 2878 orde
921 2823 1103 2892 homoinem,
1126 2843 1212 2895 supra
1234 2825 1312 2900 lin.-

134 2904 168 2946 ut
192 2910 251 2946 nos.
289 2895 360 2946 Mr.
1128 2910 1132 2932 ’-

134 2982 347 3112 XIVngqilem
372 2969 579 3048 homunculum]
615 2982 657 3037 De
685 2981 859 3038 Archimede
887 2985 928 3037 sic
951 2980 1037 3036 e‘tiam
1066 2962 1157 3038 silias
1172 2981 1291 3042 Italicus

200 3091 209 3122 ,
290 3090 297 3104 .

304 3141 360 3197 Vir
382 3138 618 3210 fuit'Istb‘mt'ocie
643 3144 726 3198 decue
743 3143 902 3196 immortale
924 3142 1042 3211 colonia,

198 3281 203 3285 q
303 3213 421 3280 Ingenio
438 3214 524 3279 focile
542 3221 606 3267 onte
625 3231 718 3267 omnes
742 3215 854 3269 telluris
873 3215 1008 3279 alumnos,

302 3284 402 3338 Nudus
421 3302 517 3356 opum,
542 3285 592 3338 sed
610 3287 655 3339 cui
678 3286 952 3354 coelum-terraeque
968 3292 1106 3354 paterent.

136 3372 272 3433 Attamen
290 3373 392 3445 Ἱέρωνι
409 3380 449 3438 τῷ
464 3376 573 3444 βασιλεῖ
587 3374 718 3442 συγγενής
736 3371 771 3442 ἦν
788 3374 835 3428 καὶ
852 3376 939 3444 φίλος,
961 3383 995 3426 ut
1013 3375 1103 3428 tradit
1114 3373 1292 3429 >Plutarchus

137 3447 169 3496 in
188 3446 324 3498 Marcelio
342 3464 370 3515 p.
389 3447 452 3500 ³⁰5.
489 3446 528 3497 D.
1135 3449 1139 3455 “

208 3532 340 3587 humilem
364 3531 575 3598 coniunctum]
613 3534 678 3599 „ct
697 3534 807 3586 Harles.
828 3532 861 3586 ad
883 3533 994 3586 Fabric.
1017 3533 1092 3585 Bibl.
1115 3534 1217 3586 Graec.
1242 3534 1291 3587 lV.

136 3621 166 3671 p.
187 3607 247 3658 171.
275 3607 334 3660 172,
360 3615 418 3657 not.
439 3609 464 3660 ⁴2.
504 3604 548 3657 Ad
573 3622 601 3654 v.
619 3608 732 3672 pulvere
758 3605 816 3656 vid.
841 3604 1041 3657 Kindervater.
1068 3605 1102 3656 ad
1119 3605 1178 3658 cic.
1199 3605 1234 3656 de
1252 3607 1290 3661 N.

137 3674 163 3724 D
193 3673 232 3723 11.
255 3677 350 3743 18.·p.
373 3676 454 3732 155.“
483 3673 598 3730 Sobocb.
636 3679 690 3729 Pro
711 3683 776 3742 poet
801 3675 857 3740 fuit
877 3675 943 3730 θοὰ.
964 3677 1038 3727 Mon.
1060 3680 1084 3730 l.
1105 3695 1170 3729 cum
1189 3676 1241 3728 Ed.
1261 3679 1291 3729 P.

136 3743 224 3795 habet
242 3744 296 3808 fuit
312 3751 383 3811 post.
421 3747 455 3796 ln
474 3746 540 3799 Cod.
559 3745 649 3799 Rehd.
675 3754 717 3810 est
737 3753 799 3816 poet
817 3744 1010 3799 Archimedem
1032 3745 1097 3813 fuit.
1136 3749 1238 3799 Exstat
1257 3746 1292 3800 de

136 3814 194 3866 hoc
212 3821 283 3878 toto,
315 3815 366 3882 qui
392 3816 532 3884 sequitur,
559 3818 624 3869 loco
643 3818 852 3871 Commentatio
871 3817 1037 3892 Fraguierii
1057 3818 1103 3868 iu:
1137 3815 1293 3869 Memor'reo

137 3885 173 3938 de
204 3882 377 3945 Litterotore
409 3887 481 3938 tirea
512 3889 562 3940 dee
596 3889 721 3956 regitrea
758 3890 792 3940 de
826 3887 996 3941 l’Acodemie
1023 3889 1073 3940 dec
1102 3885 1292 3953 inscriptione

137 3957 172 4008 Τ.
188 3956 240 4008 111.
283 3959 464 4012 ..eos—413.
485 3957 527 4008 ed.
548 3957 637 4010 Amst.
659 3977 745 4028 quam
762 3960 848 4012 habes
865 3958 1038 4025 Germanice
1058 3970 1225 4008 conversam
1243 3958 1291 4010 int

138 3973 331 4079 Ausfiihrl.
358 4025 551 4079 Schriften
577 4030 604 4080 d.
624 4029 655 4082 k.
674 4029 778 4083 Acad.
807 4030 832 4080 d.
860 4027 997 4085 Inschr.
1021 4045 1045 4079 a.
1066 4027 1291 4080 d.Frz.v.11.

137 4097 172 4148 A.
192 4101 225 4149 V.
245 4097 527 4152 Gottschedinn.
547 4100 580 4150 T.
601 4100 638 4152 11.
659 4117 688 4168 p.
708 4101 870 4154 teo-453.
891 4100 934 4151 Cf.
954 4098 1080 4151 Victorii
1097 4099 1179 4149 Varr.
1199 4098 1292 4154 Lectt.

137 4170 172 4221 X.
192 4171 235 4225 23.
253 4188 282 4238 p.
303 4173 362 4224 251.
383 4187 424 4238 sq.
450 4169 516 4221 (iod.
536 4170 622 4226 Marb.
640 4165 727 4222 habet
745 4167 974 4223 Archemo'dem.
1012 4171 1073 4222 Mr.

209 4256 237 4309 A
260 4259 373 4326 puluere
398 4264 425 4310 et
449 4255 552 4323 radio]
590 4258 799 4310 Mathematieis
825 4260 927 4311 studiis
952 4259 1088 4311 deditum.
1127 4258 1293 4312 Locutionis

139 4328 213 4380 ratio
242 4330 301 4391 est.
323 4330 399 4398 quod
424 4328 524 4382 rudior
547 4329 585 4380 sit
612 4329 847 4395 instrumentum,
876 4346 932 4402 quo
956 4328 1111 4405 geometris
1136 4330 1168 4381 in
1186 4327 1293 4397 mensa,

135 4399 250 4468 puluere
273 4415 434 4470 conspersa,
467 4400 598 4470 σχήματα
624 4419 673 4454 sua
708 4399 879 4468 describere,
913 4402 1001 4455 moris
1027 4409 1097 4455 erat.
1137 4401 1192 4455 Adi
1220 4418 1292 4472 quae
