2856 5084
135 273 179 338 60
338 266 567 332 CICERONIS
588 265 838 332 TUSCULAN.
859 267 1091 333 DISPU'I'AT.
1122 360 1128 371 1

137 436 190 498 sio
200 435 276 499 init.
308 432 401 496 Mihi
410 435 578 496 enimnon
598 432 778 497 videbatur
792 436 965 516 quisquam
979 452 1050 497 esse
1060 434 1176 496 beatus
1190 452 1298 514 posse,

138 517 393 600 quuminmslis
403 525 509 581 ossett
528 518 565 576 in
576 517 672 578 malis
683 521 990 600 autemsopientem
1007 536 1077 578 esse
1088 537 1195 599 posse,
1206 520 1237 579 si
1248 539 1297 581 es-

137 610 212 664 sent
229 601 296 663 ulla
317 601 471 682 corporis
486 607 546 661 aut
564 602 722 671 fortunae
744 601 839 665 mala.
872 600 1079 662 Dicebantur
1097 601 1190 677 haec,
1212 621 1297 683 quae

138 788 211 855 ton]
233 786 366 841 Rhodum
383 787 475 857 prius,
494 784 597 838 deinde
614 785 751 850 Athenas,
779 803 876 840 amore
895 795 925 840 et
943 786 1085 840 desiderio
1110 788 1297 857 antiquarum

136 859 395 924 conversationum,
415 874 483 927 quas
501 858 664 910 adolescens
689 858 720 909 in
737 858 785 909 bis
801 859 873 911 locis
891 858 1039 924 habuerat,
1064 858 1230 913 avidissime
1248 878 1297 914 re-

134 929 215 996 visit,
234 938 370 1000 exceptus
380 946 490 982 summo
499 929 608 982 honore
628 947 695 981 cum
713 947 729 980 a
746 930 931 998 primoribus,
950 937 1013 980 tum
1031 948 1047 981 a
1064 930 1245 1001 philosophis
1265 940 1297 985 et

135 1001 207 1055 disci
228 1000 356 1052 linarum
378 1000 534 1072 magistris,
560 1001 611 1070 qui
635 1000 738 1071 proin
760 1002 819 1052 enii
844 1009 874 1052 et
892 1001 1039 1053 doctrinae
1064 1003 1141 1053 fama
1164 1004 1297 1072 undique

134 1072 170 1126 ad
213 1073 361 1126 iseronem
380 1070 622 1125 concurrebant.“
639 1019 773 1124 Beroaiit
810 1072 872 1124 Vid.
899 1070 967 1123 Fro-
984 1071 1110 1123 Fabricii
1133 1072 1296 1127 Historiam

135 1144 282 1198 Ciceronis
300 1161 329 1212 p.
349 1144 447 1198 loo-
459 1144 519 1196 lot.
539 1142 592 1194 Ed.
612 1142 684 1194 Ern.
705 1143 775 1194 min.
813 1144 868 1195 Pro
892 1143 1060 1195 deuersorer
1082 1144 1170 1196 scribi
1197 1143 1296 1198 diver-

134 1230 216 1269 sarer
233 1216 265 1267 in
283 1213 432 1267 nonnullis
451 1211 536 1265 Codd.
563 1220 592 1264 et
609 1210 681 1265 Edd.
701 1229 787 1267 nemo
814 1213 975 1265 mirabitur.
1015 1212 1135 1266 Probam
1158 1216 1297 1287 scriptio-

135 1280 203 1338 nem
225 1280 312 1338 habet
343 1284 401 1336 iam
423 1284 595 1349 Lambinus,
628 1303 701 1336 unus
726 1285 776 1336 Ox.
804 1286 995 1340 adversarer.
1038 1284 1137 1360 Pergit
1161 1288 1238 1340 Mon.
1267 1292 1294 1343 1.

135 1355 323 1410 dissentio
341 1355 407 1419 fuit.
433 1353 530 1407 Duisb.
551 1355 684 1408 dissensi
691 1372 706 1407 o
723 1354 788 1421 suit.
827 1357 888 1412 Mr.

206 1423 375 1481 Micionem
393 1425 611 1479 concidebatur
638 1427 786 1499 quisquam
810 1443 870 1480 esse
896 1428 992 1480 beatm
1013 1426 1105 1495 posse]
1141 1428 1195 1481 Pro
1215 1428 1295 1499 puis-

134 1513 217 1567 quam
245 1503 287 1550 est
311 1495 372 1563 quis
400 1498 430 1548 in
453 1512 512 1550 uno
535 1496 601 1550 Cod.
622 1497 671 1551 Ox.
693 1498 783 1564 Gud,
812 1500 864 1568 qui
887 1499 987 1572 pergit
1007 1514 1087 1564 posse
1106 1499 1199 1553 beatus
1216 1517 1296 1566 eese3

132 1568 224 1623 Rebd.
242 1567 328 1621 habet
348 1583 479 1638 quoque
498 1569 594 1691 (supra
611 1566 662 1619 lin.
683 1569 858 1636 quemque)
881 1569 1014 1622 beatum
1037 1586 1133 1637 posse3
1159 1571 1244 1626 Vind.
1264 1574 1294 1629 2.

133 1639 194 1709 pais
219 1656 281 1697 esse
302 1654 386 1709 posse
410 1641 512 1695 beatus.
569 1639 640 1696 amb.
666 1640 788 1693 beatus
813 1655 893 1697 esse
916 1656 1007 1707 posse·
1046 1642 1111 1693 Post
1130 1646 1203 1696 esset
1222 1642 1294 1696 eod.

132 1711 208 1765 Mon.
227 1710 253 1767 l.
274 1711 384 1763 omittit
402 1711 446 1775 in3
471 1710 525 1764 duo
545 1711 613 1762 Oxx.
643 1711 783 1763 omittunt
805 1726 888 1778 posse
913 1720 978 1780 post
1001 1727 1060 1764 esse
1085 1712 1188 1766 beatus.
1226 1716 1296 1768 Mox

132 1779 369 1905 Vind.l.h1quet
391 1796 498 1852 posse
524 1797 601 1834 esse
628 1779 701 1834 etsi
719 1787 828 1847 esseat;
851 1799 926 1833 unus
945 1783 995 1835 Ox.
1020 1781 1204 1850 sapientes
1230 1801 1294 1840 esse

156 1858 257 1906 osset.
330 1854 354 1903 r.

129 1869 152 1921 p
203 1925 237 1979 In
255 1920 340 1977 melis
359 1929 450 1976 autem
467 1922 627 1994 sapientem
646 1938 703 1975 esse
718 1920 812 1990 posse]
849 1922 1054 2000 subintelligas
1073 1934 1197 1996 oportet,
1222 1926 1297 1983 mets·

132 1992 294 2063 sisebutum
314 1993 381 2046 adeo
400 2002 433 2045 ut
453 1995 540 2046 ea‘sit
556 1993 613 2046 hoc
631 1993 663 2045 in
680 1993 745 2046 loco
763 1994 899 2062 loquendi
920 1997 1004 2061 ratio,
1024 2015 1110 2065 quun
1128 1998 1294 2083 legitimam

132 2084 192 2120 esse
210 2066 358 2119 docuimus
374 2064 408 2116 ad
425 2065 545 2118 huiusce
563 2064 634 2117 libri
653 2081 684 2116 ca
708 2105 714 2117 .
734 2064 758 2120 5.
794 2064 938 2132 Attamen,
958 2085 995 2119 ne
1014 2068 1083 2135 quid
1102 2068 1292 2136 dissimulem,

131 2137 198 2190 Bak.
226 2146 255 2189 et
272 2134 385 2191 Balliol.
415 2136 562 2202 exhibent,
585 2135 617 2188 in
638 2082 723 2188 meis
748 2142 840 2189 cutem
861 2138 972 2207 sapiens
995 2153 1055 2190 esse
1077 2146 1177 2206 possa,
1205 2143 1293 2207 unde,
1315 2171 1318 2175 ·

131 2207 414 2331 postremadlitelgula
431 2206 535 2272 demta,
554 2206 675 2258 rescribi
695 2216 789 2276 queat,
808 2210 921 2275 sopiens
946 2222 1005 2262 esse
1019 2225 1113 2277 posse,
1142 2220 1233 2282 prout
1250 2212 1294 2267 di-

131 2281 207 2332 serte
224 2281 270 2332 Me
292 2316 298 2328 ·
367 2317 373 2328 ·

202 2365 256 2404 nort
273 2347 423 2403 videbatur
442 2376 475 2386 -
494 2362 554 2402 esse
570 2350 693 2401 beatus
707 2366 790 2418 posse
810 2369 857 2403 -ε
886 2352 1130 2407 inaestimatam
1149 2357 1290 2424 eapien-

131 2431 195 2475 tem
213 2437 273 2475 esse
288 2420 380 2488 posse]
417 2421 519 2486 „Cum
537 2419 623 2472 codd.
649 2421 785 2473 nonnulli
812 2420 928 2477 Davisio
954 2422 1071 2489 laudati,
1101 2440 1226 2495 quorum
1249 2428 1292 2482 le-

131 2494 257 2546 ctionem
275 2493 372 2544 firmat
390 2509 463 2542 unus
482 2490 572 2554 leid,
590 2489 712 2543 habeant
731 2492 843 2562 sepiem
861 2510 919 2548 esse
936 2503 1037 2562 posset,
1058 2512 1111 2570 ego
1124 2496 1160 2549 iis
1173 2498 1291 2570 obsequi

131 2574 190 2617 non
208 2558 402 2616 dubitarem.“
418 2559 508 2615 eost.
547 2560 633 2613 Nihil
650 2564 748 2615 verius
775 2574 817 2616 est
840 2566 966 2642 vulgata.
1004 2566 1122 2619 Transit
1144 2577 1291 2624 structura

131 2635 256 2687 maxime
276 2640 411 2686 consueta
428 2634 459 2684 in
477 2632 615 2701 loquendi
633 2635 776 2686 rationem
793 2636 955 2710 legitimam
967 2638 1103 2690 Ciceroni
1122 2646 1152 2691 et
1168 2638 1291 2694 minirns

131 2707 209 2759 infre
253 2713 359 2770 entem,
379 2718 464 2774 quam
481 2703 567 2754 habes
586 2720 672 2773 supra
691 2722 715 2756 c.
736 2708 761 2771 5,
783 2709 825 2762 ll.
849 2710 899 2760 ubi
923 2709 982 2764 vid.
1010 2717 1106 2761 annot.
1133 2719 1218 2764 nostr.
1239 2712 1288 2764 cui

131 2774 200 2853 adde
212 2722 344 2851 tilariiger.
364 2792 391 2829 v.
412 2775 437 2830 d.
458 2773 582 2826 Attract.
602 2793 631 2844 p.
651 2777 712 2830 tta
732 2775 754 2840 §-
774 2779 834 2832 169.
862 2780 913 2831 ubi
932 2780 966 2832 de
990 2787 1087 2832 nostro
1112 2779 1176 2836 loco
1193 2796 1289 2837 sermo

131 2858 182 2903 est.
219 2847 304 2901 Plane
332 2845 481 2921 geminum
506 2845 604 2896 locum
636 2845 767 2899 Suetonii
802 2849 878 2910 (oth.
907 2851 947 2912 7.)
972 2850 1070 2903 laudat
1092 2853 1224 2905 Bremius
1255 2854 1291 2910 ad

130 2921 216 2975 Corn.
242 2920 315 2989 Nep.
344 2917 459 2969 Pausan.
487 2918 513 2980 ὅ,
533 2918 557 2970 3.
594 2917 648 2968 Est
673 2919 750 2969 enim
775 2918 827 2971 ibi:
864 2921 1002 2974 dicitur
1022 2955 1055 2964 -
1072 2927 1290 2991 pavefactus

130 2990 255 3061 gemitus
272 3020 306 3033 -
326 2989 496 3042 edidisse
516 3006 563 3035 ——r
587 2988 732 3057 postridie
751 3016 785 3025 -
802 2994 930 3058 graviter
946 2994 1163 3062 prolapsum
1179 3016 1213 3034 ...
1233 2999 1290 3051 op,

131 3067 386 3116 murmuraret.-
413 3059 463 3112 ubi
490 3057 620 3113 Wolfius
650 3061 764 3112 confert
790 3062 855 3113 Oth.
878 3066 925 3118 12:
958 3063 1055 3117 Fuisse
1073 3088 1107 3102 ω
1125 3068 1290 3123 traditur

131 3166 164 3180 --
192 3135 264 3187 mole
287 3133 494 3201 Μαίη-
515 3161 550 3173 -
574 3137 601 3182 et
625 3132 726 3197 facim
749 3133 873 3200 quotidie
895 3135 1061 3189 rasitare
1089 3162 1122 3175 -
1144 3152 1291 3194 coaete-

131 3214 212 3259 tum:
233 3203 315 3256 cuins
332 3211 430 3254 tamen
447 3200 505 3253 loci
523 3202 623 3271 paullo
640 3204 782 3255 diversam
800 3213 976 3258 structuram
995 3223 1056 3260 esse
1072 3210 1161 3262 sides.
1200 3212 1260 3265 Mt.

200 3275 227 3329 si
245 3280 333 3328 essent
357 3272 417 3326 siis
435 3273 564 3341 corporis
591 3279 639 3325 eut
658 3274 791 3337 fortunae
813 3276 912 3344 maid]
948 3279 1050 3343 „Haeo
1074 3278 1241 3334 Academici
1260 3290 1291 3336 st

132 3357 228 3401 cetera
254 3347 285 3398 id
308 3362 407 3420 genus,
441 3360 513 3413 quae
538 3352 636 3397 contra
659 3353 791 3398 naturam
814 3357 890 3414 sunt,
918 3350 1066 3419 appellant
1083 3352 1171 3405 malas
1195 3353 1288 3407 Stoici

132 3415 312 3472 incommoda
339 3415 436 3468 dicere
460 3414 581 3480 malunt,
606 3434 678 3484 quae
698 3416 808 3470 Graeco
833 3420 972 3472 vocabulo
998 3422 1147 3491 appellant
1169 3423 1290 3496 δυςχρη·

131 3498 255 3558 στήματα
274 3487 334 3538 sive
352 3487 522 3551 reiectanea,
548 3504 620 3555 quae
640 3489 749 3540 Graece
768 3489 904 3543 dicuntur
923 3489 1148 3561 ἀποπροηγμένα.
1186 3497 1290 3551 Cicero

133 3563 164 3614 in
181 3557 343 3633 praesentia
361 3556 474 3610 Stoicus
492 3557 662 3627 Stoicaeque
680 3568 772 3612 sectae
790 3571 989 3635 propugnator
1006 3565 1039 3615 in
1057 3566 1218 3634 sapientem
1229 3585 1287 3622 non

130 3635 197 3686 vult
214 3629 324 3683 malum
341 3629 442 3682 cadere
458 3645 549 3701 posse,
568 3630 616 3682 sed
633 3630 811 3683 incommoda
829 3634 974 3684 tantom.“
1009 3635 1142 3689 Beroaid.

203 3701 373 3756 Dicebaatur
390 3697 466 3766 baec,
486 3716 554 3770 quoe
572 3701 687 3770 scripsit
704 3705 789 3757 etiem
807 3703 982 3772 Arsinoites]
1018 3708 1120 3772 „Haec
1146 3708 1177 3759 in
1195 3711 1288 3764 Vens-

131 3775 170 3828 tis
187 3772 270 3826 libris
289 3771 382 3824 multo
401 3773 501 3825 aliter:
530 3788 584 3846 ego
603 3774 635 3824 in
652 3773 706 3826 hac
724 3774 849 3827 lectione
867 3775 944 3827 nihil
967 3778 1081 3847 reperio
1100 3780 1288 3835 incommodi-

131 3843 231 3899 tatis,“
250 3842 395 3896 demeres.
415 3843 473 3909 „si
490 3841 564 3917 legis
583 3844 745 3899 dicebantur
763 3843 840 3910 baec,
857 3847 1004 3913 videntur,
1024 3867 1096 3918 quae
1115 3861 1286 3921 sequuntur,

131 3915 280 3970 Ciceronis
304 3915 456 3981 sententie,
483 3929 550 3966 cum
577 3916 635 3967 sint
658 3917 783 3970 rationes
807 3918 933 3970 fratrum
952 3920 1081 3985 illorum,
1106 3924 1210 3991 quibus
1228 3924 1286 3991 illl,

131 3986 267 4042 Ciceroni
284 3986 497 4056 respondentes,
516 3987 677 4042 utebantur.
715 3987 848 4053 Quamvis
876 3990 969 4063 igitur
992 3995 1173 4046 consentiant
1198 3995 1284 4050 Codtl.

130 4057 209 4112 tiss.
236 4057 369 4130 equidm
396 4058 537 4128 scriptun
563 4076 621 4111 esse
646 4074 747 4112 censeo
765 4077 781 4110 a
799 4058 951 4114 Cicerone:
977 4062 1106 4116 dicebant
1130 4066 1171 4118 ad
1187 4063 1288 4121 'saed‘

129 4128 217 4186 Bous.
255 4128 455 4195 „Dicebantur
471 4127 538 4182 baec
556 4147 593 4181 sc.
615 4139 715 4182 eontra
734 4131 794 4182 ista.
814 4131 876 4183 Neo
894 4142 936 4184 est
954 4133 1011 4186 alia
1028 4137 1178 4202 sententia,
1197 4150 1288 4208 quam

130 4201 206 4272 quod
223 4208 335 4253 mutata
350 4201 475 4254 lectione
492 4201 608 4254 volebat
624 4200 737 4252 Bouh.“
771 4201 884 4255 Nissen.
1209 4263 1212 4269 ,

202 4275 276 4329 Quae
302 4271 419 4342 scripsit
444 4272 532 4326 etiam
555 4269 730 4338 Antiochus]
766 4274 837 4346 Reg.
866 4283 896 4326 et
912 4273 1060 4330 Pithoean.
1085 4294 1158 4348 neae
1176 4277 1288 4349 scriptu

128 4341 177 4400 eit.
214 4343 288 4397 Med.
312 4342 380 4397 Bak.
405 4353 435 4398 et
457 4341 571 4397 Balliol.
595 4343 795 4414 praescripta
819 4355 885 4398 sunt
907 4345 994 4401 etiam
1011 4347 1186 4418 Antiocheae
1208 4352 1286 4424 quod

129 4430 187 4468 non
206 4414 280 4469 male
298 4413 440 4483 sehabet,
458 4415 483 4468 si
501 4412 585 4467 modo
603 4414 683 4490 legas
699 4413 848 4470 Antiocho.
885 4417 921 4470 D.
