2856 5084
211 278 272 345 tot
413 275 645 341 CICERONIS
666 275 911 345 TUSCULAN.
933 278 1163 346 DISPUTAT.

192 438 301 522 ,trees
312 444 386 507 otii.
424 441 589 506 Transeat
608 441 698 509 idem
718 428 933 529 ietesapiene
950 442 993 507 ed
1011 445 1251 529 rempublicam
1266 455 1364 510 tuen

210 523 296 588 dam.
330 523 419 590 Quid
439 544 480 586 eo
501 526 607 607 possit
628 546 698 587 esse
720 528 955 609 praestantius,
978 548 1079 609 quum
1097 529 1264 592 contineri
1281 551 1362 612 pru-

208 607 320 675 dentii
357 607 559 697 utilitatem
577 608 703 672 civium
734 620 861 689 cernat,
903 608 1034 673 iustitia
1073 610 1157 678 nihil
1194 613 1231 673 in
1268 633 1363 679 suant

279 790 336 849 seu
359 789 425 848 laec
447 791 528 858 atii]
564 792 631 849 out.
659 795 735 849 Mon·
755 797 781 853 t.
805 801 838 848 et
863 794 913 849 Ox.
938 793 973 850 D.
1009 793 1068 848 Sed
1090 791 1161 849 iac.
1200 796 1285 850 Alius
1310 800 1363 853 Ox.

207 860 314 927 clieta,
333 880 368 916 ex
385 881 474 937 prava
492 865 682 919 correctione.
717 863 761 919 Aa
786 865 957 918 senteutiam
974 865 1142 919 Beroaldus:
1170 867 1282 933 „Talia
1305 878 1364 923 tra·

204 943 327 1005 ptantur
352 935 385 987 in
407 935 467 987 otio
492 934 663 1007 asapiente,
689 934 765 1005 quod
783 935 863 987 omni
888 935 1004 1009 negotio
1025 935 1178 1007 pulchrius
1197 947 1247 993 est.
1269 966 1302 977 -
1320 959 1363 993 sa·

209 1004 293 1073 piens
310 1004 389 1057 enim
408 1005 440 1056 in
458 1006 518 1058 otio
537 1005 646 1059 maiora
663 1006 840 1091 utilioresque
859 1005 977 1058 coniicit
995 1024 1082 1077 quam
1100 1006 1153 1060 alii
1179 1008 1210 1060 in
1229 1010 1361 1083 negotio:

210 1075 373 1146 meritoque
396 1073 563 1147 Scipionem
584 1076 711 1141 laudant,
742 1091 798 1144 qur
827 1076 923 1129 dicere
948 1077 1049 1129 solitus
1072 1086 1143 1142 erat,
1168 1095 1316 1149 nunquam
1334 1099 1363 1135 se
1401 1108 1406 1121 .

149 1146 153 1152 ’
209 1146 306 1197 minus
324 1147 449 1204 otiosum
470 1163 542 1210 esse,
575 1164 664 1216 quam
688 1162 757 1200 eum
781 1147 891 1200 otiosus
914 1147 1018 1201 mett
1046 1149 1081 1202 ln
1100 1148 1167 1203 Col.
1193 1151 1283 1203 liuhi.
1309 1159 1363 1217 est,

208 1217 260 1269 red
284 1215 351 1271 laec
376 1219 454 1271 otiu
480 1220 690 1283 transierat
716 1217 799 1271 idern
844 1218 934 1270 Habes
959 1237 1077 1270 manum
1104 1223 1281 1274 correctoris
1307 1222 1363 1275 sibi

208 1287 352 1359 placentis
370 1288 402 1340 in
421 1286 560 1344 Cicerone
578 1288 760 1413 corrffiendo.
784 1287 882 1345 Duisb.
902 1288 974 1349 item
993 1289 1110 1347 exhibet
1137 1291 1209 1347 ocia.
1238 1295 1313 1349 nou.
1335 1298 1361 1353 l.

210 1362 376 1412 transeant.
412 1360 467 1412 Pro
493 1358 625 1414 mendam
672 1359 716 1415 od,
741 1358 826 1413 tint
848 1363 875 1414 1.
894 1357 980 1417 habat
996 1361 1186 1427 tractandum,
1214 1364 1291 1433 quod
1320 1372 1363 1419 est

230 1429 385 1482 lassatoris.
422 1429 510 1497 Quam
528 1447 609 1499 saepe
627 1437 723 1482 autem
745 1428 847 1483 Cicero
872 1437 971 1487 utatur
988 1432 1085 1489 tuendi
1102 1432 1188 1491 serbo
1213 1451 1254 1499 ea,
1288 1451 1361 1507 quae

235 1500 261 1552 'c
279 1499 398 1565 obtinet,
417 1499 568 1569 sententia,
586 1516 646 1553 nou
664 1506 715 1564 est,
734 1499 811 1571 quod
823 1500 952 1555 doceam.
992 1502 1051 1571 Me.

283 1587 366 1640 quum
388 1569 541 1638 prudentia
565 1568 738 1643 utilitatem]
783 1570 902 1646 „Vulgo
925 1571 1036 1648 legitur
1079 1589 1145 1629 ‚unt
1176 1573 1363 1634 contineri

205 1641 355 1714 prudentia
372 1639 531 1696 utilitatem.
568 1643 723 1697 Lambinus
739 1642 945 1700 ¹auctoritatem
962 1643 1047 1699 unius
1106 1644 1132 1701 d.
1152 1644 1227 1705 MSti
1253 1655 1283 1699 et
1301 1663 1363 1699 sen-

207 1712 331 1766 tentiam
348 1720 462 1766 secutus
488 1711 610 1769 vetum
635 1711 775 1769 contineri
793 1714 919 1771 sustulit.
957 1715 1019 1771 Hoc
1041 1715 1119 1771 enim
1143 1716 1232 1769 scutit
1251 1716 1361 1781 Cicero,

207 1785 366 1855 sapientem
392 1783 479 1837 etiam
502 1783 535 1836 in
558 1784 603 1836 rei
628 1783 759 1853 publicae
783 1783 1033 1849 administratione
1059 1785 1217 1845 utilitatem
1243 1788 1364 1843 virtutis

206 1854 431 1910 declaraturum.
468 1854 624 1909 Prudentia
647 1854 726 1908 enim
741 1855 837 1911 fretus
865 1863 966 1911 cernet
984 1855 1146 1915 utilitatem
1164 1857 1289 1910 civium:
1318 1859 1362 1911 iu-

207 1926 287 1978 stitia
305 1927 462 1979 instructus
480 1925 558 1977 nihil
576 1927 608 1977 in
626 1943 705 1979 suam
722 1920 839 1983 domum
858 1941 893 1978 ex
911 1925 1028 1996 publica
1045 1927 1175 1980 utilitate
1188 1927 1363 1981 derivabit“

207 1997 272 2051 Fre.
290 1995 401 2051 Fatue.
437 1997 590 2062 „Verbum
606 1996 753 2063 contineri,
777 1995 853 2066 quod
876 1997 949 2051 ioris
966 1996 1019 2050 hio
1043 1997 1180 2064 irruerat,
1203 1998 1361 2057 delendum

207 2069 317 2121 curari.
352 2069 429 2120 Nam
446 2067 574 2140 primum
593 2083 652 2119 non
670 2067 818 2138 reperitur
836 2066 869 2119 in
887 2084 945 2120 uno
966 2067 1070 2125 (lodice
1088 2067 1158 2136 MS,
1176 2069 1280 2123 deinde
1299 2088 1361 2124 sen·

207 2140 299 2191 tentia
316 2139 378 2208 ipsa
395 2139 516 2209 respuit.
553 2138 616 2191 Hoc
634 2139 713 2191 enim
731 2139 819 2190 sentit
837 2137 949 2204 cicero,
973 2157 1003 2197 aa
1024 2140 1134 2193 tentem
1159 2140 1247 2197 etiam
1266 2141 1297 2193 in
1315 2142 1360 2195 rei

207 2210 339 2281 publicae
358 2208 604 2262 administratione
621 2208 782 2263 utilitatem
806 2207 925 2262 virtutis
949 2209 1001 2263 dec
1031 2217 1172 2263 raturum.
1186 2260 1194 2271 ,
1209 2212 1364 2266 Prudentia

111 2298 119 2305 ·
208 2282 288 2333 enim
309 2282 401 2333 fretus
425 2288 525 2335 cernet
547 2280 708 2333 utilitatem
736 2278 859 2332 civium:
896 2279 1010 2335 iustitia
1041 2281 1199 2335 instructus
1222 2281 1302 2335 nihil
1331 2283 1363 2334 in

208 2369 288 2403 suam
306 2351 424 2405 domum
441 2368 477 2405 ex
495 2350 610 2421 publica
628 2351 758 2403 utilitate
776 2349 927 2416 derivabit,
947 2359 1002 2406 cet.
1035 2349 1084 2406 sio
1102 2351 1195 2426 igitur
1210 2351 1262 2406 hic
1282 2352 1363 2408 locus

208 2423 399 2479 emendandus
417 2423 499 2474 verbi
515 2422 654 2475 contineri
673 2420 835 2474 adiectione
861 2430 1024 2494 corruptus.
1062 2419 1140 2489 Quod
1162 2423 1239 2477 uude
1268 2441 1363 2477 mana-

187 2493 259 2558 .rit,
280 2492 444 2567 excogitare
462 2509 520 2546 uon
537 2509 665 2561 possum:
695 2492 752 2544 nisi
777 2493 855 2545 forte
873 2508 908 2545 ex
926 2509 968 2558 eo,
995 2490 1081 2563 quod,
1108 2495 1363 2549 cum‘semidoctus

207 2564 322 2633 aliquis,
349 2571 452 2633 putans
477 2562 628 2632 quippiam
654 2563 759 2628 deesse,
788 2561 847 2615 hoc
869 2563 992 2619 verbum
1016 2581 1032 2617 e
1055 2580 1087 2617 re
1109 2563 1174 2619 ione
1196 2563 1284 2617 huius
1303 2566 1362 2619 loci

207 2635 413 2705 adscripsisset,
440 2642 490 2686 aut
519 2633 606 2685 etiam
631 2632 662 2684 in
689 2641 857 2686 contextum
883 2633 1054 2688 invexisset:
1088 2580 1146 2689 Soc
1169 2635 1262 2687 secuti
1294 2644 1362 2687 sunt

207 2714 305 2776 postea
323 2705 600 2774 scriptores‘omnes
626 2702 682 2757 Sed
701 2703 778 2757 nihil
797 2703 883 2755 deest.
903 2705 981 2758 Haec
999 2705 1077 2761 enim
1094 2705 1236 2759 sententia
1254 2713 1306 2769 est,
1326 2714 1361 2757 ut

207 2776 284 2828 dixi:
305 2775 379 2842 Quid
395 2775 460 2827 viro
478 2774 541 2838 tali,
560 2773 675 2844 qualem
693 2773 790 2844 paullo
807 2781 876 2827 ante
894 2774 1104 2846 descripsimus,
1132 2774 1157 2831 ei
1175 2773 1291 2827 adrem
1308 2794 1363 2845 pu-

207 2847 313 2899 blicam
336 2845 589 2900 administrandam
615 2862 645 2897 se
670 2844 837 2908 contulerit,
870 2845 1059 2915 praestantius
1084 2861 1142 2901 esse
1167 2849 1272 2912 queat?
1300 2847 1362 2912 qui,

207 2918 362 2987 prudentia
382 2918 483 2981 fretus,
502 2924 602 2969 cernat
619 2916 728 2968 civium
747 2914 922 2968 utilitatemt
947 2915 1068 2979 iustitia,
1087 2915 1166 2967 nihil
1184 2915 1310 2968 alienum
1330 2917 1361 2968 iu

208 3007 288 3041 uram
309 2987 469 3041 utilitatem
493 2993 650 3050 convertat,
682 2984 816 3049 nihilque
851 2987 882 3037 in
903 3004 933 3039 se
958 2987 1127 3040 transferat:
1160 2988 1363 3056 temperantia,

208 3061 317 3112 nullius
334 3058 505 3129 pudicitiam
524 3058 625 3110 violet.
645 3057 765 3110 etitem
783 3056 818 3109 de
836 3065 890 3109 cet.
929 3057 996 3124 Quis
1014 3072 1073 3108 non
1090 3054 1180 3122 videt,
1198 3055 1278 3109 hunc
1296 3056 1363 3109 infi-

207 3130 335 3185 nitivum
359 3128 499 3181 contineri
521 3127 573 3180 hic
596 3144 655 3182 esse
681 3143 924 3198 supervacaneum
947 3135 1034 3197 atque
1052 3125 1155 3193 inane,
1183 3143 1279 3196 neque
1303 3145 1362 3182 esse

208 3198 399 3257 Ciceronist“
436 3196 592 3251 Lambinus.
1296 3199 1312 3212 '

278 3270 348 3324 cnm
362 3268 514 3338 prudentia
537 3267 685 3323 utilitatem
712 3267 815 3323 ciuium
832 3267 941 3334 camut]
980 3267 1020 3321 Ut
1046 3269 1088 3321 sic
1107 3268 1230 3332 ederem,
1259 3265 1359 3323 auct'or

206 3341 282 3395 mihi
301 3342 359 3393 fuit
382 3341 442 3409 ipsa
465 3341 616 3392 sententia.
653 3341 750 3414 Vulgo
775 3357 838 3393 cnm
854 3338 1001 3393 contineri
1026 3339 1180 3408 prudentia
1206 3338 1361 3395 utilitatem

206 3412 309 3466 citrium
332 3417 434 3464 cernat.
465 3409 527 3463 -Sed
551 3411 673 3463 secunda
692 3428 781 3464 roxa
801 3410 969 3481 quibusdam
996 3410 1141 3471 veteribus
1169 3409 1254 3460 libris
1272 3409 1360 3472 abest,

208 3493 238 3538 et
255 3484 288 3536 ab
306 3482 438 3536 omnibus
457 3481 551 3533 abesse
569 3480 671 3534 debere
689 3482 842 3534 Larnbinus
862 3489 891 3533 et
900 3480 1047 3534 Fabricius
1065 3489 1145 3535 recte
1162 3488 1302 3533 statuunt.
1322 3480 1359 3533 D.

278 3570 358 3623 quum
402 3551 528 3604 radentia
553 3551 702 3606 utilitatem
724 3553 825 3606 ciuium
857 3550 965 3615 cernat}
996 3552 1136 3615 ·„ltlerito
1163 3558 1194 3602 et
1220 3551 1362 3603 sententia

206 3625 356 3697 flagitante
374 3569 545 3674 islevee-unt
563 3623 621 3674 riri
642 3623 741 3675 critici
758 3623 879 3676 verbum
898 3620 1048 3685 contineri,
1077 3639 1250 3691 quamquam
1269 3621 1363 3677 estin

207 3695 276 3749 God.
301 3694 403 3768 Regio,
428 3692 535 3745 duobus
556 3693 660 3764 lsaidth¹
680 3702 709 3745 et
732 3694 776 3747 ed.
801 3711 864 3746 mea
881 3693 960 3746 ret.“
986 3690 1073 3745 Bonis.
1090 3707 1192 3758 ,cum
1225 3689 1364 3743 contineri

204 3764 356 3834 prudentia
373 3762 521 3817 utilitatem
537 3762 639 3818 ciuium
657 3773 766 3830 cernat,
796 3772 882 3833 atque
900 3763 969 3817 adeo
989 3764 1084 3816 orunia
1111 3763 1271 3833 prudenter
1288 3769 1362 3836 agat.

192 3838 265 3893 Sed
281 3836 446 3907 praeplacet
464 3834 603 3897 Davisius,
623 3830 675 3903 q'ui
692 3833 834 3889 contineri
852 3851 889 3886 ex
906 3834 978 3887 Edd.
999 3833 1168 3903 quibusdam
1188 3840 1218 3884 et
1236 3831 1314 3885 MSS.
1334 3834 1361 3889 3.

207 3907 328 3973 delevit,
347 3914 379 3959 ut
396 3903 546 3972 pmaenna
566 3905 604 3956 sit
620 3911 738 3973 prepter
754 3904 945 3973 prudentiam,
964 3905 1039 3956 sicut
1057 3903 1168 3957 institia
1184 3912 1231 3955 est
1246 3907 1362 3972 propter

207 3977 358 4033 iustitiam.
396 3975 444 4028 Sic
462 3975 555 4027 rumor
572 3975 696 4027 orationi
707 3976 859 4049 'elegantia
878 3975 1084 4028 conciliatur.“
1121 3973 1235 4027 Nissen.

280 4066 361 4118 quum
378 4044 557 4099 contineri
569 4046 724 4113 prurientia
741 4046 898 4101 utilitatem
917 4045 1022 4099 ciuium
1040 4045 1148 4111 cernat]
1180 4045 1279 4113 Malim
1298 4043 1365 4113 qui·

207 4121 346 4193 demago
371 4133 484 4187 quoque
509 4117 602 4170 abesse
630 4118 751 4172 uerbum
776 4117 926 4181 contineri,
951 4133 1008 4186 quo
1033 4115 1204 4171 concinnior
1229 4115 1315 4168 lieret
1329 4122 1363 4166 et

208 4191 370 4262 elegantior
388 4187 545 4249 sententia:
566 4186 742 4245 sedveritus
761 4206 824 4243 sum
842 4204 909 4242 cum
927 4188 1000 4243 Ern.
1021 4187 1110 4241 Nobb.
1131 4186 1204 4237 Tbn.
1223 4205 1260 4239 ne
1279 4186 1364 4238 Cice·

209 4265 310 4314 ionem
328 4260 519 4332 corrigerem:
549 4275 641 4327 neque
663 4257 759 4323 etiam,
786 4267 819 4311 ut
838 4257 931 4311 dicam
949 4258 1026 4327 quod
1045 4266 1096 4323 est,
1123 4255 1274 4325 (lodicibus
1292 4255 1363 4320 illis,

206 4331 362 4400 inquibus
385 4329 478 4382 abesse
502 4328 609 4383 dicitur
632 4329 778 4396 constitisti,
801 4328 927 4385 multum
950 4328 1054 4381 tribuo.
1091 4329 1125 4381 ln
1144 4328 1256 4380 nostris
1284 4334 1363 4380 certe

209 4402 337 4471 itemque
357 4398 511 4463 Gebhardi,
531 4408 563 4451 ut
582 4398 706 4464 videtur,
726 4409 755 4454 et
774 4402 882 4455 Oxouu.
894 4398 1012 4473 ,legitur
1032 4398 1172 4465 omnibus,
1193 4416 1287 4468 neque
1306 4397 1365 4450 eie·
