2856 5084
203 267 266 332 111
481 262 705 335 excussos
726 264 783 329 111.
806 264 848 327 aa
868 243 999 330 11111.
1020 268 1072 332 se.

203 428 335 493 sentiam,
354 427 468 497 disputo
487 431 518 481 in
537 430 716 501 crepundiis.
753 429 811 482 Pal.
832 438 925 499 quart.
945 427 1095 494 acriculus,
1121 428 1244 481 solemni
1263 435 1356 490 muta-

202 501 283 553 tione
302 516 318 551 ο
335 514 388 568 pro
406 515 434 565 u,
462 518 534 569 quae
554 502 697 571 scriptura
715 502 749 552 de
760 500 852 570 plano
870 501 1027 553 lectionem
1044 500 1118 551 hanc
1136 498 1221 551 dubio
1242 499 1353 551 eximit.

202 572 278 623 Nam
295 569 425 622 Victorio
444 569 562 640 ipsimet
579 590 660 623 suum
680 569 830 641 ἀκράχολος
852 571 1008 640 displicuit.
1044 571 1098 635 Qui
1116 571 1250 635 graculus
1272 571 1355 622 nobis

151 643 154 652 '
203 640 350 695 obtrusum
367 641 437 705 it,a
474 643 580 694 raculis
598 643 694 695 forsan
712 643 832 711 accepit.
869 642 964 717 Vulgo
984 642 1136 695 Graeculus
1153 641 1295 706 mendose,
1320 649 1354 692 ut

202 711 359 763 iudicatum
378 721 420 764 est
462 712 565 765 istorio
584 720 669 782 atque
687 711 859 765 Lambino.“

273 780 325 834 Ed.
354 799 417 834 mea
443 791 524 836 vetus
553 782 670 837 exhibet
697 783 870 850 aegriculus,
900 784 975 852 quod
1000 799 1090 852 prope
1109 783 1220 835 accedit
1238 783 1272 834 ad
1292 800 1354 835 eam

200 851 368 918 lectionem,
396 870 481 922 quarn
507 856 610 906 merito
633 855 790 924 probarunt
808 854 969 919 Turnebus,
999 854 1140 905 Gruterus
1165 861 1194 906 et
1216 853 1266 922 qui
1286 871 1354 905 eum

125 950 135 964 ⁴
201 925 294 976 secuti
316 932 391 979 sunt.
438 925 504 976 Non
537 933 578 976 est
610 933 688 976 certe
715 925 804 995 magis
840 925 1057 994 improbandum
1080 925 1155 976 illud
1180 923 1354 975 vocabulum

201 991 376 1058 (acriculus),
397 1012 481 1062 quam
499 995 660 1059 forticulae,
681 1013 737 1062 quo
758 997 859 1048 Cicero
878 1013 943 1046 usus
962 1003 1003 1046 est
1022 1012 1106 1063 supra
1124 995 1161 1046 11.
1180 998 1221 1050 19.
1243 1003 1271 1046 11
1291 993 1355 1046 1111-

202 1065 315 1130 0101111,
336 1064 413 1133 quod
431 1065 515 1117 habet
532 1065 588 1118 1100
606 1067 667 1134 ipso
685 1066 761 1117 libro
781 1065 844 1131 [111.
865 1069 907 1121 19.
926 1065 993 1131 46.].
1013 1063 1191 1117 Βο111111111.

273 1136 350 1200 Quod
369 1136 402 1187 ad
420 1146 521 1188 vocem
540 1137 679 1189 acriculus
704 1155 807 1212 magna
835 1145 877 1189 est
901 1133 1058 1188 in'msstis
1081 1136 1239 1188 lectionum
1259 1135 1355 1187 diver-

203 1205 277 1257 sitas.
298 1206 428 1259 Cantabr.
453 1207 613 1270 Graeculus,
644 1224 734 1278 eoque
757 1208 841 1259 inodo
865 1206 962 1258 cuncti
986 1209 1048 1258 fere
1074 1206 1213 1274 impressi.
1250 1208 1356 1274 Perpe-

203 1293 280 1327 ram:
307 1277 359 1328 vix
381 1277 458 1328 enim
489 1286 529 1330 est
552 1287 585 1329 ut
602 1279 701 1330 Zenon
725 1279 898 1331 aCiceroue
923 1294 977 1346 per
1000 1283 1176 1329 contemtum
1196 1275 1355 1328 Graeculus

202 1356 333 1411 vocetur,
359 1348 408 1415 qui
430 1349 527 1419 paullo
545 1356 609 1418 post
628 1350 707 1401 audit
725 1349 929 1416 Epicureorum
946 1347 1132 1410 acutissimus,
1158 1347 1276 1415 eiusque
1296 1347 1355 1398 dis·

204 1416 329 1486 ciplinae
349 1419 527 1487 euryphaeus
547 1420 639 1470 dictus
658 1427 701 1471 est
719 1437 735 1471 a
752 1419 881 1483 Philone,
899 1427 933 1469 ut
952 1419 992 1470 ait
1011 1426 1107 1489 noster
1125 1418 1158 1469 de
1177 1419 1353 1485 N.D.1.21.

203 1497 405 1557 praeterquam
424 1489 500 1556 quod
518 1505 574 1541 non
594 1490 718 1542 Graecus
744 1491 947 1552 missaticus,
978 1489 1026 1541 sed
1050 1487 1192 1553 Sidonius,
1222 1489 1356 1555 quemad-

203 1559 319 1610 modum
336 1559 455 1610 docebit
477 1561 607 1613 La‘e'rtius
633 1561 664 1615 1..
685 1560 747 1613 vll.
774 1578 802 1629 p.
831 1563 889 1614 172.
932 1561 1011 1611 Patet
1036 1559 1129 1632 igitur
1151 1559 1356 1610 exsibilandam

201 1645 258 1682 esse
278 1630 361 1681 istam
379 1630 569 1698 scripturam:
602 1648 673 1698 quae
690 1647 759 1683 vero
779 1631 817 1681 sit
841 1630 1004 1698 recipienda
1022 1646 1079 1680 non
1099 1630 1138 1679 ita
1157 1630 1352 1680 manifestum.

200 1700 320 1751 Nervic.
346 1697 480 1752 lariclus.
532 1703 657 1752 Petrens.
693 1701 847 1769 agriculus.
886 1700 943 1756 Pal.
972 1708 1040 1753 tert.
1070 1699 1224 1766 agriculus.
1260 1708 1353 1767 quart.

201 1771 356 1834 1011111113
383 1771 414 1821 in
442 1771 507 1821 aliis
536 1774 690 1835 acroculus,
723 1773 754 1822 in
781 1772 845 1824 aliis
871 1769 1027 1838 agricolus,
1057 1771 1088 1821 in
1113 1770 1177 1822 aliis
1197 1770 1352 1837 sgraculus.

200 1835 292 1892 vatic.
313 1842 461 1905 acriculus,
483 1859 568 1909 quam
586 1842 742 1894 lectionem
760 1841 870 1910 recepit
889 1842 916 1895 J.
937 1841 1114 1904 Gebhardus,
1140 1848 1226 1909 atque
1245 1842 1284 1893 ita
1304 1842 1354 1893 du-

182 1909 269 1962 dum
288 1918 453 1964 correxerat
478 1913 514 1964 H.
535 1911 693 1964 Turnebus.
719 1914 765 1965 Jo.
786 1912 949 1964 camerario
974 1912 1069 1981 placet
1095 1910 1248 1978 apriculus,
1278 1912 1355 1980 quod

200 1982 262 2033 seni
289 1991 317 2033 et
335 1981 485 2034 hortorum
509 1983 620 2034 incolae
638 1983 771 2034 videatur
798 1983 962 2034 convenire.
1000 1981 1072 2032 111111
1091 1999 1156 2034 sane
1175 1999 1243 2052 prae
1262 1983 1355 2034 omni-

198 2050 250 2103 bus
268 2052 377 2104 arridet
394 2054 422 2103 P.
434 2053 557 2104 Victorii
576 2054 751 2117 coniectura,
771 2053 822 2123 qui
841 2053 994 2126 legendum
1013 2053 1174 2120 suspicatur
1192 2051 1352 2122 ἀκράχολος.

199 2124 346 2174 Zenonem
366 2123 482 2189 quidem
501 2123 554 2173 tali
573 2123 668 2176 indole
687 2125 774 2175 luisse
801 2125 973 2174 testimoniis
993 2123 1147 2174 ostendam.
1186 2124 1302 2175 Tullius
1321 2124 1354 2176 de

199 2194 236 2245 N.
255 2191 291 2244 Ι).
312 2193 333 2244 1.
354 2196 404 2247 34:
440 2193 520 2245 Zeno
545 2194 658 2262 quidem
685 2211 739 2246 noa
758 2209 805 2246 eos
823 2194 934 2257 solum,
950 2193 998 2263 qui
1016 2197 1073 2244 lum
1092 2199 1183 2257 erant,
1201 2194 1355 2261 Apollodo-

198 2279 270 2327 rum,
289 2262 406 2332 Syllum,
427 2269 541 2329 ceteros,
560 2264 665 2330 figebat
682 2264 854 2326 maledicum
874 2265 923 2315 secl
931 2263 1074 2316 Socratem
1093 2263 1194 2330 ipsum,
1210 2272 1354 2331 parentem

191 2332 398 2402 philosophias,
417 2333 518 2386 Latino
536 2334 616 2386 uerbo
635 2341 722 2399 ulcus,
741 2350 864 2386 scurram
883 2335 1109 2397 Atticumluisse
1128 2334 1246 2399 dicebat,
1268 2334 1355 2403 (1111-
1383 2365 1385 2369 >
1410 2331 1413 2336 ’

197 2406 357 2473 sippumque
376 2420 511 2471 nunquam
531 2405 589 2456 nisi
608 2403 772 2474 eleusippum
791 2406 915 2457 uocabat.
945 2405 1109 2456 Lactantius
1127 2405 1190 2455 Div.
1212 2407 1282 2460 lnst.
1299 2406 1351 2458 111.

197 2475 242 2529 20.
263 2475 297 2526 de
317 2474 482 2544 Socratezuc
501 2472 639 2528 hominem
656 2491 787 2528 scurram
812 2480 852 2541 (ut
872 2476 913 2527 ait
929 2475 1008 2527 Zeno
1026 2474 1205 2542 Epicureus),
1224 2478 1352 2544 ineptum,

195 2545 344 2613 perditum,
370 2547 545 2613 desperatum
570 2554 624 2598 etc.
662 2547 728 2597 Nou
753 2554 795 2597 est
814 2554 909 2597 autem
928 2562 981 2596 cur
1003 2547 1143 2598 miremur
1161 2550 1352 2620 peregrinum

196 2614 316 2667 verbum
344 2633 360 2666 a
377 2618 471 2667 Marco
499 2614 660 2668 adhibitum
683 2615 784 2680 fuisse,
813 2632 879 2667 cum
903 2615 1021 2666 Latinus
1043 2633 1136 2668 sermo
1164 2633 1265 2669 vocem
1293 2634 1351 2668 non

197 2685 369 2755 suppeditet,
401 2702 471 2754 quae
497 2686 621 2739 Graecae
646 2685 726 2736 illius
748 2688 811 2747 vim
839 2694 867 2738 et
892 2695 1062 2755 potestatem
1085 2686 1170 2755 plene
1196 2689 1348 2756 exprimat.

196 2755 339 2817 Davisius,
359 2756 390 2806 in
408 2756 461 2810 Ed.
483 2760 506 2812 1.
544 2757 625 2809 Hanc
650 2757 863 2808 annotationem
886 2773 952 2808 cum
971 2758 1001 2807 in
1019 2756 1092 2812 Edd.
1112 2774 1190 2827 seqq.
1211 2759 1350 2823 omiserit,

196 2826 300 2878 fecisse
319 2827 348 2878 id
368 2827 524 2879 credendus
543 2834 592 2883 est.
603 2826 728 2879 Bentleii
751 2827 922 2879 auctoritate
940 2836 1096 2896 permotus,
1116 2829 1246 2897 quisine
1265 2829 1350 2881 dubio

196 2896 325 2949 Turnebi
350 2897 508 2950 sententiae
531 2900 650 2950 faveret.

267 2968 320 3019 1111
339 2967 481 3020 acriculus
500 2969 518 3020 i.
531 2985 554 3020 e.
576 2968 627 3037 qui
645 2968 740 3020 animo
759 2985 872 3052 semper
889 2977 1033 3020 commoto
1052 2969 1221 3038 disputabat.
1247 2971 1348 3023 Verte:

197 3036 261 3090 der
286 3037 416 3091 kleine
441 3039 633 3108 Hitzkopf.
671 3040 743 3090 Nam
763 3037 797 3091 de
821 3039 932 3111 ingenii
951 3038 1110 3092 subtilitate
1129 3057 1187 3092 non
1205 3040 1351 3113 intelligo,

197 3108 265 3176 quia
288 3108 630 3176 sequituracutissiasus.
668 3108 778 3164 Nissen.
824 3110 858 3161 in
886 3109 1004 3178 eandem
1030 3111 1202 3163 sententiam
1227 3111 1352 3180 disputat

195 3177 341 3233 FAWolf.
368 3178 400 3227 in
418 3177 554 3233 scholis..

267 3245 419 3301 Kainerus
440 3249 574 3318 denique,
600 3250 647 3301 cui
665 3250 737 3300 item
754 3250 848 3318 placet
867 3249 1016 3314 acriculus,
1046 3249 1076 3302 id
1099 3266 1153 3319 per
1171 3259 1350 3302 contemtum

197 3325 226 3371 et
244 3318 368 3372 ironiam
387 3319 497 3371 dictum
524 3337 583 3372 esse
602 3319 756 3382 existimat,
784 3328 818 3370 ut
836 3321 977 3373 sententia
1001 3320 1051 3372 sit:
1085 3321 1146 3371 1101
1171 3320 1243 3372 dicit
1261 3322 1348 3385 Zeno,

196 3390 367 3459 Epicureus,
377 3387 471 3442 2h01n0
490 3407 549 3442 non
565 3391 722 3443 acutissimi
741 3387 862 3463 ingenii,
875 3399 903 3442 at
914 3392 1035 3443 istorum
1045 3391 1279 3460 (Epicureorum,
1299 3390 1349 3460 qui

195 3467 259 3512 tum
276 3460 398 3512 Athenis
421 3460 576 3526 vivebant,)
602 3461 802 3526 acutissimus.

267 3532 328 3584 lam
345 3539 378 3582 ut
397 3547 460 3606 ego,
479 3533 549 3601 quid
567 3532 601 3583 de
614 3531 670 3583 hoc
688 3530 751 3582 loco
770 3533 901 3598 sentiam,
919 3530 1185 3602 paucis‘absolvam:
1205 3532 1348 3600 recipien-

196 3601 260 3654 'dam
279 3602 413 3655 existimo
431 3602 561 3655 Turnebi
580 3602 785 3667 coniecturam,
805 3603 921 3677 egregie
941 3596 957 3654 a
976 3601 1043 3654 God.
1054 3602 1119 3655 Vat.
1137 3600 1348 3666 confirmatam,

196 3671 232 3724 ad
250 3690 336 3742 quam
353 3673 486 3743 proxime
498 3673 637 3726 accedunt
650 3672 794 3724 librorum
808 3673 984 3743 optimorum
999 3673 1171 3742 scriptiones
1190 3673 1349 3738 agriculus

197 3749 228 3796 et
246 3743 421 3806 acriculus,··
450 3744 567 3810 genim
586 3753 615 3796 et
633 3759 657 3809 c,
683 3752 716 3795 ut
734 3750 813 3796 recte
839 3745 880 3796 ait
897 3744 925 3796 J.
945 3743 1047 3808 Gebh.‚
1076 3752 1139 3796 eto
1164 3761 1229 3795 cum
1254 3761 1273 3795 u
1292 3745 1350 3796 fre-

198 3822 322 3882 quenter
332 3822 554 3884 permutantur:
588 3813 647 3867 vid.
668 3813 752 3866 modo
771 3813 884 3886 Sciopp.
906 3815 940 3868 de
959 3815 1029 3866 Arte
1049 3815 1121 3866 crit.
1135 3830 1170 3883 p.
1190 3817 1224 3868 41
1243 3815 1284 3883 lq.
1306 3817 1357 3870 ils

199 3892 228 3938 et
245 3903 274 3955 p.
294 3888 336 3942 52.
366 3888 408 3942 58.
435 3886 488 3940 Ed.
514 3891 604 3938 Amst.
631 3887 708 3940 1661.
751 3886 795 3937 Ν1
822 3901 891 3937 vero
920 3886 984 3954 quis
1008 3887 1083 3936 dicat
1111 3884 1185 3936 alibi
1206 3900 1262 3936 non
1290 3884 1349 3958 legi

197 3954 381 4008 Adiectivum
400 3956 552 4023 acriculus,
573 3957 600 4008 ei
618 3955 822 4024 respondemus
840 3957 967 4025 primum
986 3954 1124 4022 ἀναλόγως
1140 3957 1351 4007 conformatum

198 4044 257 4079 esse
274 4027 331 4081 hoo
348 4028 528 4093 vocabulum,
549 4026 583 4079 ad
601 4028 726 4079 formam
743 4043 847 4079 vocum
866 4027 1024 4092 forticulae,
1045 4026 1207 4090 dulciculus,
1229 4028 1351 4093 turpicu-

198 4098 242 4150 lus
261 4099 305 4160 (de
325 4099 370 4150 Or.
391 4098 429 4149 11.
449 4098 518 4162 61.):
546 4097 647 4150 deinde
674 4113 743 4148 vero
763 4097 792 4149 id
811 4098 916 4166 ipsum,
936 4099 1013 4166 quod
1034 4098 1108 4156 111111
1126 4092 1273 4163 λεγόμενον
1293 4111 1349 4149 esse

197 4168 323 4232 videtur,
352 4168 533 4239 corruptioni
557 4185 652 4220 ansam
670 4168 790 4230 dedisse,
815 4186 881 4219 cum
900 4169 931 4218 in
950 4164 1024 4228 ἅπαξ
1041 4168 1200 4236 λεγομένοις
1218 4166 1349 4219 librarios

197 4238 371 4308 plerumque
393 4238 487 4308 lapsos
506 4257 566 4292 esse
591 4245 710 4291 constet.
748 4239 828 4304 Quod
844 4255 914 4292 vero
942 4236 1167 4293 adsentantium
1186 4238 1264 4290 vocis
1283 4238 1350 4290 atti-

199 4319 258 4375 net,
278 4309 385 4364 Wolfii
403 4311 508 4377 potius,
535 4328 620 4379 quam
644 4309 774 4362 Kiihneri
796 4310 923 4380 partibus
951 4310 1126 4363 accesserim.
1164 4309 1253 4374 Quam
1272 4308 1349 4360 enim

200 4379 291 4432 inesse
308 4380 380 4431 huic
397 4379 461 4434 loco
484 4382 655 4434 sententiam
673 4380 740 4433 vult
757 4380 805 4432 vir
827 4381 1016 4448 doctissimus,
1041 4390 1073 4432 ut
1090 4383 1169 4454 lieno
1187 4380 1349 4449 Epicureus
1378 4379 1379 4382 ’
