2856 5084
275 292 333 356 DE
357 288 555 358 EDITION.
578 284 828 353 sosoma
848 284 1138 352 KLO'I'ZIANIS.
1191 300 1193 306 '
1221 287 1283 354 tot

130 455 304 525 scriptiones,
321 472 417 510 verum
436 454 523 509 ettam
542 454 677 511 lacessiti.
714 451 852 507 Restituit
874 450 921 504 Kl.
940 449 1031 504 Nonii
1048 449 1205 504 lectionem
1221 450 1286 520 pii·

131 526 275 598 losopbiue
287 528 394 581 anullo
407 526 606 597 planeGodice
615 525 731 590 fultam,
742 522 944 592 convertitque
953 522 1051 577 locum
1061 539 1112 573 uu
1130 522 1285 576 schrift·

131 600 256 653 lichen
273 598 616 681 Besch'siftigungen
639 597 706 648 mit
729 592 790 649 der
807 591 1055 663 Philosophie.
1092 592 1233 646 Nolumus
1251 595 1285 647 in

131 679 279 724 certamen
296 667 482 723 descendere:
503 667 573 738 qu1d
590 667 670 720 nobis
684 665 829 731 videatur,
848 665 1028 735 exposuimus
1046 663 1079 714 in
1089 663 1284 724 annotatione.

131 738 264 795 Iudicent
281 740 344 794 alii.
382 739 425 791 lta
443 756 537 809 neque
556 738 658 791 addere
669 738 763 790 visum
783 742 826 790 est
836 736 992 805 quidquam
1010 734 1045 787 ad
1057 742 1186 787 extrema
1203 735 1285 803 haec,

132 829 204 881 quae
224 810 331 863 ibidem
349 809 503 884 leguntur:
536 810 572 862 In
591 825 643 879 quo
661 814 788 878 quantun
805 808 906 860 ceteris
927 804 1067 874 profuturi
1083 806 1204 871 simus,
1230 824 1286 861 non
1334 866 1337 873 ,

129 883 216 946 focile
235 880 404 944 dixerimus,
421 881 470 932 ubi
488 879 535 933 Kl.
554 879 714 950 scripsit·-
724 878 869 949 profuturi
886 893 1015 930 sumus.-
1033 892 1087 930 nost
1103 877 1190 942 facile
1207 876 1287 931 dise-

130 952 236 1006 rimus:
264 970 300 1005 ex
324 950 440 1021 optimis
465 951 582 1020 quidem
609 949 703 1003 libris.
748 949 803 1003 Sed
828 948 936 1001 duobus
962 948 1079 1019 punctis
1103 955 1168 1018 post
1193 964 1287 1003 sumus

130 1024 234 1094 positis
260 1038 319 1082 non
341 1022 466 1074 multum
489 1021 656 1092 proficitur:
691 1019 748 1072 nisi
769 1029 873 1072 statuas
896 1019 964 1073 fieri
983 1019 1032 1070 vel
1049 1019 1288 1074 exclamationem

130 1095 180 1147 vel
207 1095 318 1148 interro
340 1094 472 1146 ationem.
517 1092 645 1157 Quorum
671 1099 808 1144 neutrum
834 1090 944 1160 placet..
985 1089 1050 1164 Ego
1076 1089 1193 1160 quidem
1220 1107 1288 1145 oum

131 1164 243 1220 Handio
263 1173 292 1220 st
336 1164 448 1234 umptio
467 1162 662 1236 Indicativrun
679 1178 738 1216 non
759 1176 913 1230 concoquo.

588 1357 836 1369 -nnu—-o—-u--n-

442 1557 979 1626 nortmannum.

657 1702 781 1715 Μ

205 1810 343 1864 Absolute
369 1809 425 1862 iam
449 1809 556 1862 dudum
584 1819 613 1863 et
645 1807 740 1894 operis
765 1809 872 1863 tradito
901 1809 977 1862 libro
1001 1808 1116 1883 integro
1142 1809 1210 1863 lteri
1233 1825 1292 1863 non

137 1883 246 1952 potuit,
267 1882 339 1951 quin
357 1889 552 1933 succresceret
572 1881 719 1935 vel=nlmd
738 1881 813 1949 quid
834 1879 988 1932 meditanti
1010 1889 1039 1933 et
1057 1881 1222 1934 instituenti
1237 1881 1293 1933 ali·

138 1953 215 2022 quod
232 1952 303 2004 libri
322 1950 492 2017 auctarium,
523 1951 599 2020 quod
624 1969 788 2021 quanquam
812 1950 912 2021 paullo
935 1949 1083 2004 molestius
1101 1951 1140 2003 sit
1157 1952 1193 2004 ad
1209 1969 1294 2004 usum

136 2022 234 2076 tamen
256 2023 353 2092 perire
373 2021 466 2086 nolui,
485 2038 540 2075 neo
559 2021 741 2075 committere
760 2029 803 2083 ut,
823 2037 895 2090 quse
906 2020 955 2073 vel
973 2037 989 2072 a
1007 2037 1054 2073 me
1071 2030 1187 2092 reperta
1200 2028 1295 2075 essent

136 2094 185 2153 vel
203 2094 237 2146 ab
256 2093 320 2146 aliis
338 2092 528 2163 probabiliter
546 2093 697 2162 disputata,
721 2091 755 2145 ab
783 2091 819 2145 iis
842 2085 1084 2159 desiderarentur,
1112 2093 1218 2162 quibus
1232 2092 1294 2160 hio,

138 2182 225 2234 quem
244 2164 424 2217 instituimus
442 2163 537 2234 operis
555 2162 712 2218 adornandi
737 2161 840 2217 modus
861 2160 1041 2232 probaretur.
1077 2163 1119 2217 De
1142 2164 1225 2217 euius
1247 2181 1296 2217 ra·

136 2236 216 2289 tione
235 2252 302 2288 oum
320 2235 378 2286 iam
396 2233 427 2285 in
445 2235 635 2304 praefatione,
668 2250 740 2305 quae
764 2233 924 2286 necessaria
947 2233 1008 2285 visa
1025 2243 1101 2300 sunt,
1128 2234 1296 2304 exposueri-

140 2323 214 2371 mus,
232 2321 291 2357 non
304 2321 458 2357 moramur
476 2321 533 2369 eos,
552 2305 648 2374 qualis
669 2321 763 2375 nuper
782 2304 894 2357 exstitit
916 2304 1011 2356 nescio
1030 2305 1107 2374 quis,
1132 2306 1183 2374 qui
1202 2304 1296 2361 obiter

137 2376 268 2446 inspecto
286 2375 436 2428 volumine
453 2376 550 2445 primo
574 2377 680 2429 tritum
703 2372 779 2428 lllud
803 2374 883 2428 nobis
910 2375 1066 2441 occineret,
1093 2373 1216 2428 nimiam
1234 2393 1296 2445 esse

137 2447 209 2499 libri
227 2447 347 2510 molem,
364 2445 577 2503 commentandi
602 2463 692 2522 genus
710 2445 881 2511 obsoletum,
906 2462 960 2498 nec
977 2445 1057 2512 huic,
1082 2462 1138 2514 qua
1157 2445 1296 2520 gaudere·

137 2536 214 2581 mus,
245 2517 399 2570 literarum
426 2516 487 2568 luci
514 2518 765 2574 accommodatum.
803 2517 862 2583 Qua
887 2514 921 2567 de
939 2534 972 2570 re
990 2532 1057 2569 cum
1083 2516 1170 2570 aliter
1187 2519 1296 2574 sentire

138 2589 368 2650 viros'summos,
395 2604 483 2657 penes
502 2604 572 2656 quos
591 2597 634 2641 est
651 2588 804 2654 iudicium,
830 2585 954 2651 videam,
974 2587 1081 2658 etipse
1099 2587 1202 2642 diude
1220 2589 1297 2643 iusta

139 2660 206 2713 talis
226 2659 363 2713 editionis
380 2658 557 2712 adornandae
573 2659 686 2713 ratione
705 2657 907 2733 cogitaverim,
928 2673 987 2711 non
1004 2666 1056 2711 ‘est
1074 2658 1150 2728 quod
1167 2659 1199 2711 in
1216 2661 1313 2716 calce·

139 2731 234 2799 operis
261 2730 341 2783 aliud
365 2728 436 2799 quid
459 2729 579 2795 doleam,
610 2747 696 2799 quam
720 2730 787 2786 fieti
808 2746 862 2802 per
884 2727 1005 2782 humani
1028 2729 1140 2803 ingenii
1162 2738 1297 2785 naturam

138 2818 198 2854 non
223 2816 313 2871 posse,
340 2808 374 2852 ut
398 2817 471 2869 quae
494 2800 543 2854 vel
568 2798 795 2875 religiosissime
817 2798 960 2870 perlicere
987 2800 1146 2866 mediteris,
1175 2801 1296 2855 Palladis

140 2873 232 2924 instar
249 2873 381 2940 perfecta
399 2878 484 2938 atque
502 2870 654 2937 instructa,
672 2880 713 2924 ut
724 2870 802 2926 nihil
821 2870 950 2925 additum
968 2870 1048 2925 nihil
1063 2870 1194 2926 demtum
1211 2873 1296 2939 velis,

140 2941 173 2996 in
190 2941 318 2997 medium
335 2940 479 3011 prodeant
501 2949 530 2994 et
554 2942 634 3012 quasi
651 2942 812 3012 prosiliant.

587 3045 639 3110 Ad
660 3047 686 3111 1.
710 3052 738 3111 l.
761 3067 794 3130 p.
817 3049 848 3112 5.

169 3174 172 3179 ·
211 3146 344 3205 Remissa
363 3149 530 3216 temporibus
549 3180 583 3191 -
613 3148 675 3201 Iam
696 3146 773 3213 vide,
801 3163 873 3217 quae
895 3146 1011 3200 uberius
1022 3147 1064 3202 de
1080 3145 1111 3200 h.
1130 3149 1152 3202 1.
1180 3148 1321 3215 (utrum
1423 3146 1427 3162 '

141 3218 310 3288 temporibus
327 3219 366 3271 sit
383 3218 474 3270 Dandi
492 3237 528 3272 an
548 3217 708 3272 Accusandi
726 3220 820 3280 casus)
848 3217 991 3288 disputavi
1010 3219 1042 3270 in
1059 3218 1174 3276 Annali.
1193 3221 1298 3276 Litter.

99 3285 104 3295 ’
141 3290 324 3364 Heidelberg.
346 3292 424 3346 1836.
443 3309 481 3342 m.
502 3291 563 3343 oct.
583 3309 611 3359 p.
624 3291 684 3346 985.
705 3305 830 3359 quorum
849 3306 958 3341 summa
976 3288 1034 3342 buc
1052 3290 1146 3345 redit:
1162 3292 1300 3347 smot-

142 3363 196 3427 fius
212 3361 349 3419 Dativum
367 3378 426 3414 esse
445 3361 625 3414 existimabat
643 3359 823 3428 temporibus:
842 3358 996 3413 Kiihnerus
1014 3377 1081 3412 cum
1093 3361 1203 3416 Orellio
1214 3364 1300 3418 Abla-

142 3431 237 3485 tivum
256 3433 407 3498 causalem,
427 3433 508 3502 quasi
526 3433 665 3502 scriptum
685 3431 722 3485 sit
737 3437 854 3499 psopter
872 3437 1007 3498 tempora,
1025 3432 1061 3485 ad
1078 3433 1187 3488 Woliii
1203 3443 1301 3488 autem

144 3502 426 3557 sententiamaodit:
458 3505 490 3555 in
509 3521 566 3573 qua
583 3502 720 3572 opinione
739 3503 887 3564 neminem
908 3502 997 3559 facile
1014 3501 1129 3556 babebit
1146 3505 1301 3561 assentien·
1336 3566 1340 3573 ἢ

143 3570 235 3631 tem.“
271 3573 296 3625 E
318 3588 334 3625 o
361 3581 457 3630 tamen
480 3574 521 3629 ita
545 3573 650 3644 exponi
668 3590 749 3644 posse
771 3573 878 3625 locum·
887 3589 1002 3626 censeo:
1031 3575 1230 3645 „temporibus
1241 3576 1301 3632 ¹nli-

145 3645 216 3714 quid
234 3644 287 3696 dan
307 3660 358 3696 um
375 3645 448 3702 suits
480 3661 550 3720 ergo
568 3644 682 3710 remisi,
705 3643 884 3715 temporibus
901 3644 1057 3699 concedens
1076 3654 1105 3699 et
1123 3647 1205 3716 qussi
1223 3643 1303 3711 obse·

144 3716 276 3785 quens.“
563 3756 566 3761 .

338 3821 364 3885 I.
388 3823 419 3886 2
441 3823 472 3886 d.
495 3842 526 3904 p.
553 3825 591 3888 13
613 3842 660 3904 sq.
683 3821 759 3915 coll.
781 3820 896 3914 1V.2.
918 3824 949 3887 3.
968 3842 1009 3904 q).
1031 3823 1127 3911 258..

216 3920 259 3972 De
277 3911 568 3973 morellomanorum
580 3921 716 3987 “canendi
734 3909 774 3973 ad
792 3922 888 3990 epulan
908 3921 969 3975 'vid
989 3919 1024 3977 A.
1042 3913 1177 3976 Krause
1196 3908 1300 3978 Gesoh.

97 3990 99 3993 ’
147 3991 210 4056 der
226 3992 340 4045 Roem.
359 3991 445 4042 Litt.
470 3992 582 4059 (Berol.
602 3992 699 4056 1835.)
717 3994 739 4047 l.
758 4009 787 4061 p.
807 3997 850 4048 ω.
867 4009 939 4082 sqq..

566 4114 593 4175 Ι.
616 4118 646 4180 ὅ.
671 4125 755 4179 extr.
778 4136 810 4196 p.
832 4115 884 4180 39.

220 4242 254 4254 -
272 4215 406 4270 monimo
433 4230 541 4268 corona
564 4230 656 4268 causa
679 4215 813 4272 dicendo.
833 4243 867 4254 -
908 4215 1039 4269 Tollitur
1062 4216 1219 4270 insuavitas
1241 4220 1304 4272 soni

149 4294 251 4356 quater
269 4287 300 4337 in
318 4288 376 4340 tine
394 4286 541 4357 redeuntis
560 4302 603 4350 eo,
634 4286 710 4355 quod
728 4286 783 4339 duo
806 4288 907 4356 priora
922 4287 1060 4339 vocabula
1084 4295 1151 4341 sunt
1168 4289 1304 4354 Ablativi,

149 4357 248 4480 igitsidi
260 4357 292 4408 in
311 4358 484 4412 enuntiando
502 4356 693 4428 producendi:
725 4357 885 4429 posteriora
902 4358 1092 4424 Nominativi,
1120 4376 1189 4436 ergo
1215 4362 1306 4448 corri-

147 4444 196 4498 pre
248 4463 256 4477 .

178 4510 257 4567 cicero
272 4523 472 4582 Tusc.1>tsp.ed.
488 4526 574 4572 Moser.
592 4524 617 4568 T.
632 4525 680 4570 ΙΙΙ.
998 4500 1002 4507 ⁸
1037 4502 1079 4567 2ss
