2856 5084
365 280 716 347 EMENDATIONPS
737 282 800 346 AD
819 281 995 347 LIBRUM
1016 287 1042 347 Ι.
1221 285 1289 353 299»

133 464 200 501 eum
217 447 292 502 bano
307 446 471 521 longiorem
483 448 704 502 'annotationem
723 455 878 518 repeteret,
902 447 1018 512 abiecit,
1044 460 1199 520 eorumque
1217 448 1283 504 loos

134 519 273 589 apposuit,
297 535 370 587 quae
387 528 562 587 sequuntur:
770 564 773 569 ,
939 573 941 576 ⁴

203 591 265 654 „Et
285 588 431 640 tentabam
455 590 589 657 equidem
613 590 698 658 plura
715 587 801 655 olim,
835 595 867 642 ut
890 604 972 640 sanae
996 588 1067 657 quid
1090 588 1223 645 lectionis
1248 609 1284 645 en

134 659 196 711 istis
214 677 358 712 eruerem:
380 660 428 711 sed
445 659 568 715 laterem
585 660 670 729 plane
688 660 824 712 lavabam.
862 660 949 712 Nunc
967 659 1064 711 nullus
1082 659 1189 726 dubito,
1211 663 1285 730 quin

134 730 186 782 illa
203 731 309 793 omnia,
336 746 408 798 quae
432 730 546 782 uncinis
570 730 682 782 inclusa
698 731 786 793 vides,
812 748 828 782 a
852 745 939 781 manu
956 729 1030 781 mela
1047 730 1115 792 sint,
1142 739 1172 788 et
1194 733 1284 784 furcis

133 799 314 870 expellenda:
348 799 421 852 Pari
451 803 542 854 animo
571 800 788 857 Lacedaemonii
820 799 851 852 in
884 797 1077 868 Thermopylis
1112 800 1283 854 occiderunt.

133 870 220 935 [Quid
239 872 288 923 iile
307 871 362 923 dua
380 869 520 924 Leonidas
538 871 626 926 dicit?
645 871 759 938 Pergite
778 870 873 926 animo
890 871 971 936 forti,
992 870 1219 927 Lacedaemoniis
1237 870 1288 926 dm·

132 941 178 993 die
201 943 278 1008 apud
299 943 406 1006 inferos
428 944 550 1007 fortasse
577 943 759 1001 corrodimur.
801 940 868 995 Fuit
898 939 964 994 baec
994 957 1063 1008 geas
1089 942 1187 1008 fortis,
1222 943 1286 995 dam

131 1010 259 1080 Lycurgi
284 1014 361 1079 teges
384 1011 530 1079 uigebant]
559 1028 574 1064 e
597 1013 695 1082 quibus
722 1028 793 1066 ursus
811 1043 844 1055 -
870 1013 907 1065 la
932 1013 1031 1066 umbra
1055 1013 1157 1079 igitar,
1184 1012 1290 1082 inquit,-

130 1084 324 1150 pugnabimus.
362 1083 440 1136 lllud
467 1085 544 1136 enim
567 1085 697 1152 primum
719 1082 848 1136 observa:
883 1082 1022 1152 liquibus
1038 1099 1110 1136 uuae
1128 1100 1186 1135 non
1204 1099 1286 1152 posse

133 1170 199 1206 cum
217 1153 363 1223 prioribus
381 1153 441 1206 illis
460 1155 600 1219 connecti,
630 1155 696 1206 Fuit
713 1151 781 1207 baec
804 1168 876 1222 geas
900 1153 1002 1218 fortis:
1035 1153 1189 1207 dicendum
1208 1154 1287 1206 enim

133 1231 207 1275 erat:
241 1225 266 1275 E
285 1239 354 1291 qua
371 1240 450 1288 unus,
478 1234 563 1298 gente
589 1225 712 1288 scilicet,
739 1240 833 1277 none
860 1224 991 1292 peribus.
1030 1223 1171 1288 Quorsum
1190 1233 1287 1277 autem

133 1294 219 1358 istud,
244 1294 307 1346 dum
326 1293 454 1362 Lycurgi
468 1298 548 1366 leges
565 1295 719 1363 uigebant?
752 1296 833 1364 quasi
850 1295 916 1356 illo,
950 1294 1096 1363 quohaec
1115 1295 1288 1359 dictasunt,

104 1364 110 1377 ‘
133 1372 264 1433 temporo
283 1365 384 1419 molles
402 1375 431 1418 et
449 1367 537 1419 fracti
555 1374 647 1418 essent
664 1367 800 1418 lacones.
831 1367 871 1417 At
889 1372 987 1419 noster
1005 1364 1064 1435 ipse
1083 1374 1183 1419 contra
1199 1375 1287 1419 testa-

133 1442 192 1500 tur,
211 1443 245 1487 ut
261 1451 329 1488 mox
347 1452 371 1488 c.
392 1439 439 1492 43:
459 1438 544 1490 Esto:
581 1440 670 1502 fortes
693 1442 730 1488 ct
743 1435 809 1489 dari
835 1434 1012 1503 Spartiatae:
1041 1453 1174 1512 magnam
1199 1436 1287 1489 habet

131 1505 193 1556 vim
218 1505 332 1574 publica
356 1506 517 1577 disciplina.
553 1508 594 1560 lit
617 1507 667 1559 lib.
688 1510 715 1571 l,
735 1509 782 1562 14:
817 1506 938 1574 Spartae
961 1522 1027 1558 uero
1043 1507 1128 1574 pueri
1146 1508 1184 1561 ad
1202 1522 1287 1560 aram

132 1575 174 1628 sic
192 1576 440 1644 accipiuntur,
459 1584 490 1630 ut
508 1581 613 1632 multus
632 1593 647 1630 e
663 1577 818 1631 visceribus
835 1576 954 1644 saumis
971 1583 1066 1630 cacat:
1092 1593 1287 1647 nemusquam

132 1645 224 1712 etiam,
243 1652 281 1712 ut,
300 1664 394 1714 quam
412 1647 466 1701 ibi
484 1664 601 1712 essem,
620 1649 775 1713 audiebam,
795 1650 833 1703 ad
850 1664 957 1701 necem:
986 1664 1103 1715 quorum
1129 1664 1183 1702 noa
1201 1650 1284 1702 modo

132 1732 210 1769 acmo
228 1719 393 1772 exclamauit
411 1734 540 1788 unquam,
558 1720 660 1772 sedne
679 1719 813 1786 ingemuit
831 1721 950 1788 quidem·
979 1719 1074 1783 Vides,
1094 1718 1208 1788 opinor,
1227 1736 1286 1781 non

131 1788 219 1852 fuisse
241 1790 325 1841 modo
348 1791 455 1842 fortem
482 1798 610 1864 gentem,
640 1790 690 1842 sed
716 1806 784 1844 esse.
822 1791 910 1843 Porro
934 1788 989 1841 hoc
1008 1790 1087 1853 ride,
1116 1790 1192 1858 quod
1218 1807 1288 1843 mox

132 1859 296 1910 subiicitur:
320 1859 416 1923 Viros,
435 1862 541 1928 inquit,
560 1876 750 1913 commemoro.
782 1859 880 1916 auaris
899 1860 1012 1912 tandem
1026 1859 1175 1913 Lacaena?
1194 1861 1287 1931 Atqui

132 1929 157 1980 si
176 1928 237 1991 illa‘,
264 1929 320 1993 fuit
346 1928 413 1982 baec
438 1946 516 1997 geas,
546 1948 562 1981 a
581 1931 719 1983 Cicerone
745 1931 806 1999 ipso
830 1938 905 1994 sunt,
936 1946 995 1982 non
1011 1931 1096 1993 ‚viros
1119 1931 1213 1994 inodo,
1237 1931 1287 1983 sed

133 1999 270 2053 mulieres
289 2008 573 2053 commemoraverat:
601 2000 689 2053 Gens
714 2001 792 2052 enim
810 2008 966 2068 utrumque
991 2016 1091 2053 sexum
1109 2008 1197 2052 notat.
1235 2001 1289 2053 Po·

132 2067 240 2123 stre'mo
258 2070 314 2124 hoo
333 2078 443 2123 certum
463 2072 589 2136 videtur,
616 2072 641 2123 Ε
660 2069 758 2140 quibus
776 2086 849 2122 uaur
866 2077 923 2123 cet.
951 2069 985 2123 ad
1002 2069 1101 2138 priora
1119 2068 1287 2135 referriad

132 2139 371 2207 lacedaemonios,
404 2144 452 2211 qui
475 2141 506 2194 ia
533 2140 724 2210 Thermopylis
753 2140 919 2195 occiderunt.
967 2137 1076 2194 Auctor
1103 2141 1181 2195 onim
1203 2140 1289 2193 istius

132 2212 215 2277 dicti,
232 2215 268 2267 Ia
287 2215 386 2266 umbra
400 2212 596 2281 pugnabimus,
617 2214 646 2264 in
661 2211 869 2282 Thermopylis
886 2211 1040 2284 pugnando
1057 2212 1205 2272 occubuit:
1224 2211 1287 2263 sive

132 2285 271 2336 Leonidas
288 2286 389 2349 fuerit,
410 2286 480 2349 sive,
498 2293 532 2335 ut
550 2284 891 2348 Herodotue,‚Dieneoes:
911 2291 1035 2349 uterque
1054 2281 1132 2332 enim
1151 2281 1192 2333 ibi
1210 2281 1289 2339 ceci,

133 2355 184 2406 dit.
222 2355 343 2420 Quodsi
361 2354 432 2407 haec
450 2355 547 2418 verba,
579 2354 719 2424 liquibus
738 2368 817 2418 unas,
840 2369 909 2405 cum
932 2352 993 2403 illis
1016 2350 1162 2420 prioribus
1180 2367 1287 2405 conne-

134 2433 263 2489 ctuntur,
281 2426 334 2477 illa
352 2426 445 2478 media
464 2425 526 2477 sine
544 2424 629 2479 dubio
647 2424 843 2493 suntspuria:
872 2431 900 2476 et
918 2439 984 2474 sane
1003 2421 1120 2485 inficeto
1137 2431 1212 2487 sunt,
1232 2439 1285 2474 nec

133 2497 288 2565 quicquam
317 2496 422 2550 habent
446 2495 629 2550 ciceroniani
647 2495 770 2552 coloris.
812 2494 883 2546 Vide
913 2493 1008 2546 simile
1031 2493 1173 2546 emblema
1197 2509 1285 2564 supra

133 2584 165 2618 ca
187 2604 193 2619 .
212 2567 304 2620 Vllll.

166 2584 220 2670 p*
238 2637 309 2695 lbid.
347 2640 382 2691 la
406 2641 512 2703 umbra,
543 2637 651 2708 inquit,
671 2636 769 2706 igitur
791 2633 999 2706 pugnabimus]
1037 2634 1135 2710 Apage
1162 2635 1286 2689 scabiem

132 2707 229 2791 istam:
249 2716 278 2792 et
296 2726 339 2792 ex.
349 2710 437 2764 Goddr
455 2711 560 2764 nostris
579 2718 608 2763 et
625 2709 770 2780 prioribus
789 2707 962 2761 editionibus
979 2706 1109 2772 restitue,
1133 2708 1168 2759 ln
1184 2706 1286 2760 umbra

133 2786 373 2919 ignispdplpuptg
388 2782 645 2920 prpppgpppupam
665 2851 722 2904 aim
739 2852 784 2904 rei
799 2849 928 2918 publicae
945 2832 1115 2919 disciplina]
1152 2847 1285 2902 Civitatis

132 2918 285 2988 disciplina
304 2921 374 2990 quid
391 2922 438 2985 sit,
456 2923 545 2992 probe
564 2921 712 2996 intelligo:
745 2922 802 2974 rei
819 2939 889 2976 vero
909 2920 1079 2988 publicae
1101 2919 1285 2988 disciplinam

131 3007 185 3042 nec
203 2991 307 3064 legisse
325 2993 456 3058 memini,
480 3008 534 3046 neo
562 2993 621 3044 dici
638 3009 719 3062 posse
736 2993 870 3046 arbitror.
907 2990 1068 3046 Enimvero
1086 2992 1127 3043 ita
1144 3006 1288 3062 reponen-
1310 2990 1316 2994 “

131 3061 200 3112 (lum
225 3070 282 3115 est:
312 3063 450 3130 Magnam
475 3062 556 3116 babet
578 3063 635 3115 aim
659 3063 799 3131 publica
824 3062 985 3130 disciplina.
1021 3060 1069 3115 Sic
1095 3062 1175 3113 infra
1192 3077 1217 3114 o.
1236 3061 1281 3116 46.

131 3130 194 3183 Noa
209 3149 323 3199 parsum
342 3135 435 3189 dicere
454 3134 662 3204 Lycurgum,
680 3133 806 3188 Solonem
824 3134 918 3200 kgum
935 3140 963 3186 et
980 3130 1149 3203 publicae
1172 3130 1287 3186 dioci-

129 3202 248 3269 plinae
271 3220 369 3257 carere
393 3205 498 3272 gloria.

200 3270 220 3308 ‘³‘
237 3275 308 3328 lbid,
345 3276 396 3329 Me
419 3275 484 3331 binc
507 3278 693 3342 avolaturum,
726 3293 811 3346 reaque
834 3275 980 3346 quicquam
1010 3275 1067 3328 mei
1098 3273 1287 3340 relicturum]

131 3344 216 3397 Godd.
235 3347 354 3428 scriptia⁸
371 3364 456 3416 neque
473 3365 515 3400 me
526 3348 680 3432 ¹quicquum
696 3350 875 3402 relicturum.-
902 3347 978 3400 unde
997 3347 1194 3416 reponendum
1213 3353 1286 3410 erat,

132 3431 219 3521 nequi
232 3432 450 3543 rlnbeivdwgiq'uian:
475 3421 746 3559 ggpaecqrppapm
779 3495 829 3541 aut
855 3487 947 3543 sicubi
970 3496 1065 3543 nactae
1082 3488 1150 3553 eris,
1178 3493 1209 3539 ut
1233 3486 1286 3540 tibi

131 3557 190 3611 oid
197 3557 329 3622 editur,
350 3561 477 3627 sepelite]
505 3562 569 3612 Duo
587 3562 679 3613 nostri
696 3560 859 3625 veterrimi,
877 3561 913 3613 ut'
928 3561 980 3614 tibi
998 3559 1150 3612 videtur.
1187 3559 1286 3622 Recte,

131 3637 165 3679 ut
183 3629 243 3695 ipse
261 3629 390 3682 Socrates
409 3633 482 3700 apud
490 3633 648 3695 Platonem,
668 3627 745 3691 ὅπως
763 3630 798 3683 ἄν
816 3644 862 3682 σοι
878 3632 962 3701 ptiar
979 3627 1007 3700 ᾖ.
1034 3633 1122 3682 Porro
1142 3636 1171 3682 et
1186 3635 1285 3698 poie-

132 3697 168 3749 ri
174 3713 189 3748 s
207 3698 370 3819 lependum,
389 3710 422 3752 ut
438 3719 506 3755 mox
524 3709 647 3759 nactus
664 3702 755 3764 erim
773 3718 833 3753 non
849 3701 982 3768 patueris.
1007 3714 1011 3719 ·

203 3763 221 3801 *
257 3768 310 3820 bid.
347 3770 459 3824 Durior
478 3773 625 3839 Diogenes,
639 3786 641 3791 ’
653 3779 680 3825 et
698 3772 730 3826 id
747 3772 859 3841 quidem
876 3773 1007 3837 sentiens,
1025 3773 1084 3835 sed,
1104 3776 1134 3823 ui
1153 3770 1284 3838 Cynicas,

132 3837 271 3906 asperim]
289 3840 443 3893 Lambinus
461 3858 497 3894 ex
516 3845 689 3909 coniectura,
713 3850 739 3896 et
756 3845 847 3897 idem
866 3844 978 3912 quidem
995 3845 1126 3896 sentiens.
1163 3841 1285 3893 Senten-

131 3911 188 3962 tiae
206 3909 269 3962 vim
286 3912 426 3980 percepit,
446 3913 478 3963 in
494 3914 581 3966 verbo
598 3914 692 3983 lapsus
712 3923 762 3966 est.
782 3914 867 3966 enda
887 3913 979 3966 nostri
997 3928 1104 3975 omnes,
1124 3917 1150 3961 et
1167 3909 1202 3962 e'r
1220 3909 1285 3978 qui-

132 3982 193 4034 dem
209 3980 348 4034 sentiens.-
367 3982 442 4035 unde
460 3984 598 4050 proclivis
617 3994 660 4037 est
678 3985 839 4036 emendatio
857 3989 884 4035 et
908 3985 939 4036 is
963 3982 1054 4035 idem
1077 3979 1206 4036 senticae

201 4051 268 4121 cap.
292 4055 334 4106 44.
371 4053 517 4105 Hectorem
544 4055 714 4121 quadriiugo
743 4070 828 4106 curru
859 4051 1019 4121 raptarier]
1060 4052 1173 4104 Primus
1205 4049 1285 4102 hunc

130 4123 284 4174 verborum
303 4123 434 4176 ordinem
453 4124 566 4176 induxit
585 4124 765 4189 Gebhardus3
788 4136 854 4175 oum
873 4132 904 4176 et
921 4123 966 4175 sui
984 4131 1014 4176 et
1031 4122 1155 4174 aliorum
1172 4121 1284 4174 codices
1363 4135 1365 4142 ’

129 4193 292 4258 habuerint,
359 4239 360 4242 ,
858 4219 861 4223 ·

298 4266 443 4318 Hectdrem
461 4282 546 4318 curru
565 4264 738 4334 quadriiugo
757 4266 910 4334 raptarier.

133 4336 209 4402 quod
226 4337 286 4388 sine
304 4336 388 4391 dubio
407 4355 423 4389 a
441 4345 541 4406 poetae
567 4353 654 4388 manu
675 4345 726 4391 est.
763 4338 827 4391 Etsi
854 4337 932 4389 enim
949 4345 1115 4404 utrumque,
1142 4335 1220 4387 siud
1239 4333 1284 4387 di·
1321 4369 1325 4372 -

130 4405 208 4472 gitos
227 4407 310 4474 pedes
329 4408 468 4479 exegeris,
487 4406 606 4460 lambici
621 4409 726 4460 senarii
743 4425 905 4462 mensuram
924 4408 1044 4476 impleti
1064 4405 1174 4465 aurium
1186 4413 1282 4462 tamen
