2856 5084
480 271 748 367 ntnnnnae.
1081 257 1085 264 ’
1147 280 1210 352 rso

58 452 174 521 'iicebit'
194 457 269 520 sui?
303 463 337 518 et
369 462 441 518 tum
468 457 640 517 fortunam
666 454 891 528 contemnere,
924 462 1026 530 quum
1046 448 1092 510 sit
1112 463 1212 512 omne

60 547 95 602 et
116 529 238 601 bonnm
260 536 332 601 eius
353 545 387 598 ct
406 536 531 598 malum
552 537 589 596 in
609 523 775 614 potestate
800 535 968 609 fortunae,
999 539 1071 594 tum
1098 530 1213 617 dicere

58 640 95 685 se
116 622 249 683 beatum
269 623 306 681 iu
326 633 455 682 summo
485 618 639 679 cruciatu·
665 619 764 697 atque
784 613 974 690 tormentis,
1007 633 1110 696 quum
1135 635 1213 679 con·
1270 683 1273 689 ,

60 704 214 766 stituerit
233 722 301 764 non
322 701 422 764 modo
437 715 604 763 suntmurn
622 697 748 759 malum
763 716 834 759 esse
852 692 1012 772 dolorem,
1035 695 1093 757 sed
1115 696 1214 758 ctiam
1265 718 1269 727 ·

59 783 189 848 tolum?
222 785 294 847 Nec
314 798 397 848 vero
419 781 478 845 illa
510 780 575 844 sibi
602 778 749 843 remedia
777 779 986 862 compararit
1002 777 1049 839 'ad
1070 780 1215 842 tolerans
1232 783 1277 842 tt.

60 863 323 944 iuueniorem,
355 862 550 929 firmitatem
571 864 686 940 animi,
717 859 941 944 turpitudinis
966 859 1216 943 verecundiarum

61 950 345 1012 exercitationem
359 946 702 1028 consuetudinemque
723 942 882 1026 patiendi,
912 951 1090 1026 praecepta
1116 946 1217 1008 fortiss

60 1023 200 1108 tudinis,
224 1031 386 1099 duritiam
406 1030 561 1093 virilemc
584 1024 642 1090 sed
662 1042 730 1088 nna
751 1025 887 1091 sedicit
906 1023 1142 1097 recordatione
1165 1028 1218 1088 acl

60 1116 233 1196 quiescere
264 1114 528 1196 praeteritarum
547 1111 779 1192 voluptatum:
816 1112 855 1170 ut
891 1106 922 1168 si
954 1109 1030 1190 quis
1051 1116 1218 1188 aestuems',

62 1296 181 1350 Omittit
200 1294 318 1364 eandem
336 1312 435 1350 vocem
454 1296 522 1350 Oedi
543 1292 616 1352 Gud.
635 1297 661 1350 2.
698 1294 780 1348 Unus
799 1294 849 1346 Ox.
868 1290 962 1348 'habet
985 1258 1101 1348 «licebat.
1137 1294 1219 1364 Quod

64 1376 135 1419 vere
155 1368 187 1421 in
204 1366 346 1437 proximis
363 1364 528 1422 habetDan.
548 1382 622 1418 cnm
635 1364 782 1431 “torinnam
796 1370 967 1418 contemnere
985 1392 1019 1402 -
1037 1372 1106 1418 tum
1125 1365 1220 1421 dicere

60 1447 94 1490 ee
114 1438 235 1492 beatam:
261 1438 291 1491 id
310 1447 339 1491 et
357 1447 457 1491 contra
475 1431 564 1490 libros
582 1437 692 1489 iactum
711 1444 753 1495 eat
772 1452 879 1502 omnes,
904 1438 956 1506 qui
998 1437 1077 1490 riore
1104 1452 1220 1508 quoque

63 1507 129 1560 loco
147 1507 255 1560 habent
273 1515 340 1574 tnm,
359 1521 453 1578 neque
473 1505 551 1572 cadit
569 1507 601 1558 in
620 1517 682 1560 eam
700 1509 841 1581 regulam,
866 1524 952 1576 quam
992 1524 1078 1560 cusu
1094 1506 1219 1561 locutio-

63 1579 109 1630 nis
127 1595 189 1630 cnm
207 1611 240 1620 -
261 1579 319 1632 inm
343 1578 440 1649 posuit
463 1579 653 1632 certissimam
680 1573 885 1653 Stuerenburg.
909 1576 945 1630 ad
969 1576 1030 1631 Cic.
1057 1593 1111 1647 pro
1129 1578 1219 1636 Arch.

86 1688 92 1700 .
115 1639 226 1718 ler'sq.
264 1648 316 1702 Est
341 1642 419 1700 enim
438 1656 537 1702 nostro
555 1648 618 1702 loco
644 1655 703 1700 tunt
722 1680 754 1690 -
773 1652 830 1701 tum
848 1649 998 1720 temporis,
1022 1662 1117 1718 neque
1134 1648 1219 1719 poni-

99 1736 115 1770 r
131 1730 186 1788 pre
205 1727 232 1771 et
251 1740 283 1758 *r
304 1724 339 1785 et,
359 1719 555 1789 quodfalsum
575 1727 657 1775 esset.
696 1716 807 1772 Similis
825 1726 923 1771 nostro
942 1727 984 1771 est
1002 1721 1082 1773 locus
1101 1718 1133 1770 in
1149 1719 1222 1772 Lae·

65 1789 107 1856 lio
123 1790 168 1850 tl,
188 1788 235 1844 tu:
256 1791 410 1858 Erumpunt
427 1805 510 1860 saepe
526 1788 600 1843 citio
618 1790 769 1843 amicornm
788 1794 857 1843 inm
874 1788 906 1842 in
923 1788 1002 1858 ipsos
1018 1788 1134 1855 amieos,
1152 1796 1222 1844 tarn

65 1859 96 1915 in
114 1860 238 1914 alienos.-
257 1863 295 1914 ci.
314 1857 465 1913 Stuerenb.
507 1858 595 1916 Aea.
633 1858 716 1915 Solus
735 1860 802 1913 cod.
822 1857 906 1912 Vind.
927 1865 952 1916 l.
977 1875 1031 1932 pro
1056 1868 1113 1914 tum
1135 1861 1222 1916 babet

68 1934 183 1985 tontum.
222 1930 257 1983 ln
276 1934 350 1984 Mon.
369 1935 395 1986 -l.
407 1933 458 1985 ‘est
476 1878 620 1997 igriorem
639 1930 856 1984 contendere.
892 1930 952 1984 Mr.

137 2005 221 2071 quant
244 2001 284 2056 sit
305 2018 388 2060 ‚omne
413 2006 441 2055 et
464 2000 564 2056 bonnm
583 2000 649 2055 eine
673 2008 700 2055 et
722 1998 843 2067 maiam]
878 1997 972 2067 „Non
995 2002 1143 2065 fortunae,
1172 1998 1223 2056 set

66 2071 136 2135 cius,
159 2073 194 2125 de
220 2089 277 2142 quo
303 2066 468 2143 loquitur.“
495 2074 562 2126 Ern.
600 2072 636 2126 Et
660 2081 726 2143 post
751 2084 828 2132 omne
853 2073 992 2125 omittunt
1015 2072 1102 2126 Godd.
1129 2070 1221 2129 nene.

64 2142 141 2195 (tue.
160 2143 258 2200 Duisb.
296 2142 361 2197 idox
380 2144 410 2194 in
429 2159 487 2196 uno
507 2144 557 2197 Ox.
577 2151 619 2198 est
637 2155 710 2196 crem
729 2142 833 2197 dicere.
868 2144 1035 2196 Proximum
1053 2158 1084 2197 ee
1099 2144 1173 2198 Gud.
1191 2148 1218 2200 1.

66 2213 181 2267 nonnisi
205 2230 291 2284 supra
312 2208 366 2266 lin.
391 2208 493 2282 babet3
524 2210 585 2268 eius
607 2212 672 2273 luco
697 2212 729 2265 in
748 2215 854 2266 duobus
874 2214 943 2268 Oxx.
972 2220 1015 2266 eet
1034 2229 1101 2268 esre.
1138 2216 1221 2268 Unus

65 2282 225 2338 hebetent
243 2284 427 2350 constitnerit,
446 2285 520 2338 alius
538 2301 600 2341 uem
617 2286 879 2338 constitueret.
899 2278 997 2341 Duisb.
1017 2285 1142 2338 dotorem
1160 2294 1223 2354 esse

68 2363 206 2407 tammam
222 2356 335 2410 rnatum.
357 2355 430 2411 Gud.
450 2354 562 2408 omittit
579 2356 630 2409 sed
646 2352 733 2408 etiam
750 2356 846 2411 sotum
883 2353 945 2408 Mr.

139 2425 208 2477 Nec
231 2442 296 2477 vero
326 2423 379 2478 rita
405 2423 462 2480 ridi
488 2425 615 2479 remedia
639 2424 827 2494 compararit]
863 2425 933 2491 „Ita
954 2426 1065 2481 Victor.
1093 2427 1164 2497 quin
1186 2432 1223 2482 nd

68 2495 141 2548 Pail.
160 2488 245 2547 Febr.
270 2495 364 2579 Vulgo
382 2495 413 2547 H
417 2512 479 2549 nec
496 2513 563 2549 vero
581 2492 665 2553 itto.“
681 2493 765 2549 econ.
792 2496 872 2562 Quod
888 2492 978 2572 vulgo
997 2496 1058 2572 legi
1076 2499 1116 2549 ait
1128 2444 1224 2552 Getbh:

21 2584 26 2597 *
67 2566 148 2618 Haec
165 2574 224 2618 non
243 2573 284 2618 est
303 2567 360 2618 nisi
376 2566 409 2618 in
426 2564 647 2638 repetitionibus
665 2563 780 2621 Lambb.
803 2574 832 2620 et
850 2565 937 2621 Goth.
957 2567 1024 2620 eod.
1046 2566 1118 2622 Gnd.
1137 2563 1224 2623 habet
1248 2604 1251 2611 ι

63 2643 150 2690 ”vere
168 2635 226 2690 eidi
245 2637 307 2692 itte.
328 2636 408 2692 Unus
426 2639 478 2692 Ox.
495 2636 699 2707 comparabat.
726 2634 795 2690 eod.
816 2638 848 2690 in
864 2653 955 2713 marg.
974 2634 1058 2692 Verb.
1080 2654 1225 2711 comparor

64 2708 131 2772 bit,
150 2705 246 2760 lamb.
266 2708 343 2776 solus
362 2723 428 2761 cum
445 2708 510 2762 Fre.
530 2708 614 2765 Febr.
634 2709 833 2777 compararit.
861 2708 938 2770 Gud.
959 2713 983 2763 l.
1004 2710 1043 2762 nd
1060 2710 1224 2778 tollendum,

68 2778 120 2831 sed
137 2796 222 2848 supra
240 2780 293 2830 lin.
313 2779 347 2833 ab
366 2779 425 2832 ead.
445 2771 484 2831 fn.
505 2795 567 2833 ran.
588 2779 654 2833 (iod.
675 2778 750 2832 Gud.
769 2781 795 2834 2.
814 2776 900 2833 habet
917 2782 1141 2850 firmitatemque
1163 2781 1226 2850 nnt-

68 2848 118 2901 mi.
156 2850 190 2903 In
209 2863 287 2972 serpq.
311 2866 385 2902 uuus
407 2852 458 2903 Ox.
489 2848 764 2917 consuetudinemque
785 2851 969 2918 peccandi.
1004 2850 1116 2904 Habent
1143 2850 1226 2904 dart·

71 2920 150 2974 tiem
175 2919 243 2989 (quo
281 2920 336 2974 sibi
360 2936 417 2973 non
456 2920 551 2973 lacere
568 2922 612 2973 ait
629 2920 665 2984 is,
695 2920 746 2991 qui
764 2922 937 2992 conscripsit
960 2930 1057 2973 annot.
1083 2922 1116 2973 in
1133 2941 1230 2998 ruarg.
1269 2927 1277 2934 “

69 2990 198 3057 Lambb.)
217 2987 304 3044 codd.
327 2990 412 3043 Vind.
433 2939 458 3046 f.
477 3008 551 3043 unns
570 2991 621 3044 Ox.
641 2989 703 3056 (hic
721 2990 816 3044 addito
836 2993 895 3061 qne)
914 2990 972 3047 MS.
999 2992 1031 3042 in
1048 3010 1140 3067 marg.
1159 2993 1227 3049 Asc.

71 3071 168 3146 nostr..
181 3062 207 3117 2.
226 3062 306 3186 Edpifi
318 3060 347 3116 S.
367 3060 401 3115 Ε.
421 3062 488 3115 Fre.
509 3060 593 3114 Febr.
630 3062 685 3114 Est
701 3071 772 3115 retu
790 3061 885 3115 torma
908 3063 1046 3117 duritiam
1069 3063 1161 3140 magis
1179 3063 1227 3119 ci-

48 3148 234 3186 ·ceromana.
306 3150 332 3187 r.

143 3202 201 3257 Sed
225 3219 281 3257 nna
305 3220 337 3257 ee
365 3204 435 3259 dicit
453 3202 664 3272 recordatione]
699 3204 814 3260 Plenius
832 3205 882 3262 lib.
902 3203 956 3262 111.
981 3222 1042 3276 cap.
1063 3208 1105 3262 15.
1141 3203 1229 3260 Leva-

72 3274 173 3326 tionem
190 3281 281 3327 entem
300 3274 497 3344 aegritudinis
515 3275 547 3329 in
565 3276 672 3330 mutos
689 3275 771 3331 retus
786 3277 864 3345 ponit
875 3276 1051 3348 (Epicurus)
1069 3280 1229 3332 avocatione

72 3345 264 3412 &cogitanda
282 3344 425 3413 uenientia,
445 3355 472 3403 et
490 3348 662 3402 revocatione
681 3342 719 3400 ae
737 3349 963 3417 contemplandae
975 3346 1143 3416 uoluptates.
1181 3350 1230 3402 lnss

70 3416 118 3466 fra
136 3432 196 3486 cap.
216 3420 260 3472 31.
297 3417 443 3490 Epicurus
467 3417 601 3471 maximis
627 3416 774 3472 doloribus
799 3418 935 3484 adfectas,
963 3431 1010 3472 eos
1033 3418 1120 3487 r'psoa¹
1136 3421 1231 3474 innen-

72 3488 166 3537 tornm
194 3499 313 3556 neuram*
337 3484 474 3542 memoria
500 3495 528 3541 et
553 3490 750 3543 recordatione
780 3494 911 3557 conmtot.
958 3488 1029 3542 Eius
1049 3491 1138 3543 verba
1164 3496 1231 3543 sunt

72 3556 372 3692 intertui.
386 3555 430 3616 ²²·
454 3556 1230 3704 {reiteranturminutantur

71 3706 122 3766 μῃ.
142 3694 323 3775 ‘interprete
341 3700 399 3753 Tul
414 3654 452 3767 iol,
481 3684 716 3770 componerentur
734 3710 827 3756 tentet
845 3719 904 3756 cnm
924 3698 968 3755 tn's
993 3702 1118 3756 omnibus
1139 3697 1232 3757 animi

72 3769 200 3830 taetitia,
225 3782 306 3832 mam
325 3770 468 3839 capiebam
485 3774 622 3826 anemoria
649 3771 791 3828 rationem
814 3776 1037 3844 inventorumque
1063 3778 1230 3831 rtoetrornml

73 3836 559 3912 videlib.11.derin.cap.3n
597 3844 634 3897 D·
1223 3846 1229 3865 '

76 3966 83 3981 y,
147 3908 196 3961 sed
221 3916 277 3960 nna
301 3925 332 3962 ee
356 3911 427 3964 dicit
449 3914 664 3981 recordatione]
699 3916 780 3968 Unus
810 3917 860 3968 Ox.
884 3912 1001 3967 nni-
1020 3912 1229 3968 recordationi

75 3975 158 4032 Solus
177 3979 334 4033 Lambinus
352 3981 439 4034 habet
464 3985 549 4038 dicet.
576 3979 673 4036 Duisb.
698 3986 917 4052 proeteritorum
938 3986 1110 4053 uoluptatum
1136 3981 1233 4053 acqui-

76 4059 180 4106 escere.
202 4046 276 4102 Gud.
297 4052 323 4107 1.
344 4061 374 4104 et
391 4054 417 4106 2.
438 4054 650 4121 eolreptattnm.
667 4052 745 4107 bien.
767 4056 792 4109 Ι.
834 4052 911 4128 ergit
928 4055 959 4105 nt
977 4053 1004 4106 si
1017 4056 1084 4123 pais
1101 4061 1233 4109 aestuant

76 4126 147 4172 rem
160 4128 226 4174 ‘tune
242 4121 308 4174 *eim
346 4121 411 4176 Post
428 4124 497 4176 velit
515 4123 601 4177 note.
621 4122 697 4178 Gud.
718 4128 744 4178 1.
764 4124 789 4180 2.
842 4138 885 4200 eg=
902 4117 994 4178 ncne.
1013 4125 1102 4178 Marb.
1125 4122 1234 4178 habent

76 4207 146 4256 esse,
179 4193 255 4260 quod
278 4202 375 4245 ortum
400 4193 518 4246 videtur
541 4210 577 4247 ex
600 4208 670 4260 sere,
700 4200 734 4246 ut
758 4202 800 4246 est
825 4194 856 4246 in
880 4194 987 4247 duobus
1006 4197 1081 4249 cxx.
1106 4196 1182 4250 Mon.
1206 4200 1232 4252 l.

76 4259 173 4313 Duisb.
205 4260 297 4327 Quare
323 4265 380 4319 boc
405 4280 460 4336 pro
484 4263 603 4339 vulgato
627 4282 655 4318 se
678 4265 849 4334 recepimus.
887 4264 970 4319 Solus
990 4266 1067 4323 'Gaii
1093 4266 1179 4321 habet
1198 4285 1234 4320 se

78 4332 231 4401 aliqnando
250 4351 334 4388 eece.
355 4338 435 4391 Unus
451 4337 501 4391 Ox.
521 4345 682 4406 pronomen
700 4335 871 4390 reflexivum
885 4331 968 4410 piane
983 4338 1102 4393 omittit.
1124 4339 1196 4395 eut.
1207 4340 1233 4397 2:

79 4404 195 4458 exhibet
209 4404 282 4458 ‘vetit
302 4407 454 4477 atiqtettndo
473 4422 542 4462 ease.
561 4443 564 4447 -
581 4408 643 4463 Me.
1138 4422 1141 4426 ’
1169 4409 1172 4413 ’
1227 4410 1230 4415 ’
