2856 5084
129 345 136 353 ,
212 272 274 336 aec
372 319 375 328 .
498 263 1049 331 excursus11.aa1.1o.sr.

212 429 360 495 Beroaldo,
378 427 532 492 Bouberio,
551 427 682 480 Bentleio
702 428 764 496 (qui
782 433 878 480 tamen
897 427 1019 481 malebat
1037 430 1096 493 furo
1114 429 1148 492 e.)
1175 427 1210 480 ad
1234 427 1362 480 verbum

213 501 364 556 excitantur
381 501 490 553 referas
509 513 625 556 necesse
643 506 698 550 est:
725 498 897 564 excitantur,
916 507 949 550 ut
976 499 1051 568 apud
1076 500 1243 562 Homerum,
1270 498 1363 549 vieti·

213 589 326 624 marum
344 570 413 622 rivo
432 568 570 643 sanguine
594 569 712 621 umbrae
732 585 767 621 ex
786 569 867 620 Orco.
906 568 954 621 Sio
978 576 1075 620 tamen
1098 569 1185 620 verba
1208 570 1263 622 ista
1284 567 1363 619 soleo

211 658 233 693 a.
253 642 350 693 locum
369 656 474 708 parum
492 638 673 691 commodum
692 637 842 705 occupant.
881 637 1062 707 Quapropter
1079 639 1210 706 acquievi
1233 640 1265 690 in
1284 637 1362 700 falec

211 728 233 763 e.
257 707 390 776 [Videtur
409 711 501 783 igitur
519 709 564 760 Or.
585 708 616 758 in
635 708 777 761 contextis
796 707 879 760 edere
903 708 1031 760 voluisse
1050 709 1131 772 falec,
1159 709 1234 777 quod
1260 715 1360 759 tamen

209 783 319 834 factum
338 795 396 832 non
416 778 480 842 est]
517 777 590 830 Vide
613 785 711 830 tamen
738 794 774 829 ne
793 777 914 830 in‘loco
934 779 1019 830 etiam
1039 778 1069 829 in
1088 778 1179 847 Regio
1198 779 1275 830 mire
1295 793 1360 829 cor-

211 859 298 921 rupto
316 848 373 902 hoc
391 865 507 920 quoque
525 855 621 899 ortum
643 850 681 900 sit
699 865 714 901 e
733 860 853 898 caesae
871 848 1012 910 sanguine.
1047 849 1081 899 ln
1101 847 1208 899 scholis
1226 847 1360 901 Wolfius

210 920 247 973 ad
273 940 299 973 v.
324 921 437 972 obscura
463 919 553 970 umbra
578 916 744 971 Ablativum
768 915 847 968 hunc
863 935 926 970 esse
949 917 1021 968 dicit
1038 916 1258 985 Appositionem
1276 917 1359 968 vocis

209 991 309 1043 unde.“
344 987 549 1050 Billerbecbiar,
582 986 770 1056 Grotefendio
795 988 942 1051 consulto,
971 987 1099 1054 primum
1126 989 1212 1040 verba
1240 987 1360 1038 obscura

209 1061 301 1115 umbra
320 1061 463 1129 explicat:
484 1075 519 1111 ex
538 1059 648 1122 inferis,
668 1057 736 1109 coll.
755 1058 835 1128 Virg.
855 1057 925 1112 Aen.
946 1057 992 1107 VI.
1013 1059 1081 1111 257:
1109 1058 1218 1109 ululare
1234 1072 1286 1121 per
1303 1071 1359 1106 um·

211 1131 292 1186 brom.
331 1130 375 1182 Ad
391 1148 419 1184 v.
440 1135 534 1194 aperto
553 1129 625 1180 ostio
644 1135 742 1179 monet
758 1127 893 1178 ultimam
912 1126 991 1179 vocis
1010 1134 1103 1192 operto
1125 1126 1265 1196 syllabam
1293 1126 1358 1178 lon·

231 1218 277 1266 am
302 1215 471 1274 graecorum
496 1197 581 1250 modo
607 1198 718 1266 corripi
741 1205 807 1248 ante
829 1196 970 1260 vocalem,
994 1214 1048 1249 nec
1074 1213 1148 1250 vero
1173 1197 1258 1249 elidi:
1287 1195 1356 1248 coll.

210 1218 528 1325 ltrotetend.Gram1n.
548 1268 585 1320 11.
606 1267 627 1332 ἕ.
649 1268 691 1322 76.
713 1272 754 1320 77.
774 1275 807 1318 ut
824 1269 904 1340 Virg.
923 1268 992 1320 Aen.
1012 1268 1060 1318 lV.
1080 1269 1147 1323 667:
1166 1267 1282 1330 femineo
1299 1266 1358 1318 ulu-

208 1345 267 1394 lata
285 1340 359 1404 [Hoc
377 1337 494 1408 quidem
513 1339 577 1389 loco
595 1354 611 1389 ο
629 1355 688 1390 non
706 1336 842 1389 eliditur:
867 1353 920 1388 nec
940 1352 1009 1389 vero
1029 1338 1222 1405 corripiturt‘
1236 1335 1357 1389 debebat

208 1411 324 1462 laudare
342 1409 430 1472 locos,
459 1406 552 1476 qualis
572 1415 613 1459 est
631 1407 711 1479 Virg.
733 1406 838 1479 Georg.
859 1408 881 1458 1.
902 1410 969 1461 281:
994 1406 1220 1471 Pallacinas]
1250 1405 1356 1458 Grote-

207 1480 340 1534 fendium
368 1487 462 1530 tamen
489 1476 643 1550 legendum
668 1478 809 1546 suspicari
828 1483 921 1541 aperto
944 1491 982 1527 ea
1000 1476 1081 1529 ostio:
1111 1476 1354 1540 scribendumque

208 1551 325 1603 inverso
350 1549 451 1600 ordine
474 1545 607 1610 anagniae
626 1548 706 1612 falso,
734 1564 771 1599 ne
789 1545 929 1614 Dactylus
948 1546 1054 1598 locum
1072 1554 1194 1616 occupet
1219 1547 1352 1598 vetitum.

209 1647 242 1658 ·-
262 1619 396 1672 Ceterum
415 1616 572 1687 Epitheton
600 1616 689 1680 falsus
712 1617 867 1669 convenire
892 1616 975 1668 rebus
998 1614 1033 1668 ad
1057 1617 1166 1669 inferos
1191 1624 1220 1669 et
1238 1616 1353 1680 umbras

207 1689 431 1759 pertinentibus.
685 1727 687 1730 ι
775 1725 779 1730 2

278 1758 463 1810 Enumeratis
488 1758 543 1807 iam
569 1755 701 1808 virorum
724 1757 873 1808 doctorum
897 1756 1048 1810 sententiis
1075 1772 1137 1823 ego,
1163 1773 1258 1808 meam
1286 1772 1355 1822 qua·

207 1830 381 1897 lemcunque
400 1827 583 1895 expositurus
600 1834 634 1877 ut
652 1830 754 1890 fatear,
779 1826 855 1894 quod
874 1833 926 1890 est,
953 1844 1046 1894 neque
1063 1829 1137 1877 satec
1165 1823 1264 1894 neque
1282 1827 1355 1890 falso

209 1900 276 1952 satis
300 1897 422 1968 probare
445 1912 571 1965 possum.
608 1897 689 1949 Salso
716 1897 859 1965 displicet,
885 1896 952 1963 quia
980 1905 1009 1948 et
1031 1897 1137 1948 falsum
1163 1897 1283 1948 videtur
1300 1911 1355 1964 per

209 1987 253 2033 se,
276 1976 306 2020 et
328 1967 415 2036 plane
440 1967 574 2031 otiosum,
598 1975 745 2035 praeterea
768 1965 986 2018 auctoritatibus
1005 1966 1147 2019 librorum
1173 1983 1278 2036 parum
1296 1965 1355 2016 ful·

209 2040 294 2091 citur.
331 2037 426 2090 Selour
444 2037 469 2089 si
483 2038 519 2088 >in
536 2036 608 2088 locis
632 2037 729 2088 allatis
749 2035 856 2088 dicitur
874 2035 963 2100 endor,
986 2039 1078 2087 salsae
1103 2038 1173 2089 item
1201 2037 1354 2103 lacrymae.-

207 2107 264 2160 hoc
287 2114 390 2159 natura
415 2115 444 2158 et
470 2106 649 2174 experientia
675 2107 821 2158 firmatur:
847 2105 922 2157 illud
947 2118 1006 2157 non
1033 2107 1112 2158 item.
1152 2105 1206 2170 Qui
1228 2122 1299 2158 vero
1319 2122 1354 2159 ex

207 2179 305 2230 Ennio
328 2177 482 2229 laudantur
506 2177 573 2239 loci,
602 2193 702 2228 eorum
728 2193 801 2245 quae
825 2176 900 2226 ratio
924 2177 971 2238 sit,
997 2193 1061 2228 cum
1089 2183 1223 2228 contexta
1242 2177 1353 2229 nescia·

208 2266 281 2312 mus,
310 2254 338 2300 et
362 2263 450 2315 quare
473 2245 513 2296 ibi
537 2246 627 2298 salsus
651 2246 765 2298 dicatur
792 2245 917 2318 sanguis,
942 2247 1120 2321 investigare
1153 2254 1182 2298 et
1207 2246 1353 2314 expiscari

206 2335 265 2370 non
284 2317 363 2367 licet.
401 2314 489 2378 Adde,
509 2316 585 2383 quod
603 2315 761 2368 commodis
781 2314 838 2367 iam
858 2316 1029 2368 coniecturis
1048 2318 1165 2367 salsae
1182 2316 1300 2379 sanguia
1318 2333 1355 2367 ex

206 2389 271 2440 loco
290 2386 379 2437 Ennii
408 2393 437 2437 et
455 2401 513 2436 uno
532 2385 608 2436 Attii
627 2388 754 2438 sublatus
775 2391 818 2436 est
842 2384 880 2449 (v.
901 2385 974 2439 Non.
995 2389 1128 2453 Marc-p.
1148 2387 1220 2448 503.)
1245 2393 1280 2437 ut
1304 2402 1354 2454 ap·

206 2465 290 2526 paret
316 2462 359 2506 ex·
369 2453 495 2506 Bentleii
520 2456 714 2516 annotatione.
755 2454 859 2505 Falsum
882 2457 1158 2519 autemoanguinem
1181 2471 1240 2506 non
1258 2457 1353 2528 magis

206 2527 296 2596 probo
315 2523 431 2575 dictum.
469 2522 534 2575 Etsi
554 2526 630 2575 enim
656 2524 777 2598 largior,
799 2525 955 2576 convenire
980 2525 1127 2594 epitheton
1151 2525 1240 2587 falcata
1265 2527 1353 2578 rebus

206 2596 242 2647 ad
260 2596 368 2646 inferos
387 2593 610 2662 pertinentibus,
631 2604 659 2647 et
678 2594 825 2646 commode
844 2595 900 2645 dici
919 2595 1192 2658 faleoe'umbrarum
1206 2595 1352 2660 imagines,

204 2666 296 2730 fatear
320 2662 473 2715 earundem
501 2664 618 2728 species:
651 2673 776 2716 attamen
796 2664 821 2715 si
846 2664 1006 2731 quisdicat
1029 2664 1079 2717 has
1104 2666 1244 2738 imagines
1264 2666 1352 2718 falsas

204 2735 280 2797 falsa
299 2732 403 2784 babere
422 2731 525 2796 capita,
544 2734 634 2796 falsae
653 2749 751 2793 manue,
780 2735 883 2799 falsum
900 2737 1066 2799 sanguinem,
1091 2735 1121 2786 id
1144 2743 1225 2786 recte
1244 2732 1310 2787 dici.
1322 2743 1353 2789 et

205 2804 356 2877 eleganter
374 2818 449 2874 nego
467 2818 499 2855 ac
517 2819 644 2877 pernego
658 2799 695 2868 ²²).
734 2802 789 2856 Sed
809 2802 957 2855 commoda
973 2805 1070 2873 plane
1096 2812 1137 2856 est
1157 2804 1261 2856 Orellii
1281 2822 1352 2857 con·

204 2873 316 2927 iectura
336 2887 458 2923 caesae
475 2874 620 2938 sanguine,
641 2890 759 2940 eamque
779 2875 871 2944 magis
890 2889 941 2945 ego
960 2875 1121 2941 probarem,
1145 2876 1168 2925 si
1193 2875 1283 2928 facile
1303 2877 1351 2926 in-

203 2944 302 3017 telligi
324 2950 431 3012 posset,
456 2943 598 3010 quomodo
626 2945 670 2995 ita
690 2943 776 3012 plane
802 2943 953 2994 obliterari
977 2947 1105 3012 potnerit
1127 2961 1197 2997 vera
1216 2946 1351 3014 scriptio.

146 3078 148 3082 v
202 3013 299 3066 Placet
318 3014 390 3064 item
406 3013 532 3064 Bentleii
549 3015 619 3078 fuso,
646 3011 722 3081 qnod
740 3021 820 3065 recte
845 3013 932 3066 etiam
959 3013 991 3063 ab
1016 3030 1047 3066 eo
1067 3015 1216 3067 defensum
1236 3023 1303 3067 estc
1326 3016 1352 3068 si

202 3084 287 3135 modo
305 3080 435 3152 intelligi
452 3086 557 3149 posset,
582 3083 730 3151 quomodo
741 3083 911 3134 vocabulum
931 3090 990 3134 tarn
1016 3084 1136 3152 planum
1163 3101 1196 3135 ac
1224 3084 1353 3154 simplex

203 3153 244 3204 ita
263 3153 448 3201 immutatum
466 3152 565 3216 fuerit,
585 3161 619 3204 ut
638 3153 696 3204 eius
714 3170 751 3204 ne
769 3153 925 3225 vestigium
944 3153 1059 3221 quidem
1072 3161 1173 3207 exstet.
1192 3155 1275 3206 Latet
1294 3156 1354 3228 igi-

202 3229 252 3272 tur
280 3220 367 3272 etiam
395 3226 472 3270 nunc
494 3220 626 3274 obvelata
649 3222 767 3273 vocibus
791 3223 983 3274 incommodis
1010 3241 1111 3277 manus
1132 3224 1284 3277 Ciceronis
1303 3226 1354 3279 vel

201 3291 298 3360 potius
316 3296 432 3357 poetae3
452 3291 545 3358 neque
564 3296 618 3366 ego
636 3290 726 3344 habeo
744 3290 866 3359 aliquid,
887 3292 971 3360 qnod,
989 3301 1027 3345 ut
1041 3294 1145 3347 melius
1163 3295 1213 3347 vel
1228 3296 1352 3361 certius,

200 3375 368 3429 proponam.
406 3360 479 3410 Nam
505 3361 617 3435 longius
636 3362 728 3415 ¹etiam
753 3362 821 3426 abit,
850 3362 925 3429 quod
953 3379 1007 3436 ego
1026 3363 1188 3432 aliquando,
1217 3366 1353 3433 inspecta

200 3430 322 3481 Homeri
340 3428 514 3496 reavlo‘ffld.
534 3433 557 3483 t.
578 3432 624 3487 95,
642 3435 684 3487 97.
706 3432 791 3496 152),
817 3440 952 3484 nontam
978 3435 1102 3494 conieci,
1129 3452 1213 3502 quam
1238 3435 1354 3488 deside-

202 3500 278 3551 ravi:
298 3498 422 3550 bareto
439 3500 573 3564 sanguine
590 3501 638 3555 vel
655 3501 750 3570 potius
768 3500 906 3564 sanguine
923 3500 1025 3554 bacato.
1065 3503 1137 3555 Cum
1157 3505 1234 3560 ‘enim
1252 3505 1353 3559 inille
1380 3562 1384 3571 ,

202 3568 277 3636 apud
301 3568 461 3622 Homerum
485 3579 576 3637 νεκυίᾳ
599 3573 660 3624 sive
680 3574 886 3637 νεκυομαντείᾳ,
914 3571 948 3624 de
967 3591 1022 3640 qua
1041 3573 1103 3642 ipsa
1128 3574 1212 3626 modo
1231 3574 1353 3629 locutus

202 3646 244 3690 est
263 3639 385 3703 Marcus,
405 3638 473 3691 illae
491 3640 643 3693 bominum
662 3642 771 3709 species
790 3641 823 3692 ab
841 3641 929 3694 Ulixe
956 3659 991 3694 ex
1009 3644 1112 3696 inseris
1136 3643 1281 3697 sacrificio
1301 3662 1352 3697 ex-

200 3708 304 3759 citatae
328 3706 366 3770 (v.
385 3709 442 3771 36.)
468 3713 584 3764 nonnisi
606 3710 709 3763 hausto
725 3712 873 3783 ‘sanguine
901 3711 999 3781 eloqui
1025 3714 1193 3781 potuerint,
1226 3721 1256 3765 et
1282 3730 1351 3768 cum

199 3776 287 3830 Ulixe
306 3777 492 3846 colloquendi
510 3789 681 3851 potestatem
701 3779 903 3842 haberent31'd
921 3782 1016 3850 ipsum
1028 3783 1187 3851 antiquitus
1200 3782 1351 3836 creditum

198 3849 291 3901 fuisse
310 3865 425 3902 necesse
444 3860 496 3915 est,
524 3858 566 3916 ut,
591 3852 641 3918 qui
664 3851 772 3902 animas
791 3850 1034 3916 excitaret,s.non
1047 3853 1130 3922 prius
1149 3869 1203 3913 eas,
1229 3861 1264 3905 ut
1292 3855 1349 3907 sibi

198 3918 417 3986 responderent,
437 3922 554 3993 adigere
571 3927 676 3989 posset,
697 3937 781 3988 quam
801 3922 939 3990 sanguine
958 3922 1061 3976 hausto
1085 3938 1143 3975 non
1162 3923 1240 3974 ultra
1258 3924 1350 3991 plano
1397 3988 1400 3991 Δ

231 4125 260 4193 r)
278 4102 465 4183 Kritziusin
489 4130 615 4184 censura
633 4128 688 4184 eu.
713 4130 847 4185 renuere
866 4131 908 4194 (A.
930 4130 957 4182 S.
979 4132 1012 4182 z.
1034 4134 1108 4185 reon.
1130 4133 1189 4185 no.
1219 4148 1247 4200 p.
1268 4135 1348 4198 eor.)

283 4202 367 4252 unice
385 4201 487 4268 probat
504 4201 660 4254 lectionem
678 4203 751 4266 falso
769 4202 916 4265 sanguine,
937 4218 1003 4253 cum
1014 4202 1110 4264 faloam
1121 4215 1224 4266 corpus,
1242 4202 1348 4269 paullo

281 4270 416 4407 {pppictius
435 4272 459 4323 si
478 4270 615 4340 loquatur
632 4278 725 4341 poeta,
755 4273 845 4324 etiam
861 4273 958 4337 faloam
983 4269 1089 4324 habere
1106 4271 1265 4334 sermnem
1284 4271 1347 4324 dici
