2856 5084
133 275 175 340 ee
337 272 564 341 momoms
585 271 835 341 resonum.
858 249 1088 336 amrurnr.

77 488 80 494 .
131 437 377 520 profiteturltb'
393 438 442 501 dii
461 441 557 502 boni!
580 445 805 523 perfecturam
827 457 873 514 ee,
895 441 952 520 qui
972 438 1102 522 legibus
1131 438 1200 497 suis
1229 456 1292 517 pa-

132 522 267 600 ruisset,
288 533 328 584 nt
347 532 436 585 esset
455 533 574 585 contra
594 527 762 585 fortunam
783 541 915 603 semper
934 531 1093 598 armatus,
1115 527 1154 580 ut
1176 523 1292 581 omnia

131 603 298 685 praesidia
319 605 458 668 haberet
479 608 515 667 in
536 626 572 668 se
593 607 676 668 bene
698 607 857 685 beateque
879 601 1027 680 vivendi,
1047 611 1086 664 ut
1101 610 1187 662 esset
1202 621 1291 663 sem-

67 689 111 743 20.
133 706 194 766 per
224 686 365 768 denique
397 689 522 752 beatus.
572 687 638 750 Sed
659 687 789 764 videro,
819 685 898 768 quid
920 687 1052 749 efficiat.
1105 685 1290 765 Tantisper

132 769 196 832 hoc
227 771 336 851 ipsum
364 773 478 858 magni
509 773 660 850 aestimo,
692 768 780 853 quod
808 770 997 849 pollicetur.
1049 765 1135 830 Nam
1157 765 1291 828 Xerxes

131 954 267 1019 tecturam
278 969 314 1005 se
332 969 417 1016 eum,
437 949 485 1018 qui
504 950 562 994 -“
580 953 643 1006 Fre.
663 953 748 1007 Fabr.
785 953 866 1004 Unus
885 951 935 1004 Ox.
955 951 1041 1003 habet
1062 955 1289 1020 profecturam,

130 1026 280 1093 frequenti
300 1041 408 1077 errore.
429 1026 504 1076 Mon.
524 1026 548 1076 1.
568 1025 742 1090 effecturam
761 1023 858 1074 Duisb.
877 1037 907 1073 se
926 1024 972 1086 ei,
991 1022 1062 1078 Edd.
1084 1025 1153 1075 Ven.
1174 1024 1236 1077 Alt.
1257 1027 1287 1079 P.

130 1095 165 1147 A.
184 1096 216 1148 B.
237 1098 267 1150 C.
294 1097 361 1151 Van.
386 1102 474 1146 nostr.
501 1094 565 1144 Asc.
585 1100 609 1148 1.
629 1097 654 1148 2.
675 1096 755 1148 Junt.
775 1095 873 1147 Herw.
894 1093 1030 1145 exhibent
1048 1110 1078 1146 se
1101 1109 1190 1160 eam,
1221 1113 1291 1148 cum

130 1156 240 1222 duobus
259 1169 329 1220 Oxx.
368 1166 421 1231 Qui
441 1166 482 1217 ita
500 1166 686 1235 scripserunt,
710 1164 848 1217 videntur
873 1164 904 1215 in
927 1164 1022 1216 verbis
1048 1166 1239 1232 perfecturam
1259 1183 1290 1220 ee

132 1253 193 1291 eam
211 1270 244 1280 —
263 1244 294 1291 ut
313 1243 385 1291 esset
405 1241 533 1289 armatus
551 1236 694 1289 recordati
714 1254 772 1289 esse
790 1234 958 1288 Terentiani
981 1235 1061 1286 illius
1079 1237 1245 1302 (Heautont.
1264 1237 1288 1291 1.

131 1312 158 1363 1.
178 1309 239 1372 32)t
257 1311 305 1375 fec
321 1324 361 1361 rue
378 1315 407 1360 at
425 1307 524 1371 sciam,
544 1306 578 1358 de
597 1323 654 1376 quo
672 1307 730 1359 vid.
749 1309 873 1379 Kriiger.
893 1306 945 1358 tib.
965 1304 992 1357 d.
1011 1306 1235 1360 Attraction
1254 1308 1292 1362 in

132 1379 191 1432 der
209 1381 281 1431 Lat.
302 1378 381 1448 Spr.
402 1396 430 1447 p.
453 1381 512 1433 137.
533 1395 594 1447 sqq.
622 1377 694 1430 Add.
721 1380 881 1446 Kayserum
907 1384 936 1427 et
954 1393 1005 1429 nos
1029 1377 1063 1429 ad
1082 1378 1142 1434 Cio.
1168 1377 1203 1430 de
1221 1379 1289 1433 Div.

132 1450 172 1502 Il.
192 1453 235 1505 38.
254 1469 282 1520 p.
301 1453 363 1505 436.
383 1457 412 1500 et
430 1450 592 1518 Kayserum
609 1447 645 1501 nd
662 1449 722 1502 Cio.
745 1448 779 1500 de
799 1448 863 1500 Div.
885 1447 923 1499 11.
941 1449 985 1503 5⁰.
1005 1465 1033 1516 p.
1052 1450 1113 1503 476.
1134 1449 1176 1501 ed.
1197 1459 1289 1507 nostr.

131 1519 261 1590 itemque
286 1521 321 1573 ad
344 1520 466 1576 eundem
490 1518 585 1571 locum
612 1520 778 1592 Hottinger.
814 1518 885 1571 Add.
915 1518 1050 1571 Ochsner.
1076 1519 1110 1571 ad
1136 1520 1196 1572 Cio.
1223 1521 1290 1574 Ecl.

130 1610 158 1662 p.
178 1595 213 1647 50
231 1610 284 1662 sq.,
303 1607 354 1643 nos
372 1591 407 1643 ad
425 1590 527 1642 Tusco.
547 1591 570 1643 Ι.
590 1592 633 1644 24.
654 1593 696 1645 56.
718 1621 749 1630 -
770 1590 835 1642 Cod.
856 1592 930 1642 Mon.
952 1593 976 1642 l.
997 1589 1082 1642 habet
1101 1591 1212 1659 legibus
1230 1592 1292 1645 suis

127 1664 365 1731 potuisset‘et
384 1667 463 1717 esset.
502 1663 536 1714 ln
558 1678 636 1730 seqq.
661 1678 753 1734 marg.
778 1662 864 1714 Goth.
893 1670 921 1714 et
939 1661 1054 1715 Lambb.
1083 1661 1170 1715 habet
1189 1664 1291 1716 conie-

130 1741 244 1785 cturam
267 1741 298 1786 ul
316 1739 385 1785 esset
412 1731 567 1803 denique*
586 1747 718 1802 semper
741 1732 853 1785 beaturi
889 1748 960 1799 quae
980 1747 1039 1782 non
1059 1741 1101 1783 est
1119 1735 1289 1788 necessaria.

130 1805 166 1855 In
191 1805 257 1859 Cod.
285 1804 372 1856 Marb.
397 1804 561 1879 legitur'ul
585 1819 721 1873 semper
747 1809 849 1856 esset.
875 1802 997 1858 HWolf.
1025 1803 1131 1856 edidit:
1163 1810 1194 1857 ut
1217 1812 1291 1860 esset

131 1890 241 1943 semper
259 1874 375 1943 denique
394 1873 553 1939 (beatas)
571 1880 723 1941 paratus
743 1873 814 1940 [sic].
852 1873 913 1925 Me.

201 1946 259 2000 Sed
276 1947 383 2010 videro,
403 1945 470 2012 quid
488 1945 604 2011 efficiat]
641 1945 686 1997 Ad
703 1964 731 1999 v.
751 1946 801 1997 s'ed
818 1946 913 1998 uidero
930 1944 988 1997 vid.
1008 1962 1058 1998 nos
1076 1946 1111 1999 ad
1129 1947 1232 2002 Tusce.
1247 1947 1288 2000 11.

132 2020 174 2073 lt.
194 2019 237 2073 26.
254 2034 317 2087 pro.
337 2016 422 2069 Codd.
442 2017 530 2069 Marb.
550 2016 623 2068 Gud.
644 2018 668 2070 2.
690 2034 756 2069 cum
774 2016 879 2068 duobus
898 2018 968 2069 Oxx.
988 2018 1036 2071 sed
1054 2016 1090 2068 oi
1096 2019 1115 2070 d
1122 2034 1188 2071 ere.
1219 2019 1289 2077 Cod.

128 2088 214 2141 Vind.
235 2093 259 2143 l.
280 2087 348 2157 quid
364 2087 488 2152 faeiat.
523 2088 604 2140 Unus
624 2087 674 2139 Ox.
694 2087 805 2141 omittit
822 2087 909 2139 verba
928 2088 996 2157 quid
1014 2087 1130 2153 efficiat.
1168 2090 1231 2146 Mr.

204 2175 364 2245 Tantisper]
393 2177 544 2242 „Interea
563 2176 690 2229 absolute
707 2177 838 2247 ponitur,
857 2175 932 2228 sicut
950 2178 1025 2245 apud
1042 2178 1173 2230 Livium:
1193 2186 1291 2235 tamen

128 2247 161 2299 id
178 2247 327 2316 imperium
346 2247 373 2299 ei
391 2248 430 2299 ad
446 2248 576 2314 puberem
595 2254 715 2300 aetatem
740 2247 876 2299 incolume
900 2249 1003 2300 rnausit
1031 2249 1172 2316 tantisper
1198 2251 1289 2304 tutela

129 2318 266 2372 muliebri.
286 2319 468 2387 Frequenter
485 2319 612 2387 postulat
629 2318 701 2370 haec
719 2318 809 2370 dictio
829 2318 978 2386 tantisper,
997 2327 1030 2371 ut
1050 2321 1205 2391 copuletur
1220 2340 1289 2375 cum

130 2390 196 2441 dum
218 2389 267 2441 vel
292 2391 393 2458 quoad,
423 2389 623 2459 accipiturque'
646 2406 701 2458 pro
726 2394 782 2440 tam
808 2389 873 2455 diu,
901 2390 976 2441 sicut
1002 2390 1077 2461 apud
1102 2392 1289 2459 Terentium,

131 2459 275 2523 Gelliu'm,
304 2461 493 2522 Ciceronem,
526 2460 659 2511 Plautum
683 2469 713 2512 ot
735 2468 859 2523 ceteros,
892 2461 944 2529 qui
969 2479 1042 2530 pure
1068 2463 1196 2531 loquuti·
1211 2473 1287 2517 sunt.

128 2531 245 2582 Plautus
264 2531 295 2581 in
313 2530 521 2583 Menaechmis:
543 2529 651 2582 Mulier
669 2530 809 2598 tantisper
827 2531 980 2598 blanditur,
1008 2528 1074 2585 dum
1102 2536 1174 2602 quod
1191 2536 1290 2603 rapiat

128 2601 236 2654 uidet.“
259 2602 395 2655 Beroald.
431 2604 484 2654 Pro
511 2605 649 2669 tantisper
675 2603 729 2654 hac
752 2603 895 2654 sententia
916 2619 976 2654 non
1002 2603 1073 2656 bene
1103 2605 1161 2657 dici
1180 2605 1290 2659 interea

130 2680 229 2724 monet
247 2672 376 2736 Wolfius
404 2672 440 2723 in'
461 2671 576 2725 scholis.
613 2674 667 2724 Pro
691 2674 789 2738 magni
811 2682 852 2724 est
876 2672 968 2741 magis
992 2674 1024 2724 in
1047 2693 1104 2729 uno
1132 2678 1180 2729 Ox.
1212 2676 1287 2732 Gud.

130 2741 220 2798 Rehd.
259 2740 397 2812 Sequitur
422 2744 454 2794 in
478 2742 585 2796 duobus
610 2743 827 2812 posterioribus,
846 2745 937 2796 Marb.
968 2744 1051 2797 Vind.
1073 2751 1097 2800 l.
1128 2756 1157 2800 et
1181 2741 1288 2800 duobu's

92 2826 95 2830 ’
131 2814 196 2866 aliis
214 2815 283 2868 Oxx.
304 2813 445 2880 existimo,
471 2814 503 2864 in
521 2830 578 2866 uno
598 2815 648 2868 Ox.
670 2823 698 2867 et
717 2816 791 2866 Mon.
812 2819 837 2870 1.
858 2816 883 2868 2.
904 2813 1018 2882 extimo,
1037 2817 1113 2871 Gud.
1129 2821 1154 2874 2.
1176 2819 1289 2873 omittit

130 2884 232 2955 ipsum.
269 2885 330 2938 Mr.

136 3019 146 3026 ..
201 2971 270 3026 Nam
293 2974 405 3028 Xerxes
430 2972 685 3043 quidem‘refertus
710 2973 837 3035 omnibus
858 2975 1007 3043 praemiis]
1045 2977 1159 3043 „Palat
1189 2987 1284 3048 quart.

131 3045 240 3098 Perses.
279 3032 327 3099 sib
346 3046 378 3096 in
396 3045 563 3098 catalectis:
583 3045 683 3097 Perses
701 3061 821 3111 maguus
839 3049 927 3112 adest,
947 3049 1025 3100 orbis
1050 3049 1202 3102 comitatur
1220 3066 1288 3107 eun·

131 3123 195 3168 tem.
235 3116 386 3168 Lambinus
404 3117 479 3189 legit
498 3115 646 3184 [probante
664 3115 687 3166 F
689 3134 729 3168 rc.
750 3117 847 3184 Faba]
867 3118 992 3171 omnibus
1010 3121 1218 3173 muneribus
1230 3122 1288 3174 'do-

131 3186 242 3256 nisque.
263 3186 348 3238 credo
368 3187 435 3255 quia
451 3205 479 3237 v.
498 3188 627 3253 praemia
646 3203 702 3238 non
722 3188 859 3257 capiebat.
897 3190 945 3242 Sic
963 3191 1094 3260 Propert.
1121 3191 1200 3246 nulla
1215 3190 1290 3251 mitt

131 3257 214 3311 tristi
227 3258 356 3328 praemia
374 3256 432 3311 sint
444 3257 571 3326 Venere.
592 3265 621 3309 et
638 3256 709 3310 hinc
724 3259 933 3328 praemissus.“
969 3260 1050 3318 Gebb.

201 3347 276 3400 Nem
297 3346 409 3399 Xerses
432 3348 542 3416 quidem
564 3346 701 3412 refertus]
738 3348 802 3413 „In
825 3349 883 3401 Pal.
909 3358 1011 3417 quarto
1039 3350 1151 3426 legitur
1175 3349 1287 3417 Perses,

132 3435 188 3486 quo
205 3435 281 3501 sane
305 3419 422 3502 nomine
444 3420 593 3470 Persarum
623 3436 676 3471 rex
692 3420 841 3495 veniebatt
869 3422 957 3472 Vetus
978 3430 1064 3490 poeta
1087 3423 1119 3474 in
1143 3421 1288 3498 scaligeri

133 3489 224 3542 catal·
243 3489 405 3682 hbglmterp
416 3491 536 3627 dagnus
553 3561 648 3627 adesl;
676 3569 750 3616 totus
768 3532 919 3615 consitatur
936 3568 1043 3616 euntem
1099 3602 1102 3607 -

131 3702 170 3754 Et
187 3700 286 3771 paullo
299 3633 436 3825 1135558·-
456 3703 600 3757 Cousmisil
619 3704 703 3772 longa
724 3705 777 3758 duo
796 3705 898 3758 littora
914 3711 997 3774 ponte

130 3842 206 3896 Dion
224 3789 443 3914 Chrysddddriius
462 3845 537 3899 Orat.
557 3846 610 3899 111.
630 3866 658 3917 p.
680 3849 727 3901 36:
748 3840 901 3915 ἐτύγχανεν
918 3839 1031 3919 ἄπειρος
1050 3839 1092 3901 <dr
1109 3847 1159 3900 τοῦ
1176 3843 1288 3920 Πέρσου

131 3919 178 3979 τῆς
196 3919 290 3984 ψυχῆς.
328 3916 371 3967 Ac
388 3935 416 3985 p.
438 3918 490 3971 55:
518 3917 544 3968 Ὁ
565 3917 618 3984 μὲν
641 3920 747 3989 Πέρσης
770 3917 819 3969 ἕνα
838 3914 897 3970 τινὰ
921 3919 1013 3987 ἔσχεν,
1039 3916 1192 3990 ὀφθαλμὸν
1210 3926 1288 3986 βασι-

131 3988 196 4047 λέως
214 3989 371 4053 λεγόμὲνον.
410 3987 520 4038 lterum
545 3988 621 4040 Orat.
640 3991 689 4042 VI.
714 4008 743 4058 p.
764 3991 813 4046 88:
839 3987 1008 4044 ἐνεδείκνυτο
1032 3996 1088 4050 τοῖς
1113 3990 1290 4058 θαυμάζουσι

131 4054 328 4112 stentoreos
343 4065 400 4115 ,τοῦ
421 4059 540 4131 Πέρσου.
578 4060 661 4112 Haud
685 4059 770 4111 aliter
797 4061 862 4130 plus
884 4062 1013 4131 simplici
1042 4063 1108 4116 vice
1125 4062 1288 4131 loquuntur

132 4129 350 4212 Piutarohuset
368 4130 512 4215 Aelianus,
532 4131 600 4183 adeo
620 4138 653 4182 ut
671 4132 745 4183 ferri
763 4133 853 4200 possit
871 4133 922 4184 illa
931 4133 1028 4215 lectio.
1048 4135 1173 4218 Vulgata
1190 4143 1289 4188 tamen

131 4199 249 4251 videtur
271 4202 489 4269 praeferenda.“
517 4203 587 4254 Dav.
616 4202 670 4253 Ed.
693 4207 716 4257 Ι.
742 4201 786 4255 Ad
803 4221 866 4256 rem
893 4207 930 4255 cf.
951 4205 1009 4256 Cic.
1030 4205 1064 4256 de
1083 4207 1167 4256 an.
1188 4207 1225 4258 11.
1242 4207 1287 4261 34.

133 4273 201 4324 112:
220 4269 328 4323 Xerxes
342 4289 403 4326 eum
421 4272 510 4325 tantis
528 4271 674 4338 elassibus,
695 4275 830 4344 tantisque
849 4277 874 4327 et
891 4274 1068 4342 pedestribus
1087 4275 1177 4344 copiis
1196 4284 1288 4329 eet.—

132 4342 509 4408 Unus-Ox.01nittitNam,
530 4344 603 4395 alius
620 4344 707 4397 habet
725 4361 788 4397 nans
814 4352 845 4398 et
863 4347 984 4411 Xerxes,
1012 4347 1084 4398 alius
1112 4363 1179 4400 aene
1196 4347 1288 4400 Xer·

133 4427 203 4479 ses,
223 4430 290 4466 curn
308 4415 373 4469 Cod.
394 4415 506 4480 Duisb.;
528 4415 558 4467 in
571 4418 646 4469 tlon.
657 4422 682 4472 Ι.
702 4425 745 4469 est
763 4432 827 4470 nem
845 4422 879 4469 et
898 4433 995 4471 esses
1014 4417 1127 4486 quidem
1143 4435 1181 4472 re
1187 4420 1287 4485 fretus.
