2856 5084
134 270 194 336 na
321 270 550 346 emanatus
572 245 818 346 nuscanum,
841 271 1071 338 otsrunau.

133 457 207 503 sum
238 440 437 501 exstinctum
459 447 570 522 putem
600 436 688 522 quod
709 448 820 502 autem
852 458 951 502 sensu
974 449 1096 516 careat,
1129 437 1212 501 nihil
1241 439 1285 502 ad

43 547 46 552 ·
132 540 192 583 aas
214 519 250 582 id
269 520 395 583 iudicet
415 525 595 604 pertinere.
639 521 721 584 ltem
742 523 784 586 de
805 521 923 585 dolore
943 532 1036 584 certa
1056 521 1168 598 habet,
1197 532 1285 605 quae

133 613 304 686 sequatur:
326 605 420 678 cuius
442 603 705 690 magnitudinem
726 606 893 669 brevitate
915 605 1120 680 consolatur,
1148 605 1284 690 longin-

131 790 165 854 11,
188 791 249 846 125.
288 789 328 844 Ti
352 789 578 862 φρικωδέστατον
608 787 661 847 οὖν
682 791 739 845 τῶν
765 798 859 846 κακοῖν
888 787 904 846 ὁ
936 791 1074 855 θάνατος,
1099 788 1183 845 οὐδὲν
1212 788 1284 864 πρὸς

129 860 213 933 ἡμᾶς,
231 859 379 932 ἐπειδήπερ
398 863 464 918 ὅταν
480 860 535 933 μὲν
551 862 629 932 ἡμεῖς
648 858 732 929 ὦμεν,
760 858 913 929 dirivatur
931 865 966 917 oti
984 857 1130 930 πάρεστιν·
1157 863 1226 917 ὅταν
1251 861 1284 916 δὲ

103 966 105 970 -
130 929 286 994 dirivatae
304 938 388 1005 παρῇ,
416 932 475 986 τόθ’
493 929 573 1004 ἡμεῖς
596 931 646 989 οὐκ
664 932 755 1002 ἐσμέν.
790 933 837 987 Et.
863 933 886 1000 i.
908 936 967 990 1³9.
988 934 1030 984 ’Ὀ
1053 928 1173 997 θάνατος
1194 931 1281 987 οὐδὲν

130 997 302 1074 anticipante·
320 1006 352 1058 td
371 1004 425 1074 yda
443 1003 574 1057 διαλυθὲν
590 1005 762 1072 ἀναισθητεῖ,
781 1005 811 1058 τὸ
831 1002 862 1057 di
878 1007 1074 1070 ἀναισθητοῦν,
1101 1002 1185 1059 οὐδὲν
1208 1004 1280 1076 πρὸς

129 1069 210 1140 ἡμᾶς.
247 1074 333 1126 Plura
351 1074 498 1149 congessit
516 1075 586 1151 Aeg.
606 1078 754 1199 Menaqiua
773 1076 808 1128 ad
827 1076 956 1129 eiusdem
974 1072 1045 1127 libri
1082 1078 1169 1132 .1t‹t.
1207 1075 1243 1128 D.

200 1142 244 1196 De
261 1151 342 1199 morte
362 1147 429 1198 enim
446 1144 521 1197 ista
538 1145 633 1213 rentii]
670 1182 691 1212 „
724 1163 738 1199 e
761 1146 848 1199 eita
872 1145 956 1198 rentii
973 1161 1040 1198 cum
1057 1143 1184 1211 Danista,
1211 1163 1280 1199 cum

130 1229 189 1284 quo
206 1215 279 1268 facit
296 1233 371 1269 unus
389 1214 493 1270 Leid.“
510 1215 597 1270 ΒοαΙι.
629 1164 891 1287 ,,Ηκοοῆοᾳαοαᾱὶ
907 1218 1004 1269 forma
1022 1215 1088 1286 plus
1105 1215 1192 1271 habet
1210 1216 1281 1270 sim-

129 1284 283 1408 plicitatis,
312 1304 398 1356 quam
424 1287 600 1361 elegantiae:
630 1289 655 1340 si
678 1288 853 1364 elegantiam
879 1286 1057 1357 appellamus
1085 1303 1163 1351 eam,
1193 1304 1282 1356 quam

153 1357 219 1410 odie
237 1357 512 1422 sectanturcritici,
532 1363 560 1410 et
577 1372 637 1411 non
656 1359 856 1411 morositatem
883 1356 982 1429 potius
1009 1357 1098 1411 nimis
1117 1356 1282 1412 delicatam.

19 1467 22 1472 .
130 1427 213 1479 Hanc
230 1428 312 1481 iaxta
330 1428 434 1482 fuisset
451 1427 508 1482 hoc
525 1429 608 1482 modo
627 1428 817 1495 loquendum:
841 1436 948 1482 mortem
966 1427 1036 1495 quod
1057 1429 1166 1495 attinet,
1191 1428 1283 1481 dieta-

130 1499 188 1550 lato
206 1498 341 1550 animante
358 1513 461 1551 aeneum
479 1500 637 1555 exstinctam
653 1507 740 1567 putat.
777 1498 833 1554 Sed
851 1517 888 1554 ne
906 1500 938 1552 in
964 1497 1104 1553 hocloco
1132 1498 1203 1571 quip
1225 1499 1283 1553 iam

131 1569 305 1635 committas,
324 1587 361 1623 en
377 1576 495 1639 praeter
507 1570 574 1636 alia,
593 1588 665 1641 quae
682 1570 757 1627 mihi
768 1578 884 1654 praesto
899 1577 977 1636 sunt,
995 1569 1119 1640 paucula
1138 1571 1195 1624 ista
1234 1570 1284 1624 nic

130 1639 252 1693 similia:
272 1638 307 1694 de
315 1640 352 1696 N.
362 1640 396 1692 D.
410 1639 449 1692 11.
463 1641 513 1695 aas
533 1647 585 1693 tam
604 1648 689 1694 autem
707 1657 752 1694 rer
768 1641 924 1709 apsa-sic
942 1642 1105 1709 appellatur,
1123 1647 1154 1694 nt
1172 1656 1205 1692 ea
1222 1639 1284 1708 ipsa

130 1711 345 1836 ”iiiiii
362 1710 1285 1851 §initii‘ttntttttttt.t‘tt².t‘:sitiat

133 1808 165 1818 -
278 1822 285 1836 ·
337 1824 343 1839 ⁸
407 1800 414 1835 ζ
991 1818 1001 1846 7

129 1850 170 1914 id,
190 1857 238 1904 ant
255 1867 307 1906 nan
325 1867 391 1905 erse.
420 1850 559 1915 llusmV.
577 1855 629 1908 ³32
658 1819 788 1922 totanqiaae
805 1852 856 1906 iac
873 1885 906 1897 -
925 1851 1189 1921 deprecantinm
1210 1853 1285 1905 volu·

149 1927 230 1975 tatem
252 1922 338 1990 ipsam
363 1928 397 1960 ’-
420 1923 592 1990 expetendam
617 1923 723 1990 putet.“
749 1925 891 1991 chiem.
934 1923 1028 1978 Lectt.
1051 1920 1131 1995 Tull.
1159 1940 1190 1993 p.
1221 1925 1282 1980 112.

127 1938 204 2058 flii.
222 1993 329 2060 Hand]
364 1992 410 2046 Ad
427 2010 499 2063 quae
516 1993 661 2050 Handiust
679 1995 759 2062 „His
779 1995 908 2049 similior
925 1994 1060 2050 redditur
1083 1993 1175 2057 locus,
1200 1994 1227 2048 si
1245 2010 1283 2048 ex

130 2062 195 2117 aliis
213 2063 297 2118 libris
315 2064 514 2118 restituimust
534 2064 568 2117 de
584 2072 667 2118 morte
685 2065 753 2119 enim
772 2065 828 2118 ita
845 2063 938 2130 sentit,
964 2071 993 2119 nt
1013 2063 1079 2116 -.“
1114 2065 1187 2132 „na
1210 2064 1284 2119 bene

151 2149 185 2187 ro
201 2134 323 2210 vulgato
341 2134 398 2186 ista
414 2133 564 2189 Davisius:
584 2143 686 2204 estque
704 2137 735 2189 in
752 2135 810 2192 MS.
829 2133 933 2190 Leid.“
950 2136 1017 2203 Era.
1045 2134 1086 2190 Im
1109 2137 1172 2189 itur
1188 2135 1232 2189 ita
1250 2134 1304 2188 in*

129 2150 203 2258 dtu.
223 2207 261 2257 M.
279 2205 311 2258 1..
331 2204 398 2259 Ald.
418 2205 483 2257 Car.
501 2203 601 2275 steph.
625 2206 706 2262 Boul.
729 2206 817 2260 Leod.
837 2204 918 2276 sylb.
941 2205 1059 2260 Lambb.
1079 2151 1174 2261 doun
1199 2192 1282 2260 Brut.

27 2311 29 2314 >
128 2271 201 2330 Dar.
221 2276 293 2328 Ern.
314 2292 391 2346 seqq.
416 2275 537 2329 Codices
556 2291 626 2330 vero
643 2276 685 2330 ita
702 2275 812 2332 liabent
828 2277 1008 2347 paucissimi,
1028 2276 1105 2331 Gud.
1119 2276 1205 2330 Vind.
1217 2281 1241 2333 l.
1254 2278 1282 2332 3.

128 2345 231 2415 Neque
254 2363 334 2410 vero,
360 2344 473 2400 etiamsi
499 2345 568 2400 God.
592 2346 662 2422 Reg.
691 2354 721 2402 et
739 2347 843 2420 optimi
862 2348 911 2416 qui
934 2364 970 2402 ue
989 2346 1220 2414 exhilaramini,
1247 2345 1282 2399 ad

130 2415 205 2468 hanc
230 2415 388 2470 lectionem
412 2413 589 2470 redeundum
611 2419 680 2471 fuit.
717 2418 772 2473 Pro
796 2419 880 2472 rentii
937 2435 983 2471 on.
1004 2423 1029 2475 1.
1060 2425 1089 2472 et
1107 2417 1157 2472 Ox.
1175 2417 1211 2470 D.
1230 2416 1283 2471 ha·

129 2485 200 2540 beat
223 2486 323 2552 rentii,
354 2487 387 2539 in
409 2485 467 2539 alio
493 2485 543 2543 Ox.
567 2487 671 2541 desunt
693 2489 781 2554 verba
804 2495 835 2542 nt
852 2487 984 2544 dissoluto
1002 2487 1145 2542 animante.
1172 2488 1226 2543 Ed
1246 2488 1281 2541 A.

128 2554 217 2610 habet
242 2556 383 2610 direaluta.
420 2557 486 2611 Mox
505 2556 573 2611 Cod.
598 2558 681 2612 Vind.
703 2563 728 2615 1.
752 2560 791 2612 ad
814 2574 862 2611 nos
886 2559 965 2625 aiiii,
994 2576 1068 2612 unus
1092 2559 1144 2616 0¹.
1172 2560 1211 2612 ad
1227 2574 1284 2611 moe

129 2626 314 2694 adiudicat,
334 2627 408 2680 alius
428 2627 474 2679 od
489 2642 549 2680 noe
566 2627 680 2696 indicet,
698 2632 773 2684 Mon.
799 2633 823 2685 1.
843 2629 881 2682 ad
897 2647 945 2682 nos
963 2629 995 2683 id
1011 2629 1163 2695 iudicat,
1188 2627 1280 2683 Marb.

129 2696 168 2748 ad
192 2711 240 2749 noa
263 2697 295 2750 id
316 2696 494 2752 videlicet.
532 2699 631 2774 Pergit
655 2700 742 2764 idem,
764 2700 856 2768 idem·
881 2700 983 2765 dolore,
1007 2700 1110 2754 omisso
1134 2698 1176 2766 de,
1222 2700 1282 2752 uod

129 2767 209 2821 abest
227 2769 313 2822 etiam
331 2785 348 2821 a
365 2767 456 2822 Rehd.
475 2769 550 2823 Gnd.
571 2775 596 2826 1.
609 2773 646 2835 ·2;
665 2771 727 2825 eius
745 2771 811 2825 loco
829 2769 929 2825 Duisb.
948 2774 1025 2824 Mon.
1044 2774 1068 2827 1.
1088 2778 1117 2824 et
1133 2717 1279 2824 tresdxx.

130 2837 237 2893 habeat
253 2839 292 2893 in.
323 2838 413 2894 liehd.
435 2839 565 2893 dolorem
589 2846 672 2893 a'erto
691 2873 723 2884 -
742 2849 910 2911 sequantur,
934 2840 1032 2895 Duisb.
1058 2840 1137 2897 dubet
1164 2846 1282 2907 certa,

129 2911 206 2964 Mon.
227 2914 250 2965 1.
271 2927 338 2964 cum
357 2909 406 2964 Ox.
425 2909 459 2962 D.
479 2916 591 2963 aeriam
608 2909 691 2964 nabet
710 2928 771 2980 qua
788 2919 924 2981 aequatur.
963 2911 1023 2965 Mr.
1080 2930 1083 2937 ·

201 2979 291 3035 Gaius
309 2981 524 3046 magnitudinem
541 2981 684 3049 brevitate]
721 2980 769 3036 Sic
788 2982 830 3038 cl.
852 2982 1000 3038 Bentleius
1019 2981 1160 3053 reposuit.
1186 2981 1243 3035 Vul
1265 2997 1281 3035 o

130 3066 243 3117 quoram.
280 3053 388 3106 Noster
406 3050 441 3104 de
459 3052 524 3104 Fin.
543 3051 593 3105 lib.
615 3052 652 3104 11.
673 3064 733 3123 cap.
753 3055 779 3107 t.
817 3054 875 3106 Iam
894 3050 997 3107 doloris
1017 3052 1211 3113 medicamenta
1229 2998 1281 3105 ida

127 3120 267 3187 Epicurea
292 3126 415 3186 tanquam
437 3121 471 3173 de
491 3120 638 3174 'narthecio
661 3131 793 3190 promant,
819 3124 847 3178 ri
863 3123 970 3191 gravit,
990 3121 1095 3188 drevis3
1127 3123 1156 3176 si
1172 3123 1280 3189 longua,

129 3189 206 3243 levia.
243 3191 317 3245 Vide
335 3188 498 3266 Diogenem
515 3190 666 3246 Laertium
683 3194 717 3260 X,
738 3197 796 3251 lid.
816 3191 1118 3265 aliosqne'plnrimos.
1156 3193 1192 3248 D.

200 3261 298 3314 enine
323 3260 545 3327 magnitudinem]
581 3263 695 3328 „Recte
722 3273 913 3321 correxerunt
930 3264 1030 3323 Bentl.
1056 3272 1086 3319 et
1102 3264 1176 3318 Dav.
1206 3262 1282 3317 caiae

128 3331 323 3407 provulgata
342 3348 455 3400 querna.
483 3332 668 3387 scribebatur
687 3336 747 3388 anti
789 3335 847 3390 itus
866 3334 972 3404 quoiam
991 3334 1069 3393 unde
1087 3351 1170 3390 error
1190 3343 1282 3397 ortus,

130 3402 182 3473 qui
200 3401 251 3459 rel
266 3403 471 3458 vetustissimis
488 3402 573 3458 libris
592 3404 732 3463 insidet.“
749 3352 837 3461 diua
873 3407 957 3473 „Pro
983 3422 1089 3475 qaorum
1107 3421 1168 3459 esse
1183 3404 1281 3461 'debess
1318 3465 1321 3471 ,

128 3472 176 3526 bat
200 3474 284 3540 wius,
309 3481 346 3527 ut'
368 3473 445 3541 vidit
466 3475 562 3529 Bentl.
599 3474 655 3529 Sed
679 3492 744 3529 cum
770 3493 802 3531 ea
827 3477 971 3532 anomalia
996 3477 1028 3535 in
1045 3475 1093 3537 his
1118 3475 1204 3529 libris
1222 3491 1281 3535 non

129 3560 196 3598 raro
214 3551 358 3612 occurrat,
378 3563 406 3601 v.
426 3561 450 3602 c.
470 3546 526 3599 111.
546 3546 588 3601 15.
608 3548 657 3612 323
679 3546 738 3614 [sed
757 3546 799 3599 ibi
818 3554 905 3600 esseni
931 3547 1049 3612 merito,
1077 3555 1111 3600 ut
1134 3544 1217 3600 nobis
1235 3546 1282 3599 vi-

129 3612 224 3681 detur,
245 3616 424 3668 correximus
443 3616 475 3668 ia
493 3622 571 3681 asan,
589 3622 624 3670 ut
641 3617 676 3670 ad
694 3616 787 3684 maiam
805 3617 986 3684 referatnrr]
1014 3633 1074 3670 non
1089 3617 1190 3683 ¹ausim
1210 3617 1281 3677 scri-

57 3686 59 3690 ’
128 3682 198 3738 bere
222 3685 341 3737 dolorum
364 3685 429 3756 [pro
447 3688 581 3755 quornmJ,
617 3687 694 3756 quod
717 3695 845 3749 meatem
869 3686 990 3743 subiit.“
1017 3687 1127 3742 Nissen.
1170 3687 1282 3754 „Ouiae

129 3751 243 3821 habent,
262 3757 287 3808 si
305 3753 374 3810 fides
394 3756 593 3821 collatoribus,
613 3756 669 3810 duo
688 3758 758 3810 Oxx.
779 3758 879 3826 [tres]=
905 3758 949 3825 de¹
963 3757 1091 3813 Bentleii
1116 3759 1281 3812 coniectura

25 3869 27 3872 .
128 3824 199 3881 Dav.
220 3834 250 3880 et
267 3824 412 3885 unwolf.
452 3830 565 3885 Quorum
588 3826 629 3881 Re
652 3866 658 3878 .
684 3829 769 3882 Bern.
794 3846 861 3883 cum
878 3828 1038 3901 plerisque,
1063 3831 1089 3882 si
1113 3844 1172 3883 non
1191 3829 1282 3882 omni·

128 3895 190 3964 bas,
218 3898 290 3955 Edd.
315 3913 413 3952 oannes
437 3907 555 3968 praeter
572 3898 607 3950 D.
627 3843 689 3965 dist,
708 3900 795 3953 etiam
814 3900 898 3957 Schz.
935 3898 1070 3954 Tolerari
1088 3900 1208 3952 omnino
1226 3898 1282 3951 hac

56 4011 61 4018 .
129 3971 282 4034 σολοικῖζον
307 3964 501 4022 ἀνακόλουθον
525 3985 583 4022 non
606 3977 715 4039 potest,
743 3970 792 4024 sed
815 3980 864 4024 aut
889 3970 964 4024 caina
990 3969 1203 4041 recipiendum,
1234 3976 1282 4035 ant

129 4038 223 4094 deleto
249 4038 423 4111 pronomine
448 4039 647 4094 scribendumt
680 4055 748 4108 quae
772 4047 914 4108 sequatur.-
938 4041 1160 4106 magnitudinem.
1203 4038 1282 4094 Scite

128 4108 220 4167 Bouh.
240 4113 373 4165 observat
391 4110 499 4176 qnorum
518 4113 591 4163 oriri
608 4112 774 4182 potuissee
798 4113 943 4182 scriptura
969 4112 1078 4179 quoiam
1101 4112 1161 4165 nisi
1184 4110 1281 4180 potius

129 4198 144 4233 c
167 4182 240 4235 falsa
264 4179 528 4234 accommodatione
554 4182 590 4235 ad
614 4181 748 4253 proxime
775 4181 1009 4253 praecedentia.“
1028 4183 1114 4238 Orett.
1134 4180 1207 4236 Est
1232 4179 1280 4232 laic

129 4250 210 4306 locus
229 4251 327 4313 iniis,
346 4252 448 4321 quibus
466 4254 628 4306 necessario
646 4270 662 4306 a
681 4252 765 4307 libris
790 4251 994 4308 discedendum
1011 4254 1087 4305 fuit:
1106 4252 1227 4322 quain
1248 4266 1280 4303 re

129 4321 206 4376 illud
223 4327 337 4373 tantum
355 4323 482 4388 mireris,
508 4324 589 4378 ferte
606 4325 738 4394 potuisse
756 4323 888 4394 ineptum
907 4322 982 4377 illud
1000 4334 1108 4393 quornm
1126 4330 1172 4376 tot
1191 4321 1280 4376 edito·

130 4408 185 4457 res,
217 4392 386 4459 nuperrime
413 4395 500 4451 etiam
518 4393 671 4448 Nobbium.
707 4395 753 4449 Or.
774 4413 840 4448 cum
860 4396 975 4450 Oliveto
995 4394 1107 4463 recepit
1132 4392 1221 4447 attiae:
1250 4393 1280 4443 in
