2856 5084
197 280 261 350 272

202 447 628 534 pluresquememoraram,
649 446 679 507 si
700 447 755 508 vir
766 445 1016 524 celeberrimus,
1037 456 1076 509 ut
1096 450 1207 518 facere
1227 457 1355 509 statue·

201 575 266 644 rat,
294 566 331 625 in
369 561 721 626 Animadversionibus
754 562 834 624 huic
870 563 959 625 libro
984 563 1222 651 subiungendis
1244 576 1355 627 osten-

202 680 314 773 disset,
337 681 457 762 quibus
484 679 704 744 fundamentis
740 683 837 743 nixae
870 683 1005 747 fuerint.
1056 681 1140 744 Cum
1170 693 1280 746 tamen
1314 703 1355 745 ea

202 817 275 882 spes
314 798 514 876 desolasset3
558 784 687 860 multas
717 797 888 877 lectiones,
929 819 1008 888 quas
1045 799 1105 861 ille
1147 798 1354 883 recipiendas

202 915 377 996 indicarat,
399 936 419 978 a
437 914 502 978 fide
524 919 677 982 codicum
696 915 841 1000 pendere
862 915 1104 980 declaravimus
1125 927 1188 980 etc
1213 931 1249 970 s«

285 1059 302 1098 »
313 1034 474 1116 Quorum
487 1034 642 1123 lucorum
668 1035 757 1098 inter
783 1054 819 1096 se
836 1037 1102 1136 comparatione
1121 1038 1220 1123 facta,
1252 1045 1302 1097 ut
1319 1047 1354 1100 et

203 1173 244 1215 ex
271 1153 376 1215 notis
387 1141 479 1236 ipsis,
512 1129 607 1236 patet
632 1115 813 1215 Davisiurn
846 1172 866 1213 a
899 1152 1052 1216 Bentleio
1084 1152 1353 1216 Tusculanarum

201 1271 372 1355 exemplar
398 1268 607 1357 emendatum
632 1272 807 1362 accepisse,
840 1289 906 1351 quo
934 1269 977 1333 ad
1003 1269 1166 1333 edendum
1186 1281 1351 1349 uteretur,

90 1394 91 1397 ’
200 1390 311 1474 ipsum
355 1398 467 1450 autem
503 1387 691 1452 Bentleium
728 1388 1018 1472 observationibus
1050 1392 1177 1474 primae
1210 1387 1353 1452 editioni

199 1506 387 1569 subiunctis
408 1505 491 1567 alias
513 1504 670 1588 quasdam
701 1508 883 1582 innectere,
914 1505 1014 1569 MSS.
1038 1507 1262 1590 complurium
1284 1506 1353 1568 lec.-

201 1623 352 1698 tionibus
389 1619 553 1703 adiutum,
587 1599 784 1709 praesertim
818 1621 952 1697 codicis
965 1624 1062 1709 Regii
1096 1620 1302 1702 parisiensis,
1333 1643 1353 1684 a

202 1734 366 1805 Salmasio
390 1744 505 1826 tantis
525 1739 678 1833 laudibus
713 1738 882 1837 celebrati,
912 1738 1099 1831 destinasse.
1150 1738 1235 1802 Cum
1267 1759 1352 1802 vero

80 1903 85 1910 -
107 1896 109 1900 ,
201 1877 279 1928 casu
301 1857 459 1952 quodam,
486 1869 524 1922 ut
544 1879 564 1921 a
583 1856 1003 1948 viro-longe‘doctissimo
1030 1857 1127 1951 haudd
1146 1860 1193 1920 ita
1220 1855 1353 1941 pridem

202 1979 326 2062 accepi,
350 1973 545 2040 collationes
566 1979 649 2067 istae
670 1974 926 2054 intercidissent,
948 1977 1023 2039 loca
1040 1976 1201 2068 nonnulla
1222 1961 1352 2037 eocon-

201 2091 279 2194 silio
308 2105 474 2189 ercerpta,
507 2104 545 2156 ut
571 2063 933 2182 animadversionibus
941 2093 1204 2194 instruerentur,
1226 2095 1352 2154 intacta

201 2206 440 2304 permansere,
462 2220 634 2320 tutumque
662 2209 752 2274 aden
773 2230 854 2326 spus
881 2208 1050 2302 nunquam
1081 2210 1123 2274 ad
1150 2212 1249 2273 finem
1276 2229 1352 2295 per-

201 2325 338 2394 ductum
358 2339 417 2394 est.
426 2345 442 2385 «
494 2341 497 2347 ’
