2856 5084
535 270 877 339 ADDITAMENTA.
976 282 993 311 ⁹
1226 279 1290 345 406

132 441 202 507 ling.
222 435 388 496 Exercitatt.
408 436 521 494 Patrae
557 436 659 506 (Hain.
680 440 759 496 leta
774 436 814 503 8·)
832 456 860 509 p.
880 435 1006 496 12-17.
1030 438 1101 493 Eius
1118 435 1189 508 riri,
1207 444 1289 498 ouiut

131 510 247 634 gihellus
264 510 339 580 apud
356 527 408 563 nos
426 518 469 563 est
486 510 658 576 rarissimus,
684 510 826 563 sententia
847 508 919 564 haec
943 517 994 563 est.
1032 511 1161 565 Primum
1179 514 1289 585 impro-

150 589 179 633 at
205 597 320 652 operam
348 599 364 633 a
387 578 535 656 scaligero
562 581 608 634 his
635 579 763 635 versibus
785 588 880 634 metro
909 580 1120 657 adstringentis
1146 593 1287 654 navatem,

131 652 208 722 quod
225 652 336 705 factum
353 652 412 703 iam
431 651 773 724 improbavitllcntleius3
792 650 896 706 deinde
914 652 1125 708 emendationes
1137 655 1287 725 temeram,

131 722 269 789 faciliter,
290 721 427 790 ,futiliter
450 723 552 776 futiles
577 739 637 777 esse
655 723 705 788 ait,
732 731 797 774 tum
821 723 1027 792 explicationes
1052 723 1218 789 fertilitatis
1235 729 1289 782 Be·
1314 752 1316 763 ·

131 793 224 846 roaldi
243 803 273 847 et
290 793 419 846 Turnebi
437 793 581 864 reprobat,
613 794 737 862 denique
766 792 944 860 fertilitatem
971 809 1025 866 pro
1042 795 1212 868 fecunditate
1230 799 1288 852 dici

131 865 290 926 contendit,
319 864 422 917 addens
444 882 517 935 quae
544 864 579 919 de
600 864 788 918 matrimonio
810 865 885 918 latae
907 864 969 917 sint
986 867 1065 941 leges
1083 869 1224 943 Lycurgi,
1249 870 1288 923 iis

132 935 266 1010 instigari
293 935 373 1004 qrsasi
395 936 473 988 cives
497 937 621 989 barbara
648 935 669 991 i.
690 949 713 988 e.
738 936 868 1000 immani,
898 937 1085 1007 terarumque
1106 938 1185 992 vitae
1211 939 1289 995 haud

132 1006 268 1070 absimili,
292 1006 405 1058 ratione
424 1006 459 1058 ad
476 1005 667 1069 fertilitatem,
697 1005 716 1056 i.
737 1023 760 1059 e.
784 1005 818 1058 ad
836 1006 1147 1076 prolem'nunterosam
1170 1020 1289 1080 procre-

131 1079 246 1130 andam:
267 1093 339 1145 quae
352 1077 442 1129 fuerit
454 1077 541 1130 etiam
551 1077 734 1130 barbararum
747 1076 880 1151 gentiam
891 1080 1065 1141 πολυτεκνίας
1083 1096 1151 1132 cura
1170 1089 1200 1133 et
1216 1081 1287 1147 laus,

132 1147 772 1276 terrasiamamem·
785 1147 1111 1274 erremus

132 1289 244 1363 virgini
263 1276 378 1355 militia',
404 1237 456 1353 sldl,
485 1287 581 1358 pulvis
601 1297 630 1342 et
656 1237 797 1359 palaestin
823 1290 914 1364 magis
933 1300 999 1343 sunt
1017 1291 1049 1344 in
1066 1280 1172 1362 pretio,
1201 1312 1288 1363 quam

132 1359 198 1430 ἔργα
215 1359 375 1431 Ἀφροδίτης
394 1368 423 1412 et
441 1360 562 1413 barbara
572 1360 761 1429 immanisque
778 1360 925 1428 fertiliter,
946 1379 1018 1432 quae
1031 1363 1190 1416 secundum
1207 1365 1286 1441 leget

132 1431 263 1506 Lycurgi
280 1440 417 1501 tanquam
435 1431 479 1485 rei
500 1430 634 1506 publicas
656 1422 875 1503 fundamentum
899 1433 1039 1489 censenda
1054 1432 1215 1488 ridebatur.

532 1537 574 1603 11.
599 1537 647 1601 16.
670 1556 703 1620 p.
725 1532 798 1602 523.
822 1557 868 1621 sq.

202 1669 236 1680 -
254 1643 294 1702 ut,
312 1637 340 1690 ei
356 1653 422 1691 aaut
439 1637 526 1702 ierat,
544 1636 660 1693 abiectis
674 1637 812 1704 oneribus,
832 1654 870 1690 ea
900 1637 1018 1693 editis
1036 1641 1135 1705 armis,
1154 1649 1185 1695 ut
1202 1656 1287 1696 arem·

132 1703 203 1772 iria,
220 1706 346 1775 pugnare
361 1708 475 1775 possint.
496 1736 530 1748 -
565 1708 633 1760 Dixi
651 1708 684 1759 in
702 1717 797 1764 annot.
816 1709 854 1761 ad
868 1656 898 1760 p
917 1710 939 1763 l.
959 1710 1033 1763 mihi
1047 1717 1110 1764 non
1127 1712 1288 1782 improbari

131 1778 281 1831 Bouhierii
300 1779 509 1833 coniecturam:
538 1786 566 1832 ut
585 1807 618 1851 e
637 1772 755 1833 abiectis
779 1779 908 1850 oneribus
932 1781 1108 1850 expediti,
1137 1783 1236 1846 armis,
1256 1790 1288 1838 ut

133 1850 289 1915 memora,
296 1864 427 1917 pugnare
451 1850 574 1919 possint3
607 1867 685 1902 nunc
707 1846 784 1902 'mihi
807 1851 943 1904 orationis
959 1853 1145 1907 'concinnitas
1168 1853 1287 1907 suadere

131 1919 258 1984 videtur,
286 1927 319 1971 ut
346 1937 362 1971 a
388 1919 531 1972 librorum
554 1920 681 1973 lectione
708 1935 766 1972 non
792 1920 942 1973 discedam.
988 1921 1033 1993 Ap
1054 1932 1182 1976 onuntur
1207 1925 1288 1977 enim

132 1989 262 2058 expedita
281 2005 363 2042 arma
379 1990 531 2043 manifesto
551 1990 681 2044 oneribut
699 1989 824 2044 abiectis.
863 1989 1013 2045 Sententia
1074 2010 1105 2046 ec
1131 2011 1189 2046 esse
1206 1995 1288 2048 vide-

131 2067 194 2113 tur:
221 2071 313 2129 'quum
339 2060 374 2113 ad
391 2079 519 2133 pugnam
536 2068 727 2127 ventumst,
753 2076 839 2114 onera
858 2063 1000 2127 abiiciunt,
1025 2072 1090 2116 tum
1107 2079 1190 2117 arma
1207 2081 1288 2134 eupe-

132 2130 224 2193 diuut,
243 2128 356 2200 quibus,
374 2140 408 2183 ut
425 2132 570 2198 membris,
588 2140 727 2206 pugnant.
757 2130 836 2196 Quod
852 2149 922 2185 vero
940 2133 1010 2186 alibi
1028 2151 1087 2189 non
1104 2134 1286 2206 dicitOioero

132 2216 213 2254 arma
231 2201 373 2270 expedire,
393 2203 467 2271 quod
484 2220 584 2255 rerum
595 2201 783 2273 scriptoribus
801 2203 903 2272 ireque
925 2213 1001 2270 sest,
1020 2213 1104 2258 nemo
1117 2205 1286 2275 mirabitur,

132 2273 183 2341 qui
201 2275 391 2343 reputaverit,
426 2273 455 2324 in
475 2274 622 2327 Ciceronis
645 2272 728 2325 libris
753 2271 787 2325 de
812 2273 897 2325 rebus
940 2275 1034 2328 ellicis
1057 2285 1118 2329 tam
1140 2293 1204 2330 raro
1228 2295 1287 2331 esse

131 2359 302 2407 sermonem,
330 2351 364 2395 ut
390 2344 536 2397 vocabulis
559 2344 595 2397 ad
620 2352 712 2397 artem
737 2341 872 2397 bellicam
896 2345 1107 2415 pcrtinentibus
1130 2347 1188 2416 rirex
1208 2347 1288 2402 locut

132 2429 191 2467 esse
209 2414 349 2468 videatur.

569 2519 853 2603 mnam

203 2617 280 2673 Haec
304 2634 388 2688 quum
411 2618 561 2674 constituta
586 2617 659 2672 aiut
678 2631 712 2662 -;
736 2618 785 2673 Sic
812 2635 890 2686 nunc
912 2636 979 2672 cum
1002 2620 1119 2677 Klotzio
1144 2641 1198 2694 pro
1224 2632 1290 2681 auat

132 2691 259 2765 legerim
279 2709 314 2744 ex
332 2691 450 2764 optimis
468 2691 560 2759 libris,
585 2690 728 2756 sententia
751 2690 951 2744 commodiore.

473 2777 894 2898 .mmmam

205 2939 237 2950 ·-
256 2931 293 2968 aa
316 2913 437 2968 omnium
463 2931 559 2968 reram
584 2915 752 2969 tollenda
778 2914 893 2970 omniun
920 2914 1081 2987 aegritudo.
1119 2916 1229 2970 Verum
1247 2926 1290 2973 eat

134 2985 256 3055 optimos
274 2985 362 3039 libros
380 2987 481 3039 habere
501 2985 658 3050 toleranda,
682 3001 786 3056 paucos
807 2983 942 3048 tollenda,
963 2985 1120 3040 nonnullos
1139 2988 1290 3058 utriusque

132 3056 268 3109 lectionis
288 3058 368 3125 quasi
386 3057 586 3110 confusionom
603 3056 774 3111 tolleranda.
807 3056 976 3110 Defensores
994 3073 1058 3110 suos
1075 3057 1190 3128 pridem
1207 3067 1291 3113 nacta

134 3136 177 3180 est
194 3127 284 3180 lectio
302 3127 451 3181 toleranda
469 3128 632 3180 victorium
650 3136 679 3180 et
696 3128 828 3193 Brutum,
856 3128 1024 3197 nuperrime
1041 3144 1112 3182 vero
1129 3129 1290 3194 Klotuium.

104 3208 106 3212 ’
133 3199 173 3251 Et
189 3197 240 3250 hic
259 3198 377 3268 quidem
395 3196 470 3250 mihi
489 3215 553 3252 rem
571 3206 762 3268 contorquere
781 3206 866 3267 atque
893 3198 1024 3271 argutari
1040 3199 1159 3265 videtur
1176 3200 1290 3256 dicens:

133 3269 255 3334 „Cicero
274 3269 355 3322 stellt
373 3268 419 3322 die
438 3266 531 3344 Frage
549 3264 608 3332 auf,
632 3269 667 3321 ob
685 3282 751 3320 man
769 3269 826 3334 das,
845 3284 958 3323 woraus
979 3269 1029 3327 die,
1049 3268 1200 3338 aegritudo
1224 3271 1292 3326 her-

133 3339 271 3414 vorgeho,
289 3340 345 3392 mit
358 3339 551 3394 Gleichmuth
568 3349 614 3392 tra
636 3357 672 3393 en
687 3342 794 3405 iniisse,
811 3339 881 3393 oder
898 3339 933 3392 ob
952 3359 1017 3393 man
1037 3339 1136 3392 irnAll
1159 3344 1292 3395 emeinen

135 3409 197 3472 jede
216 3410 376 3477 aegritudo,
402 3408 476 3465 chuc
494 3411 619 3465 Riiclrsic
642 3410 784 3476 tdaraui,
816 3411 874 3465 wic
893 3411 934 3463 sie
952 3411 1095 3475 cntstehe,
1120 3428 1137 3464 o
1180 3416 1293 3468 cillun-

135 3495 189 3532 ren
207 3480 345 3534 erdulden
362 3480 490 3534 miisse.“
525 3481 646 3547 callide,
666 3480 775 3534 dixerit
813 3475 945 3551 uispiam,
970 3482 1142 3535 Germanico
1161 3499 1292 3537 sermone

135 3559 218 3603 utens
237 3566 295 3602 non
313 3553 459 3606 convertit
476 3567 578 3604 vocem
595 3551 752 3618 aegritudo.
791 3499 870 3617 duod
888 3552 912 3604 si
930 3553 1057 3619 fecisset,
1089 3553 1208 3607 fortasse
1231 3554 1293 3625 ipsc

135 3621 234 3674 statim
251 3620 394 3687 censurat,
422 3623 519 3676 fraudi
541 3623 596 3675 sibi
614 3622 746 3677 essehoc
770 3621 866 3692 ipsum
888 3621 1085 3689 aegritudiuis
1110 3625 1291 3679 vocabulum.

134 3691 209 3756 Quid
228 3692 326 3744 enim?
360 3693 464 3746 Nonne
487 3692 640 3762 aegritudo
668 3688 802 3748 Ciceroni
827 3701 870 3748 est
894 3711 927 3754 ea
948 3695 1038 3749 animi
1055 3691 1179 3759 affectio,
1194 3709 1294 3766 ,quam

136 3763 198 3831 ipse
218 3763 345 3832 explicat
362 3763 520 3832 opinionem
546 3768 684 3823 recentem,
702 3763 774 3824 maii
787 3762 959 3833 praeseutia,
978 3765 1011 3819 ia
1029 3781 1080 3836 qua
1103 3765 1215 3820 demitti
1231 3778 1295 3819 cart-

137 3828 264 3900 traiipue
287 3832 380 3887 auimo
405 3839 505 3887 rectum
531 3850 591 3889 esee
615 3835 745 3890 videatur
768 3835 906 3900 (videlv.
927 3840 952 3891 7.
972 3839 1015 3893 14.
1044 3854 1074 3906 p.
1093 3837 1154 3894 tat.
1172 3835 1231 3896 ΙΙΙ.
1251 3839 1295 3893 ll·

138 3905 212 3969 tta?
244 3904 298 3956 Est
323 3903 419 3977 igitur
440 3922 534 3975 neque
559 3905 667 3957 malum
691 3906 785 3976 ipsum
810 3903 859 3971 (ut
882 3906 1013 3980 intelligi
1038 3904 1135 3958 videri
1161 3906 1251 3975 possit
1277 3922 1295 3958 a

137 3973 276 4040 Klotzio),
295 3990 387 4044 neque
405 3992 487 4028 causa
505 3976 586 4041 mali,
604 3975 653 4028 sed
671 3975 733 4027 'eius
750 3974 870 4028 effeetus
887 3975 920 4027 in
938 3977 1044 4040 animo,
1062 3989 1114 4042 quo
1133 3977 1183 4045 qui
1200 3977 1295 4030 doleat
1373 4037 1374 4040 Ἴ

137 4051 264 4113 oportere
282 4043 415 4113 opinetur
431 4061 462 4099 ee
480 4045 585 4099 dolere.
621 4046 696 4098 Cum
712 4055 784 4098 vero
803 4045 936 4100 ciceroni
958 4045 1108 4114 aegritudo
1127 4048 1166 4101 eit
1184 4047 1294 4118 opinio,

137 4133 196 4169 non
214 4133 259 4170 res
277 4116 347 4187 ipsa,
373 4130 446 4186 quae
469 4116 549 4170 dolet
572 4115 671 4185 (quam
696 4114 876 4170 tolerandam
899 4133 968 4171 esse.
982 4116 1099 4171 omnino
1125 4116 1293 4188 praeripio:

138 4187 204 4240 lieri
222 4204 282 4240 non
299 4194 403 4257 potest,
428 4195 462 4239 ut
479 4185 694 4262 aegritudinem
712 4189 832 4256 tolerare
850 4187 959 4254 iubeat3
992 4196 1025 4240 ut
1043 4204 1100 4241 aaa
1117 4187 1296 4242 tolerandam

137 4257 234 4328 potius
252 4259 381 4327 dixisset,
416 4258 441 4310 si
459 4273 493 4311 eo
510 4257 599 4311 verbo
616 4257 663 4309 uti
680 4258 826 4311 voluisset.
863 4257 997 4328 Suscepto
1020 4259 1099 4312 enim
1117 4256 1302 4329 aegritudiue'

138 4328 211 4398 (ipse
229 4328 286 4382 alio
303 4329 369 4383 loco
383 4328 513 4400 scripsit)
531 4329 660 4382 contiuuo
678 4325 710 4382 in
721 4343 825 4396 magna
841 4329 1020 4398 'peetieperte
1034 4333 1296 4386 certaturaaimuea

139 4412 228 4469 quare
245 4400 403 4456 vacandum
426 4409 470 4456 est
493 4398 574 4455 omni
598 4399 791 4475 aegritudine,
819 4402 887 4471 qaia
905 4401 1054 4477 aegritudo
1073 4402 1106 4455 in
1123 4401 1213 4457 animi
1230 4404 1298 4473 pei·
