2856 5084
176 277 241 343 ιεε
468 274 690 341 excursos
712 277 771 340 iv.
796 275 838 338 aa
859 280 888 342 1.
910 253 960 341 4ο.
982 275 1034 341 οε.

511 467 981 545 Excosssnslu

648 601 848 658 mamm

265 711 326 780 0ιὲ
346 727 449 790 qaam
480 709 640 770 οοιιίτετιιε
661 709 695 769 io
717 725 869 769 carcerem
892 707 1032 787 triginta
1059 705 1149 767 ιἰιιεν
1170 712 1325 790 tyranno-

304 809 381 869 ram,
402 810 557 868 venenam,
578 792 761 870 atritione,
785 788 1021 852 obbibiaaet.

250 924 379 990 „Cuncti
396 933 507 977 veteres
525 923 635 976 codices
657 922 816 976 obduxisset
839 922 957 975 habente
984 920 1054 990 quin
1076 928 1106 973 et
1121 920 1263 973 Germani
1284 923 1325 974 ita

180 1010 293 1065 quoque
312 1004 341 1048 et
359 995 415 1065 ipsi
433 996 576 1058 adnotant,
594 1001 628 1044 ut
645 995 696 1062 qui
715 1012 750 1047 ex
768 995 865 1063 aliquo
888 993 1006 1061 antiquo
1025 991 1183 1060 exemplari
1207 992 1238 1044 id
1254 991 1325 1044 haa-
1390 1036 1392 1041 .

180 1067 280 1119 serint.
318 1066 407 1118 Tanta
426 1073 468 1116 est
486 1073 584 1117 autem·
597 1065 719 1116 varietas
736 1064 822 1115 huius
840 1064 921 1116 verbi
938 1062 1191 1137 significationum,
1218 1071 1254 1114 ut
1270 1064 1325 1114 mi·
1411 1072 1416 1093 '

181 1152 248 1188 rum
267 1135 354 1189 etiam
371 1136 465 1187 videri
483 1150 541 1186 non
560 1134 667 1198 debeat,
686 1135 744 1198 hic,
763 1150 816 1203 pro
836 1133 964 1188 celeriter
982 1130 1175 1200 abremissa,
1194 1140 1323 1202 utputo,

179 1207 305 1276 positum
323 1222 396 1271 esse3
416 1223 468 1257 cur
487 1206 565 1258 enim
582 1204 754 1257 credendum
771 1204 857 1256 facilc
876 1205 922 1268 sit,
949 1203 981 1254 in
1000 1204 1128 1256 omnibus
1145 1202 1229 1254 libris
1248 1204 1324 1256 idem

180 1277 316 1330 mendum
334 1277 484 1328 insedisse?
503 1275 567 1327 aliis
584 1283 679 1327 autem
697 1276 815 1327 fortasse
834 1274 905 1328 locis
925 1274 1040 1326 eandem
1058 1273 1120 1325 vim
1133 1271 1241 1326 habere
1259 1291 1327 1326 ver-

180 1344 248 1414 bu'rn
266 1347 295 1398 id
314 1347 488 1398 invenietur.
525 1347 597 1397 Nam
616 1346 691 1397 libro
709 1346 780 1397 XVI.
793 1349 817 1399 6.
838 1345 871 1396 ad
881 1344 1020 1410 Atticum,
1039 1343 1215 1411 nescioquid
1230 1343 1324 1396 simile

181 1416 299 1468 omnino
318 1426 406 1480 sonat,
429 1433 495 1468 cum
513 1415 623 1482 inquit:
655 1416 732 1467 Vlll.
754 1415 870 1468 calend.
890 1413 983 1481 igitar
1006 1416 1044 1468 od
1061 1413 1170 1474 Sicam3
1194 1413 1239 1466 toa·
1262 1422 1324 1466 λαπ-

181 1499 262 1552 qtmm
288 1487 364 1540 domi
389 1502 463 1538 meae
491 1485 616 1538 scilicet.-
642 1487 733 1551 itaque
751 1486 854 1538 obduxi
876 1492 1015 1552 posteram
1042 1485 1123 1538 diem.
1161 1483 1324 1554 Tantopere

181 1554 261 1606 enim
280 1572 309 1606 se
328 1557 367 1606 ibi
385 1557 558 1608 delectatum
576 1573 644 1619 esse,
673 1565 700 1607 et
718 1565 776 1606 tam
795 1555 1033 1608 commodedicit
1049 1553 1193 1618 mansisse,
1222 1563 1257 1605 ut
1273 1570 1324 1624 po·
1411 1550 1414 1607 l

180 1632 290 1678 aterum
315 1626 400 1676 etiam
424 1626 502 1679 diem
522 1626 595 1694 pene
620 1634 718 1678 contra
743 1625 924 1678 voluntatem
942 1643 1019 1675 suam
1046 1624 1087 1676 ibi
1105 1625 1322 1694 consumpserit.
1411 1654 1414 1669 ι

180 1694 303 1747 Omnino
329 1697 460 1747 existimo
482 1695 578 1747 locum
596 1697 635 1747 ita
653 1696 713 1769 legi
731 1695 843 1761 debere,
871 1704 899 1747 et
916 1694 990 1746 hanc
1008 1704 1117 1746 rectam
1142 1711 1200 1747 esse
1223 1695 1324 1747 lectio·

180 1781 257 1828 nam,
285 1765 344 1817 olet
367 1765 444 1817 enim
471 1781 504 1815 ea
530 1765 663 1833 quiddam
682 1767 825 1817 sincerum
853 1782 969 1834 prorsus
988 1774 1016 1817 et
1040 1766 1166 1838 elegans,
1193 1765 1324 1834 quamvis

179 1842 278 1904 aperte
303 1834 365 1885 vim
389 1843 418 1886 et
435 1835 578 1886 rationem
605 1837 664 1887 eius
690 1837 840 1904 explanare
859 1852 916 1887 non
938 1835 1052 1904 possim.
1081 1835 1136 1902 [Ad
1154 1835 1325 1888 conflrman-

179 1903 244 1957 dam
267 1912 364 1957 tamen
391 1905 617 1978 castigationem,
646 1923 731 1975 quam
758 1921 811 1978 ego
836 1905 929 1956 minus
953 1906 1072 1957 fortasse
1096 1906 1175 1958 lente
1198 1915 1228 1958 et
1246 1906 1325 1957 fasti-

179 1973 257 2028 diost
274 1975 403 2043 probavi,
421 1976 519 2027 valent
537 1973 608 2028 haec
626 1975 682 2026 duo
700 1976 876 2045 optimorum
894 1982 1042 2027 auctorum
1061 1977 1201 2047 exempla,
1227 1977 1277 2046 qui
1295 1984 1325 2028 et

179 2044 236 2115 ipsi
263 2061 295 2097 eo
321 2046 410 2098 verbo
437 2045 535 2097 eodem
562 2045 727 2120 significatu
749 2047 794 2097 usi
818 2053 893 2096 sunt.
919 2045 1018 2096 Horat.
1038 2047 1087 2098 lib.
1107 2048 1130 2099 1.
1149 2047 1234 2100 Odar.
1270 2046 1325 2098 Hic

170 2116 337 2177 ⁴a‘maoceatia
360 2115 461 2182 pocula
483 2113 579 2169 Lesbii
602 2117 716 2167 Duces
742 2116 793 2167 aab
818 2116 922 2168 ambra.
960 2115 1049 2169 Plaut.
1070 2115 1214 2186 Amphitr.
1236 2117 1322 2168 Mero.

181 2185 277 2241 (ladas
296 2192 356 2238 erat
375 2184 444 2249 τιν’τιν’,
463 2183 528 2238 inde
545 2185 659 2255 implevi
676 2183 812 2239 hirneam.
850 2185 907 2237 Sos.
928 2186 1068 2251 Iagreaao'
1086 2194 1112 2239 at
1129 2186 1198 2239 ἰἰιτα.
1236 2187 1323 2240 Marc.

178 2255 251 2309 Eam
269 2273 331 2324 ego,
350 2263 380 2308 ut
397 2261 487 2307 matre
506 2256 600 2320 fuerat
619 2263 722 2320 natum,
750 2255 809 2308 vini
828 2255 1044 2322 addecimari]
1081 2257 1136 2309 Hic
1155 2265 1253 2309 autem
1270 2257 1325 2308 mi-

178 2327 307 2381 serabilis
325 2326 512 2378 Theramenis
532 2328 625 2379 exitus
643 2333 773 2378 accurate
796 2334 929 2377 narratur
944 2343 960 2376 a
977 2325 1174 2395 Xenophonte.
1204 2328 1264 2380 Lib·
1285 2328 1322 2379 11.

179 2395 214 2448 de
231 2396 323 2447 Rebus
342 2396 534 2460 Graecorum,
554 2414 619 2447 nam
639 2403 667 2446 et
684 2395 736 2446 ille
754 2394 904 2448 hominem
922 2393 1088 2462 admiratur,
1108 2399 1158 2466 qui
1177 2405 1237 2449 tam
1254 2398 1325 2449 forti

179 2474 210 2518 et
227 2465 303 2518 laeto
321 2465 416 2516 animo
435 2465 469 2516 de
488 2466 547 2516 vita
565 2465 724 2528 abcesserit,
742 2474 776 2514 ut
795 2466 884 2518 iocari
903 2467 989 2517 etiarn
1014 2468 1046 2518 iu
1064 2476 1193 2520 extremo
1221 2468 1326 2538 spiritu

201 2535 317 2588 otuerit.
355 2534 445 2598 Quare
463 2550 521 2585 non
540 2535 645 2587 inutile
665 2550 724 2586 esse
743 2533 877 2598 arbitror,
906 2550 972 2585 cum
991 2537 1113 2588 eundem
1130 2539 1227 2590 locum
1245 2538 1325 2591 ambo

179 2553 213 2656 li
239 2605 461 2674 praeclarissimi
487 2614 619 2657 auctores
644 2603 802 2678 diligenter
825 2612 1013 2673 pertractent,
1046 2606 1132 2658 verba
1158 2607 1209 2660 hic
1235 2607 1326 2660 Xeno·

179 2672 307 2760 phontis³
317 2690 469 2744 apponere,
496 2691 567 2742 quae
586 2682 652 2725 sunt
669 2673 753 2726 haec:
772 2674 820 2725 καὶ
838 2673 898 2728 ἐπεί
913 2690 946 2740 γε
966 2676 1151 2741 ἀποθνήσκειν
1175 2673 1326 2744 ἀναγκαζό-

179 2762 262 2817 μενος
278 2764 310 2797 το
329 2745 444 2798 κώνειον
462 2742 520 2797 ἔπιε
543 2740 574 2798 τό
598 2739 762 2814 λειπόμενον
781 2744 890 2815 ἔφασαν
907 2741 1159 2814 ἀποκοτταβίσαντα
1177 2749 1263 2802 εἰπεῖν
1280 2749 1326 2800 αὕ-
1416 2746 1418 2777 ²

180 2810 240 2878 τόν,
257 2817 356 2884 Κριτίᾳ
380 2815 452 2868 τοῦτ’
469 2816 538 2868 ἔσται
556 2819 593 2881 τῷ
616 2817 701 2880 καλῷ·
732 2818 777 2866 καλ
801 2816 883 2867 τοῦτο
905 2815 957 2881 μὲν
976 2815 1024 2870 οὐκ
1049 2819 1152 2884 ἀγνοοῖ,
1177 2813 1220 2872 ὅτι
1242 2820 1324 2871 ταῦτα

180 2882 383 2973 ἀποφθέγματα
400 2882 453 2938 οὐκ
471 2882 609 2953 ιίξιόλογα,
628 2882 717 2938 ἐκεῖνο
735 2885 767 2936 δὲ
785 2892 868 2953 κρίνω
886 2891 936 2939 τοῦ
953 2883 1055 2957 ἀνδρὸς
1072 2884 1206 2954 ἀγαστόν,
1224 2885 1256 2942 τό
1275 2895 1326 2942 τοῦ
1416 2884 1419 2929 ἶ

180 2960 303 3011 θανατου
325 2959 523 3026 παρεστηκότος
543 2951 611 3023 μήτε
630 2957 660 3008 τό
687 2950 827 3026 φρόνιμον
850 2956 917 3022 μήτε
939 2953 971 3010 τό
998 2958 1161 3027 παιγνιῶδες
1183 2957 1326 3014 ἀπολιπεῖν

181 3023 210 3079 iu
227 3033 273 3092 τῆς
293 3029 390 3094 ψυχῆς.
428 3024 507 3090 Quod
524 3036 619 3078 autem
639 3026 741 3079 Graeci
760 3042 817 3078 uno
835 3027 923 3079 verbo
941 3028 1240 3099 comprehenduntur
1257 3030 1326 3082 ἀπο-

180 3099 349 3162 κοτταβίζειν
366 3096 478 3147 scilioet
505 3096 582 3158 (nam
599 3104 720 3166 propter
746 3095 802 3149 hoo
826 3096 913 3149 etiam
931 3114 989 3150 non
1008 3100 1220 3152 incommodum
1239 3100 1325 3152 fuisse

180 3172 252 3234 puto
270 3165 322 3216 hos
339 3166 417 3216 locos
435 3166 598 3226 contulisse)
625 3167 725 3218 Cicero
745 3166 805 3235 ipse
824 3176 937 3220 coactus
956 3178 998 3221 est
1015 3170 1146 3239 pluribus
1164 3171 1260 3223 verbis
1279 3186 1326 3222 ex·

180 3233 317 3304 primore.
353 3235 426 3287 Erat
452 3243 548 3287 autem
572 3236 652 3287 lusus
680 3235 796 3303 quidam
813 3236 845 3288 in
863 3238 1004 3292 conviviis
1024 3241 1214 3306 Graecorum,
1240 3257 1326 3310 quem

181 3298 315 3371 κότταβον
339 3304 531 3374 appellabant,
557 3305 638 3358 talis:
671 3305 852 3358 collocabant
870 3325 918 3359 vas
943 3310 975 3361 in
993 3310 1097 3375 medio,
1125 3319 1154 3364 et
1178 3311 1326 3381 reliquum

182 3374 255 3440 vini,
275 3375 350 3445 quod
369 3382 431 3426 erat
449 3375 480 3425 in
498 3375 610 3445 poculo,
630 3391 695 3426 cum
713 3375 850 3440 biberant,
869 3377 910 3428 ita
928 3379 959 3430 in
977 3380 1052 3432 illud
1067 3380 1269 3450 proiiciebant,
1294 3389 1327 3432 ut

181 3463 318 3521 magnum
336 3461 437 3498 sonum
464 3445 571 3498 ederet.
606 3445 686 3497 Pleni
711 3454 778 3497 sunt
796 3446 971 3500 Graecorum
997 3451 1067 3502 libri
1093 3451 1180 3503 huius
1203 3452 1326 3516 nominis

182 3523 213 3568 et
236 3516 332 3568 moris.
369 3516 531 3583 Athenaeus
554 3515 628 3568 libro
652 3517 686 3568 X.
717 3517 964 3586 Δειπνοσοφιστοῑν
988 3539 1004 3572 a
1028 3521 1133 3573 Siculis
1153 3521 1210 3576 hoo
1238 3539 1326 3598 genus

181 3586 261 3637 lusus
278 3586 393 3638 fluxisse
411 3587 514 3652 tradit3
534 3586 630 3654 inquit
649 3587 741 3638 enim:
761 3583 849 3639 Ἦσαν
868 3588 900 3640 δὲ
917 3596 972 3642 τοῖν
990 3590 1021 3642 δὲ
1038 3586 1164 3656 ἀκράτων
1180 3591 1326 3661 ἐπιχύσεις,

183 3655 220 3714 ὥς
231 3669 300 3724 φησι
318 3654 493 3726 Θεόφραστος
511 3653 541 3708 ἐν
558 3657 595 3721 τῷ
612 3657 675 3727 περὶ
691 3655 786 3725 μέθης,
805 3658 838 3710 οὔ
856 3660 978 3724 παλαιαὶ,
998 3658 1050 3713 ἀλλ’
1071 3661 1106 3728 ἦν
1124 3663 1171 3715 ἀπ’
1189 3655 1279 3733 ripple
1295 3662 1325 3715 τό

96 3782 100 3787 ,
181 3723 235 3792 μὲν
263 3725 394 3778 σπένδειν
419 3726 631 3796 ἀποδεδομένον
653 3731 709 3785 τοῖς
735 3731 820 3791 θεοῖς,
847 3723 862 3778 o‘
882 3727 912 3780 δὲ
930 3730 1059 3800 κότταβος
1082 3737 1138 3792 τοῖς
1161 3734 1325 3801 δρωμένοις·

90 3819 92 3823 ·
182 3793 304 3866 ἐχρολντο
321 3796 375 3867 γὰρ
395 3794 527 3862 ἐπιμελῶς
550 3803 591 3861 ror*
609 3797 782 3864 κοτταβίζειν,
801 3798 880 3856 ὄντος
896 3805 946 3852 τοῦ
964 3807 1092 3868 παιγνίου
1110 3807 1257 3856 Σικελικοῦ
1274 3820 1324 3855 κα·
1344 3802 1346 3807 '

182 3867 275 3937 θάπερ
299 3868 347 3936 καὶ
371 3866 386 3920 ό
409 3867 561 3938 Ἀνακρέων
584 3865 599 3919 δ
631 3861 711 3932 Trito<
736 3872 868 3934 πεποίηκε
895 3867 1036 3925 Σικελικὸν
1062 3871 1195 3942 κότταβον
1224 3871 1325 3941 οἷγκόλγ

182 3938 296 3998 παίζων.
316 3931 436 4004 ἀγκύλην
462 3947 557 3989 autem
574 3936 672 4005 poculi
690 3954 778 4011 genus
796 3939 893 4002 fuisse,
926 3940 1056 3993 adhunc
1073 3943 1167 3994 lusum
1194 3961 1328 3997 exercen-
1394 3962 1396 3970 ·

184 4007 254 4060 dum
273 4009 526 4071 accommodatum,
546 4007 628 4059 docet
645 4007 817 4076 Hesychius,
837 4008 887 4076 qui
907 4011 992 4062 etiam
1011 4014 1137 4082 exponit,
1157 4021 1263 4082 quanta
1285 4013 1329 4066 in·

183 4078 293 4130 dustria
312 4085 341 4128 et
358 4077 484 4130 artificio
502 4077 532 4128 id
548 4079 692 4142 facerent,
711 4077 808 4146 inquit
826 4077 916 4130 enim:
947 4081 1002 4136 Qui
1023 4083 1145 4135 cottoboe
1170 4083 1328 4150 eiiciedont,

184 4148 313 4200 dextram
330 4163 439 4200 manum
457 4147 614 4211 comebant,
633 4149 664 4200 ιή
677 4147 880 4215 orbemt'paam,
900 4166 981 4218 quom
993 4155 1113 4206 maxime
1129 4153 1193 4218 fieri
1207 4160 1330 4221 poterat,

184 4218 311 4270 decenter
328 4218 497 4282 formantem
517 4218 549 4269 od
564 4215 622 4282 Ιιοο,
644 4223 775 4286 tanquam
793 4219 824 4270 ob
841 4224 1017 4285 praeclaram
1031 4230 1058 4274 et
1074 4221 1216 4276 Ιιοατείιινι
1234 4239 1329 4293 quam·

181 4286 261 4354 piam
279 4303 347 4351 rem,
374 4287 431 4340 eibi
446 4288 592 4354 placentes.
630 4287 767 4340 Libabant
785 4289 878 4362 igitur
896 4310 912 4343 a
928 4292 1023 4361 primo
1045 4292 1101 4346 hoc
1127 4310 1242 4346 merum
1259 4311 1329 4364 pue·

184 4357 235 4420 ris,
255 4372 325 4426 quos
341 4358 485 4412 amabantz
503 4358 577 4411 unde
596 4357 789 4412 Theramenes
806 4360 851 4425 (ut
869 4362 981 4429 opinor)
1000 4362 1105 4432 inquit,
1132 4363 1257 4418 Pulchro
1274 4363 1329 4416 hoc
