2856 5084
359 274 716 340 EMENDATIONES·
733 275 794 342 AD
814 274 987 366 LIBRUM
1007 274 1051 339 V.
1221 272 1284 338 als
1353 333 1357 338 ,

204 442 274 496 Ibid.
311 443 356 497 llo
373 441 491 496 sordido
519 440 704 511 ancillarique
727 441 861 505 artificio,
888 438 987 507 regiae
1005 434 1142 506 uirgines,
1172 443 1203 489 ut
1221 442 1286 490 tan·

114 510 277 579 ¹utriculos,
297 515 446 568 tondebant
463 514 578 565 barbam
596 519 622 565 el
639 511 772 580 capillum
786 510 902 578 patris]
939 513 1005 563 Non
1023 510 1120 580 placet
1144 507 1219 560 illud
1237 523 1285 562 ar-

133 583 233 648 tificio:
261 600 317 636 non
345 586 423 638 enim
450 583 659 653 profitebantur
685 600 714 635 se
738 583 890 635 tonstrices
919 599 993 647 esseq
1030 579 1079 633 sed
1105 594 1138 632 eo
1164 594 1288 630 munere

131 653 216 729 fungi
235 656 419 727 cogebantur.
457 653 646 720 Quamobrem
664 653 789 706 mirifice
807 653 912 722 placet,
940 661 1025 720 atque
1051 650 1119 703 adeo
1138 648 1286 701 verissima

132 733 174 847 ἷὶιῐ
200 725 245 777 tui
271 727 386 781 Codicis
413 725 518 792 lectio,
551 723 675 779 Sordida
707 723 896 792 ancillarique
931 721 1073 789 officio.
1118 719 1286 790 Propertius

171 831 180 860 ,
209 797 234 851 9.

297 867 376 919 ldem
394 882 445 933 ega
464 863 583 919 Sidonia
601 865 658 933 feci
674 864 792 918 servilia
807 864 887 934 palla

334 936 445 1001 Officia,
471 944 497 989 et
514 935 596 1003 Lydo
612 941 699 1004 pensa
719 936 822 990 diurna
840 936 909 987 calu.

131 1005 230 1059 Horat.
250 1005 344 1064 Serm.
363 1007 404 1072 11,
423 1011 448 1064 6.
471 1039 502 1048 -
529 1007 588 1062 Nec
606 1023 660 1074 non
678 1007 838 1061 vernaliter
856 1004 928 1074 ipsis

298 1077 437 1144 Fungitur
456 1076 571 1135 officiis.

130 1146 247 1201 Plautus
267 1148 432 1201 Cistellaria
450 1148 502 1216 IV,
520 1153 545 1204 l.
1126 1175 1133 1182 ·

297 1219 466 1272 Faciendum
485 1225 524 1272 est
543 1218 656 1289 puerile
675 1217 818 1272 odicium:
838 1213 1045 1287 conquiniscam
1063 1215 1102 1270 od
1118 1215 1260 1271 matulam.

205 1288 272 1358 Gap.
292 1292 335 1344 21.
373 1293 542 1358 Quamquam
560 1288 604 1343 lic
623 1287 733 1359 quidem
760 1290 916 1358 Tyrannus,
941 1288 1002 1357 ipse
1026 1288 1176 1355 iudicavit,
1206 1303 1287 1359 quam

133 1362 203 1412 esset
233 1360 347 1427 beatus]
391 1362 533 1414 Continuo
548 1361 692 1423 ,videbam
717 1359 873 1433 legendum
902 1377 961 1412 esse
983 1359 1177 1413 Indicaoit.
1221 1362 1288 1412 Post
1356 1415 1360 1417 ‚

131 1445 201 1482 vero
221 1431 295 1500 apud
314 1431 482 1484 bambinum
502 1449 563 1483 eam
583 1431 810 1484 emendationem
829 1431 936 1500 reperi,
963 1438 993 1483 et
1019 1430 1287 1483 bonis·rationibus

133 1499 297 1553 stabilitam.
336 1501 408 1567 Quid
425 1503 475 1554 hic
494 1498 680 1554 Gebhardus?
707 1499 818 1564 Gontra'
833 1519 878 1555 eas
897 1502 1022 1554 rationes
1041 1518 1078 1554 ne
1096 1501 1202 1553 mutire
1222 1500 1287 1567 qui-

133 1570 199 1623 dem
216 1572 265 1624 vel
283 1571 397 1625 hiscere
416 1573 513 1638 audet;
541 1572 686 1626 codicibus
704 1581 800 1625 tamen
818 1572 876 1625 suis
894 1590 1009 1624 servum
1035 1589 1121 1641 pecus
1141 1570 1287 1639 obtempe-

133 1649 188 1693 rat.
226 1642 258 1696 Si
275 1641 331 1697 hoc
349 1643 431 1696 inodo
459 1661 475 1695 a
498 1645 573 1708 itur,
602 1644 700 1697 facilis
720 1661 785 1696 sane
800 1642 959 1714 vprovincia
977 1649 1021 1710 est
1046 1640 1204 1712 procurare
1225 1641 1287 1694 edi-

133 1713 237 1776 tiones,
264 1722 326 1766 eta
345 1715 446 1784 quovis
465 1662 660 1767 alsninistrari
678 1723 781 1784 potest.

206 1784 273 1853 Cap.
292 1787 337 1839 23.
374 1785 511 1837 Animum
530 1785 642 1837 adverti
661 1786 833 1839 columellam
857 1801 910 1838 non
927 1783 1040 1838 mallum
1065 1801 1080 1838 e
1098 1783 1193 1838 dumis
1218 1781 1287 1837 emi-

134 1855 261 1920 nentem]
299 1855 401 1907 Omnes
419 1863 484 1908 ante
504 1863 581 1907 tuam
601 1855 741 1909 editiones
760 1852 959 1908 Animadverti
976 1856 1096 1908 habent:
1115 1864 1149 1907 tu
1162 1853 1287 1909 animum

135 1924 248 1977 adoerli
266 1926 395 1995 reponis:
422 1933 460 1991 et,
488 1927 603 1990 Merito,
629 1925 735 1995 inquis,
762 1924 811 1979 ltoc
826 1928 928 1994 probol
945 1926 1005 1978 Jac.
1027 1926 1188 1980 Gronovius.
1208 1955 1209 1958 =
1227 1927 1287 1979 Cur

135 2003 233 2048 autem
252 1996 303 2048 ille
322 1997 405 2048 unius
425 1996 530 2048 codicis
549 1996 704 2048 lectionem
722 2005 766 2050 tot
785 1998 908 2050 aliorum
926 1997 1092 2050 auctoritati
1117 1997 1287 2065 anteponit?

134 2065 220 2118 Certe
237 2067 287 2119 vel
305 2083 337 2118 eo
356 2067 416 2136 ipso
444 2067 559 2120 nomine
579 2076 707 2137 suspecta
724 2068 779 2120 tibi
804 2086 861 2122 osse
889 2068 1028 2138 oportuit,
1054 2068 1129 2137 quod
1151 2067 1206 2119 tali
1224 2064 1288 2120 Gri-

135 2136 204 2201 tico,
231 2145 290 2188 tam
314 2143 462 2190 emunctae
490 2139 566 2189 naris
590 2139 712 2203 scilicet,
737 2138 889 2208 placuerit.
927 2137 989 2192 Scis
1018 2139 1095 2192 enim
1117 2138 1214 2207 qualia
1239 2135 1288 2189 illi

135 2208 246 2260 soleant
265 2225 325 2262 essa
345 2208 520 2273 in'deliciis3
540 2209 673 2274 obsoleta,
692 2210 817 2279 rancida,
836 2225 964 2276 coenosa,
983 2219 1076 2261 rostro
1094 2208 1218 2278 denique
1237 2223 1288 2260 suo

134 2279 221 2331 suillo
241 2279 451 2332 convenientia.
489 2279 545 2332 Sed
563 2281 709 2332 mittamus
727 2281 815 2345 hunc,
835 2289 864 2334 et
882 2282 916 2333 ad
934 2298 997 2334 rem
1016 2281 1108 2350 ipsam
1126 2280 1285 2332 veniamus.

135 2349 201 2402 Non
221 2349 316 2419 itaque
335 2349 391 2402 hoc
409 2366 486 2401 nunc
504 2351 609 2424 agitur,
630 2368 667 2403 an
684 2354 807 2405 animum
834 2352 944 2406 adverti
968 2352 1062 2420 ipsum
1088 2366 1143 2419 per
1161 2368 1189 2402 se
1207 2357 1289 2403 recte

136 2419 265 2474 dicatur:
291 2421 321 2473 id
340 2422 417 2472 enirn
436 2422 637 2488 certissimum,
663 2439 784 2474 rumex
806 2423 908 2475 multis
934 2422 1058 2474 aliorum
1077 2428 1227 2473 auctorum
1244 2421 1288 2473 lo-

136 2492 270 2557 cis,.tum
288 2492 459 2561 praesertim
479 2509 514 2544 ex
532 2492 631 2544 Plauto
651 2499 681 2543 et
697 2493 849 2545 Terentio:
869 2510 972 2546 verum
994 2511 1025 2545 ea
1044 2492 1081 2545 lis
1100 2491 1287 2562 disceptatur,

136 2567 176 2615 en
192 2559 314 2615 animum
332 2563 477 2615 advertere
495 2570 574 2616 recte
594 2561 707 2615 dicatur
724 2565 886 2629 transitive,
912 2572 946 2615 ut
964 2562 1157 2616 accusativum
1175 2570 1240 2632 post
1258 2579 1288 2614 se

137 2633 273 2703 recipiat:
298 2635 382 2702 quale
406 2632 456 2685 hic
482 2633 550 2698 loci,
575 2632 704 2687 Animum
731 2635 841 2688 odoarii
858 2635 1030 2688 columellam
1054 2632 1230 2697 eminentem
1258 2641 1288 2685 et

136 2703 233 2756 Divin.
252 2705 275 2768 l,
294 2708 338 2759 36.
358 2704 408 2773 ubi
427 2720 524 2756 ornnes
543 2705 653 2757 codices
671 2705 713 2757 sio
731 2705 843 2778 legunt,
862 2707 1033 2773 liuperrecla
1052 2704 1147 2758 nutris
1159 2703 1289 2765 animad-

128 2775 221 2828 vertit
238 2790 354 2842 puerum
371 2774 563 2841 dormientem
589 2793 623 2827 an
643 2775 693 2827 hic
712 2775 836 2828 animum
854 2777 977 2830 aduertit
993 2792 1110 2844 puerum
1135 2775 1230 2828 dicere
1250 2774 1288 2825 li-

136 2846 252 2898 cuisset.
272 2846 351 2898 ‘Hoc
374 2863 466 2920 neg03
492 2855 521 2898 et
546 2848 576 2898 in
598 2847 745 2916 plerisque
765 2847 894 2900 omnibus
921 2847 1069 2917 exemplis,
1096 2863 1167 2916 quae
1187 2852 1288 2897 contra

138 2915 310 2981 afferuntur,
338 2932 394 2968 non
418 2917 568 2969 transitive
586 2919 633 2968 sed
652 2918 777 2970 absolute
796 2919 865 2987 poni
887 2918 1070 2970 manifestum
1096 2925 1145 2969 est.
1184 2914 1233 2968 Sic
1252 2914 1289 2968 de
1332 2980 1334 2985 Ι

137 2985 221 3040 Offic.
241 2988 280 3052 ΙΙ,
302 2991 343 3042 18.
364 2987 441 3058 quod
459 2987 662 3040 disertissimus
672 2989 811 3041 Graevius
829 2989 940 3058 primus
959 2989 1084 3057 reponit,
1107 2987 1144 3040 Ut
1164 2985 1289 3039 animum

138 3059 297 3122 advertunt,
324 3074 357 3110 ne
383 3074 460 3127 quos·
476 3059 624 3124 offendant.
661 3059 710 3111 Sic
737 3061 767 3110 in
792 3059 869 3111 Livii
894 3060 958 3112 loco
986 3061 1091 3122 XXIV,
1117 3061 1161 3113 48.
1200 3059 1290 3113 Quom

136 3129 290 3182 mullorum
313 3146 408 3181 rerum
431 3129 489 3195 ipse
508 3131 626 3196 ignarus
643 3131 722 3194 esset,
748 3130 871 3183 animum
893 3130 1029 3183 advertit.⁸
1058 3137 1091 3180 ut
1117 3129 1228 3200 primus
1247 3128 1292 3180 ibi-

136 3201 267 3253 restituit
285 3201 329 3252 Jo.
350 3199 428 3251 Frid.
450 3200 773 3253 Gronovius‘acerrimo
792 3202 839 3253 vir
858 3201 975 3265 iudicio,
994 3200 1125 3264 doctrina
1143 3207 1238 3252 autem
1258 3207 1289 3252 et
1346 3221 1352 3229 ·

136 3272 269 3323 acumine
287 3270 463 3336 admirabili,
491 3271 584 3340 quisi
604 3271 635 3322 in
654 3272 728 3323 vivis
748 3280 828 3336 esset,
858 3272 933 3323 nihil
953 3272 1037 3324 c'redo
1062 3272 1179 3344 aegrius³
1193 3273 1288 3323 ferret

138 3359 224 3410 quam
242 3342 336 3394 filium
355 3341 409 3394 sibi
429 3350 566 3394 assatam
585 3343 699 3411 parenti
714 3341 896 3395 dissimilem.
934 3341 983 3396 sic
1002 3343 1033 3394 in
1046 3342 1194 3412 plerisque
1211 3341 1288 3406 aliis,

138 3430 211 3481 quae
229 3422 278 3464 aut
296 3413 336 3464 ibi
353 3413 387 3465 ab
407 3413 468 3478 illo,
494 3421 542 3464 aut
565 3429 581 3462 a
599 3421 628 3464 te
646 3413 697 3466 hic
721 3414 916 3477 adducuntur3
941 3430 1013 3482 quae
1039 3413 1135 3466 omnia
1157 3412 1192 3464 ad
1210 3410 1302 3462 hunc‘

137 3483 233 3535 Tullii
251 3484 347 3535 locum
366 3484 578 3541 nihilomnino
597 3481 714 3538 faciunt.
744 3486 841 3538 Unum
859 3485 942 3536 modo
961 3485 1121 3536 alterumve
1141 3491 1194 3548 est,
1213 3480 1292 3549 quod

137 3552 197 3605 huc
220 3555 314 3607 facere
341 3555 481 3619 videatur,
507 3563 540 3606 ut
563 3552 679 3607 Sallust.
699 3555 733 3607 lu
756 3593 761 3606 .
791 3573 815 3610 c.
835 3557 878 3610 93.
906 3554 1038 3607 Animum
1063 3553 1188 3607 advertit
1202 3555 1289 3607 inter

138 3640 211 3677 coxa
230 3631 354 3692 repentes
372 3624 503 3678 cochleas.
533 3625 610 3677 Hirt.
629 3626 664 3678 de
682 3573 763 3678 Helio
782 3626 863 3678 Alex.
884 3636 908 3678 c:
928 3628 972 3681 45.
1007 3626 1123 3691 Repente
1141 3624 1288 3677 aduersam

138 3695 178 3747 ud
196 3711 225 3747 se
243 3697 394 3749 uenientem
410 3712 504 3748 novem
523 3695 647 3749 animum
665 3697 796 3751 aduertit.
826 3696 969 3766 Equidem
980 3696 1018 3748 in
1035 3695 1082 3747 his
1100 3696 1192 3748 nolim
1208 3694 1288 3746 hunc

137 3765 290 3817 velillum
309 3766 436 3818 codicem
454 3768 545 3836 sequi,
563 3784 631 3818 cum
649 3768 857 3838 multoplures
876 3767 987 3821 codices
1010 3776 1040 3821 et
1064 3767 1204 3819 editiones
1229 3782 1290 3817 om-

139 3853 189 3888 nes
216 3835 426 3889 Animaduertit
449 3837 489 3889 ibi
514 3836 643 3890 habeant.
681 3838 737 3892 Sed
761 3856 826 3890 curn
846 3838 940 3891 facslss
958 3837 1008 3889 luc
1032 3846 1070 3888 s1t
1088 3836 1289 3888 Librariorum

134 3906 237 3976 lapsio,
262 3907 339 3976 quod
361 3907 392 3958 in
419 3908 547 3960 oratione
565 3908 659 3960 soluta
678 3927 790 3978 semper
818 3926 851 3962 eo
870 3908 970 3961 ordine
996 3907 1125 3971 veniant,
1149 3905 1287 3973 nullaque

134 3995 206 4030 voce
226 3977 405 4048 interposita,
425 3978 555 4031 Animum
573 3979 710 4032 aduertite
736 3980 827 4031 tutius
846 3979 901 4031 erit
922 3996 957 4031 ex
975 3977 1076 4050 poetis.
1086 3976 1218 4045 exempla
1236 3992 1288 4044 pe·

135 4057 213 4114 tere3
241 4048 290 4100 ubi
308 4047 432 4100 adoerlt'l
449 4067 531 4117 saepe
549 4050 695 4119 praecedit
714 4051 848 4114 animum,
874 4066 956 4118 saepe
980 4049 1067 4100 verba
1085 4046 1178 4100 media
1195 4046 1288 4097 inter-

136 4120 264 4171 veniunt.
302 4119 393 4188 Atqui
411 4120 485 4189 apud
503 4120 640 4173 Plautum
652 4120 890 4189 Terentiumque,
910 4119 959 4170 ubi
978 4119 1139 4187 saepissime
1158 4114 1288 4169 occurrit

135 4187 208 4241 haec
229 4191 353 4256 locutio,
388 4207 502 4259 semper
527 4190 653 4242 absolute
680 4191 809 4260 ponitur,
842 4189 1193 4258 numquamtransitive:
1230 4185 1288 4238 nisi

136 4261 212 4313 forte
230 4259 281 4314 loc
298 4262 425 4326 addatur,
445 4260 522 4330 qnod
534 4278 577 4313 ex
593 4269 693 4312 vetere
712 4261 855 4329 scriptura
879 4258 932 4312 leuc
956 4259 1056 4311 valere
1073 4266 1177 4328 potest,
1208 4255 1288 4310 Nunc

136 4328 188 4383 ltoc
207 4331 328 4384 animum
345 4332 476 4393 aduerte.-
499 4331 550 4384 vel
568 4329 735 4391 incautum
757 4332 834 4386 Quae
860 4331 969 4399 loquor,
995 4330 1130 4384 advertite
1148 4328 1287 4381 animum:

69 4448 71 4451 ,
136 4400 218 4455 Nunc
235 4418 317 4472 qnam
333 4419 392 4458 rem
410 4402 484 4458 aitio'
499 4404 565 4458 dent
583 4417 683 4472 quaeso
701 4401 846 4457 aduertite.
884 4402 916 4456 Si
934 4401 1011 4454 intra
1035 4400 1200 4463 huiusmodi
1223 4415 1290 4470 par-
