2856 5084
194 286 237 352 sa
391 282 621 383 arcuncurs
642 282 889 350 rasennam.
910 284 1144 352 mererer.

132 455 177 511 44.
196 450 234 517 it
254 452 441 517 honestum.
486 452 531 515 At
553 471 635 536 qnae
648 452 715 517 'isti
742 453 829 517 bona
851 448 1037 527 numerant,
1064 474 1107 516 ne
1128 453 1194 535 ipsi
1216 451 1351 536 quidem

195 536 333 600 honesta
361 536 492 598 dicunt:
528 537 644 599 solum
661 539 769 624 igitur
797 538 932 610 bonum,
967 535 1057 619 quod
1083 536 1276 600 honestum:
1310 557 1352 600 ex

197 640 263 702 quo
290 619 445 696 efficitur,
478 619 650 680 honestate
676 640 742 681 una
768 621 873 682 vitam
894 621 1061 682 contineri
1089 619 1229 683 beatam.
1272 621 1352 684 Non

197 713 275 764 sunt
294 704 402 786 igitur
423 720 462 762 ea
481 701 568 763 bona
591 700 969 774 dicendanechabeuda‚
990 703 1110 785 quibus
1126 701 1353 766 abundantem

132 797 177 853 45.
196 784 277 846 licet
291 786 617 849 essemiserrimum.
650 786 701 849 An
724 784 868 864 dubitas,
891 787 969 868 quin
991 795 1163 868 praestans
1188 786 1353 848 valetudi-

197 864 414 944 ne,viribi1s,
435 871 556 944 forma,
578 869 750 931 acerrimis
772 869 842 931 inte
866 870 1063 949 errimisque
1085 869 1247 946 sensibus,
1267 869 1353 933 adde

198 952 311 1028 etiam,
331 952 360 1011 si
382 950 484 1028 lubet,
505 951 742 1032 pernicitatem
763 963 797 1014 et
810 889 1041 1026 reincitatem3
1064 948 1106 1011 da
1121 948 1268 1031 divitias,
1290 952 1354 1015 ho·

817 1062 1352 1075 -.—--———-——-—

196 1078 383 1139 honestatem
400 1101 499 1139 anam
516 1078 778 1139 nitam'continere
804 1083 912 1139 beatam
931 1083 1026 1150 (Verb.
1045 1082 1231 1162 negligenter
1250 1098 1351 1142 enota-

197 1157 243 1210 vit
260 1157 458 1210 tantummudo
477 1172 562 1209 naam
582 1184 614 1195 -
633 1158 799 1224 continere):
820 1158 851 1210 in
869 1156 975 1211 duabus
985 1157 1131 1227 prioribus
1146 1155 1275 1213 additum
1292 1169 1351 1214 est:

196 1245 282 1296 „non
307 1229 435 1299 placet.“
470 1227 517 1279 Ex
540 1228 648 1281 nostris
670 1229 755 1282 libris
785 1245 848 1281 earn
872 1228 1029 1281 lectionem
1056 1227 1142 1281 habet
1171 1229 1249 1283 solus
1279 1231 1350 1285 Cori.

197 1300 282 1352 vind.
304 1303 329 1354 l.
364 1299 418 1351 Est
442 1300 531 1351 etiarn
554 1298 708 1352 continere
730 1301 762 1352 in
790 1298 859 1352 Cori.
880 1299 965 1350 Vind.
985 1301 1010 1354 9.
1044 1298 1077 1351 In
1104 1314 1180 1367 seqq.
1205 1299 1261 1355 dun
1280 1302 1352 1355 Oxx.

197 1373 327 1424 neiseram
344 1386 399 1439 pro
416 1367 613 1426 miserrimam.
642 1368 686 1422 Ad
703 1371 876 1423 sententiam
896 1372 934 1422 cf.
955 1369 1075 1421 initium
1092 1370 1232 1424 Paradnxi
1249 1374 1351 1444 primi.
1416 1389 1419 1392 ’

199 1468 234 1480 -
252 1443 308 1493 Pro
325 1442 390 1493 iicet
410 1455 468 1492 esse
488 1439 557 1492 Cod.
575 1439 666 1493 Rehd.
688 1441 861 1494 tiberem.
898 1442 959 1494 Mr.

267 1511 313 1563 Aa
328 1510 449 1572 dubitas,
469 1509 532 1576 qaia
548 1517 693 1577 praestans
719 1511 875 1564 valetudine
894 1510 938 1576 -]
974 1511 1060 1575 ,,Ηία
1087 1519 1131 1565 est
1152 1511 1351 1567 ἀνακόλουθον.

197 1582 273 1635 Nam
288 1581 363 1636 haec
379 1581 524 1652 particula
543 1580 605 1649 quin
624 1599 682 1634 non
699 1580 787 1635 babet
805 1599 871 1634 cum
892 1598 948 1651 qun
968 1581 1128 1646 cohaereat,
1157 1593 1206 1636 ant
1229 1587 1277 1638 cui
1302 1586 1352 1638 sd·

198 1654 347 1730 iungatur.
384 1654 570 1722 Posteaquam
589 1654 667 1707 enim
687 1652 780 1706 muita
798 1653 984 1722 interposuit,
1011 1661 1105 1706 mutat
1123 1653 1261 1725 loquendi
1287 1658 1353 1709 ior-

197 1743 274 1777 mam
294 1733 323 1777 et
340 1723 505 1798 subiungit:
524 1723 694 1776 dubitabisne
712 1738 765 1775 eam
784 1725 911 1776 miserum
930 1725 1034 1777 diceret
1063 1742 1140 1788 cum,
1160 1726 1218 1780 nisi
1239 1727 1354 1779 volnis-

199 1803 243 1849 set
261 1797 418 1849 memoriae
436 1793 556 1847 lectoris
576 1794 740 1856 subvenire,
759 1795 864 1847 liceret
889 1795 927 1858 ei,
956 1802 1068 1848 servato
1088 1798 1188 1850 eodem
1211 1798 1352 1850 erationis

197 1873 310 1931 tenore,
332 1866 523 1940 subiungere:
549 1865 576 1916 is
600 1865 679 1918 miser
704 1864 832 1918 dicendas
857 1864 914 1917 siti
948 1866 1006 1918 Hic
1025 1874 1087 1920 erat
1106 1870 1186 1921 enim
1211 1868 1353 1922 orationis

197 1953 298 1990 cursus
317 1945 347 1990 et
364 1945 463 1990 tenor:
484 1935 529 1988 Aa
548 1936 665 1998 dubitus,
684 1937 748 2004 quin
766 1936 801 1999 is,
829 1935 874 2003 qai
892 1937 968 1989 bonis
986 1937 1106 2003 corporis
1125 1942 1302 2007 mactasset,
1328 1937 1354 1990 si

196 2007 224 2061 is
240 2008 356 2060 vitiosus
373 2008 419 2073 sit,
439 2006 521 2059 miser
539 2007 667 2059 dicendas
685 2007 742 2060 sit?
779 2006 844 2070 Sed,
871 2016 904 2060 ut
922 2008 993 2071 dixi,
1017 2015 1140 2078 propter
1163 2008 1283 2064 laneam
1306 2012 1354 2064 in·

197 2080 431 2148 terpositicnem,
453 2087 488 2129 ut
511 2076 631 2131 lectoris
650 2079 806 2132 memoriae
825 2079 997 2142 consuleret,
1024 2095 1111 2148 quem
1129 2057 1272 2136 crediiile
1292 2090 1354 2138 erat

198 2150 323 2203 oblitum
341 2167 402 2220 esse
419 2149 503 2202 verbi
526 2149 608 2201 illius
626 2157 713 2218 atque
737 2149 806 2202 adeo
830 2151 918 2202 totius
937 2150 1089 2202 orationis
1107 2153 1283 2219 superioris:
1309 2153 1355 2206 Aa

197 2221 317 2287 dubitas,
340 2221 402 2289 puin
423 2225 566 2286 praestans
591 2219 745 2271 valetudine
764 2227 817 2273 etc.
839 2219 1007 2274 subiunxitr
1032 2221 1202 2273 dubitabisne
1227 2240 1282 2277 eum
1306 2223 1355 2276 mi·

196 2307 281 2345 serum
302 2290 409 2345 dicere?
427 2292 507 2362 quasi
525 2297 619 2344 totum
638 2290 715 2343 illud
732 2306 791 2361 non
809 2292 899 2344 inerit
918 2292 949 2343 in
968 2293 1100 2345 oratione
1117 2294 1253 2361 positum.
1276 2293 1355 2361 Quod

199 2364 300 2418 Genus
320 2371 349 2419 et
367 2361 503 2416 Ciceroni
523 2369 552 2415 et
570 2362 635 2414 aliis
654 2361 845 2432 scriptoribus
864 2370 910 2415 est
927 2362 1097 2414 usitatum.“
1117 2364 1237 2417 Lambin.
1256 2370 1356 2434 ,,Ανα-

197 2435 333 2488 atrocem
352 2443 404 2499 est,
423 2441 457 2485 ut
476 2435 554 2484 infra
573 2450 597 2485 ο.
618 2436 667 2488 193
686 2433 837 2485 Similemne
851 2438 935 2500 putas
955 2433 985 2489 G.
1006 2433 1099 2486 Laelii
1123 2451 1200 2487 anam
1224 2439 1355 2490 consala-

197 2511 249 2558 tam
267 2507 354 2572 fnisse
372 2511 398 2556 et
417 2520 471 2556 eum
490 2503 592 2570 quidem
611 2519 666 2555 cam
684 2505 794 2570 repulsa
813 2530 847 2541 -
864 2503 913 2555 sed
930 2511 1017 2557 tamen
1034 2511 1120 2557 atram
1139 2507 1241 2572 malles,
1267 2514 1303 2573 te,
1329 2507 1356 2559 si

194 2583 318 2645 potestas
342 2570 422 2639 esset,
452 2577 541 2638 semel,
572 2581 602 2626 nt
630 2575 757 2635 Laelium,
787 2574 935 2640 consulem,
965 2591 1015 2641 aa,
1038 2583 1067 2628 at
1092 2576 1220 2639 Cinnam,
1249 2585 1354 2644 quater.

200 2647 274 2700 Cum
291 2647 447 2700 verborum
466 2647 568 2698 ductus
587 2645 687 2716 paullo
709 2652 752 2698 est
769 2647 925 2716 prolixior,
948 2644 1022 2699 haec
1046 2646 1121 2716 apud
1139 2656 1271 2701 nostrum
1294 2652 1355 2702 fre·

198 2725 324 2787 quanter
341 2724 511 2782 occurrunt,
531 2717 576 2769 uti
594 2715 720 2770 diximus
739 2717 774 2771 ad
792 2716 875 2772 Tusc.
895 2715 988 2770 Tusa·
1000 2717 1039 2774 tt.
1067 2723 1090 2773 1.
1110 2719 1162 2775 111.
1181 2722 1208 2775 8.
1233 2719 1355 2797 Euripi-

199 2789 250 2858 ¹(les
268 2788 414 2843 Phoeniss.
435 2792 504 2845 2902

366 2858 484 2914 Μέλλων
502 2859 540 2912 dt·
550 2859 670 2927 πέμπειν
687 2861 716 2930 μ’
735 2861 852 2916 Οἰδίπου
871 2862 972 2922 κλεινὸς
990 2858 1073 2930 γόνος

365 2936 479 3000 μαντεῖα
498 2929 597 3001 σεμνὰ,
617 2935 721 2991 Λοξίου
739 2931 759 2984 τ’
781 2932 822 2987 ἐπ’
842 2927 961 3002 ἐσχάρας

365 3002 396 3058 ἐν
413 3002 477 3069 τῷδ’
497 2997 714 3070 ἐπεστράτευσαν
732 3006 846 3073 Ἀργεῖοι
864 3006 956 3059 πόλιν.

199 3074 388 3130 scholiastae
408 3077 614 3141 σολοικοφανὲς,
633 3076 741 3144 inquit,
760 3070 843 3129 τοῦτό
862 3074 945 3132 ἐστιν.
966 3074 1021 3129 ἔδει
1039 3074 1092 3147 γὰρ
1118 3077 1215 3130 sinsin·
1239 3073 1355 3142 μέλλον-

197 3167 243 3206 τος
261 3147 383 3215 aspasii
401 3165 436 3215 με
454 3146 614 3207 Οἰδίποδος,
634 3144 665 3199 ἐν
683 3147 748 3213 τῷδ’
766 3145 948 3215 ἐστράτευσαν
970 3149 1094 3214 Ἀργεῖοι.
1132 3148 1197 3198 vid.
1222 3157 1254 3218 ,et
1281 3148 1357 3216 Hip-

198 3216 258 3290 pol.
278 3220 322 3272 23.
343 3217 477 3285 Polyaen.
499 3215 586 3269 Strat.
607 3216 630 3270 1.
657 3221 707 3272 182
738 3217 767 3270 oi
791 3217 918 3286 πολέμιοι
945 3215 976 3272 τὸ
1002 3221 1098 3285 λόγιον
1121 3213 1230 3279 εἰδότες,
1261 3217 1355 3271 κοινὸν

199 3291 292 3348 αὐτοῖς
318 3285 353 3356 ἦν
377 3288 554 3359 παράγγελμα
578 3285 609 3340 ἔν
636 3293 701 3348 ταῖς
715 3289 829 3358 μάχαις,
864 3290 1020 3358 ἀπέχεσθαι
1046 3288 1167 3361 Κόδρου.
1214 3288 1355 3341 Aelianus

200 3362 289 3414 etiam
318 3367 346 3412 et
371 3359 521 3411 Pausanias
546 3359 647 3412 eodem
671 3358 816 3412 schemate
850 3377 909 3414 non
937 3377 1004 3414 raro
1032 3368 1099 3412 sunt
1125 3360 1203 3413 usi.“
1222 3361 1294 3412 Dan.
1325 3361 1357 3411 in

198 3432 252 3486 Ea.
275 3435 297 3484 1.
334 3431 426 3496 „Non
446 3431 639 3483 necessarium
668 3439 710 3482 est
728 3433 888 3496 coniueere
915 3432 950 3484 ad
971 3432 1181 3493 Anacolutbon,
1209 3432 1285 3500 quod
1313 3430 1359 3483 ‹ti-

199 3509 284 3555 cunt:
305 3503 336 3567 in
355 3518 412 3572 qno
433 3501 626 3553 Grammatici
643 3502 693 3552 vel
711 3503 783 3553 vitia
802 3503 938 3576 obtegere
957 3503 1006 3556 vel
1025 3502 1121 3555 nescio
1151 3501 1221 3570 quid
1241 3503 1359 3575 elegan-

199 3576 258 3626 tiae
282 3573 456 3626 subodorare
489 3571 592 3627 solent.
635 3571 803 3646 Distingne:
840 3572 886 3624 Aa
912 3573 1037 3637 dubitas,
1059 3601 1091 3611 -
1123 3573 1358 3639 integerrimisqoe

199 3644 321 3696 sensibus
339 3645 420 3708 (adde
439 3642 529 3708 etiam,
545 3674 576 3684 -
597 3657 668 3708 opes,
686 3642 819 3708 gloriam)
847 3643 873 3694 si
891 3643 1049 3709 fueritis-
1068 3643 1184 3695 iniustas
1203 3650 1257 3697 etc.
1296 3645 1358 3696 Iam

201 3715 279 3769 salva
299 3723 365 3767 sunt
384 3713 511 3768 omnia.“
530 3711 618 3765 Boua.
655 3715 770 3768 Mireris
790 3733 867 3779 sane,
885 3715 984 3766 virum
1005 3714 1208 3768 doctissimum
1227 3717 1283 3769 ista
1302 3733 1358 3766 πα-

202 3785 329 3856 prestun
347 3787 493 3838 sublatum
511 3783 690 3837 existimasse
709 3785 907 3839 ἀνακόλουθον.
946 3785 1083 3838 Ceterum
1101 3787 1138 3837 ci.
1160 3785 1226 3838 Otto
1246 3787 1285 3838 ad
1295 3786 1356 3839 cic.

202 3858 238 3911 de
255 3859 341 3910 Finn.
361 3858 485 3909 Excurs.
505 3855 558 3907 111.
577 3871 607 3923 p.
626 3857 687 3910 395.
709 3884 743 3894 -
761 3858 796 3909 In
816 3873 894 3926 seqq.
916 3855 984 3911 Cot.
1005 3858 1092 3910 Vind.
1109 3862 1132 3911 1.
1153 3856 1357 3923 hebetiorem,

201 3930 318 3994 οἰνῶνες
343 3928 474 4002 Λαζοί
493 3926 588 3989 forma.
626 3924 701 3978 Tum
726 3927 803 3981 idem
826 3929 935 3991 integer
958 3927 1059 3996 bisque.
1086 3928 1125 3979 Re
1151 3965 1155 3976 .
1183 3928 1359 3991 integernm

202 4000 320 4068 iisqne
339 4000 401 4068 (qui
419 4014 502 4051 error
521 4004 602 4048 ortus
621 4004 663 4050 est
682 4016 717 4050 ex
736 4000 895 4068 scriptione
921 3946 1148 4064 freceiiv'rspf
1164 3997 1252 4050 Rehd.
1279 4014 1358 4051 acer-

202 4073 303 4125 rimas
321 4071 428 4132 integer
446 4068 548 4134 iisqne,
568 4067 666 4119 Duisb.
686 4068 870 4134 integerrimis
888 4071 1084 4137 acerrimisque.
1111 4071 1176 4121 Mox
1195 4069 1268 4122 Gud.
1289 4070 1360 4121 adde

203 4149 234 4194 et
252 4143 286 4193 si.
326 4140 437 4207 Scripsi
457 4141 528 4189 tabet
547 4155 613 4189 cuin
632 4139 702 4195 Dav.
722 4157 776 4208 pro
795 4141 871 4202 tibet,
892 4141 943 4208 qui
962 4141 1046 4192 illam
1062 4141 1252 4210 scriptionem
1271 4139 1360 4192 habet

203 4215 266 4266 sine
285 4211 369 4264 dubio
389 4227 424 4263 ex
442 4210 511 4264 Cod.
530 4208 601 4284 Reg.
625 4209 680 4264 Est
698 4214 776 4264 enim
794 4212 826 4265 in
846 4212 920 4265 Gud.
941 4216 967 4266 1.
987 4221 1017 4265 et
1035 4214 1060 4267 2.
1100 4213 1135 4264 ln
1158 4227 1217 4263 uno
1237 4210 1289 4265 Ox.
1315 4217 1360 4265 est

203 4283 276 4336 licet.
314 4282 373 4334 Mr.

272 4354 420 4408 Praestans
439 4384 472 4393 -
487 4350 689 4420 pernicitatem]
724 4353 834 4407 Laudat
850 4354 964 4407 Nonius
983 4354 1014 4406 in
1032 4352 1230 4416 pernicitatem.
1267 4352 1305 4405 D.

272 4421 464 4493 pernicitatem
481 4430 508 4477 et
525 4423 704 4494 velocitatem]
741 4424 823 4500 Quod
841 4431 869 4479 et
887 4424 968 4480 abest
984 4441 1002 4477 a
1021 4423 1089 4479 (iod.
1109 4425 1184 4479 aton.
1206 4429 1233 4480 1.·
1252 4432 1282 4480 et
1300 4439 1359 4478 uno
