<?xml version="1.0" encoding="UTF-8"?>
<!DOCTYPE html PUBLIC "-//W3C//DTD XHTML 1.0 Transitional//EN"
    "http://www.w3.org/TR/xhtml1/DTD/xhtml1-transitional.dtd">
<html xmlns="http://www.w3.org/1999/xhtml" xml:lang="en" lang="en">
 <head>
  <title>
</title>
<meta http-equiv="Content-Type" content="text/html;charset=utf-8" />
  <meta name='ocr-system' content='tesseract 3.04.00' />
  <meta name='ocr-capabilities' content='ocr_page ocr_carea ocr_par ocr_line ocrx_word'/>
</head>
<body>
  <div class='ocr_page' id='page_1' title='image "./mtulliiciceroni02davigoog/mtulliiciceroni02davigoog_0178.png"; bbox 0 0 2856 5084; ppageno 0'>
   <div class='ocr_carea' id='block_1_1' title="bbox 543 292 1245 369">
    <p class='ocr_par' dir='ltr' id='par_1_1' title="bbox 543 292 1245 369">
     <span class='ocr_line' id='line_1_1' title="bbox 543 292 1245 369; baseline 0.009 -13"><span class='ocrx_word' id='word_1_1' title='bbox 543 292 671 361; x_wconf 80' lang='lat' dir='ltr'>LIBER</span> <span class='ocrx_word' id='word_1_2' title='bbox 691 292 738 369; x_wconf 83' lang='lat' dir='ltr'>V,</span> <span class='ocrx_word' id='word_1_3' title='bbox 758 292 809 361; x_wconf 79' lang='lat' dir='ltr'>bl.</span> <span class='ocrx_word' id='word_1_4' title='bbox 1185 297 1245 362; x_wconf 78' lang='lat' dir='ltr'>let</span> 
     </span>
    </p>
   </div>
   <div class='ocr_carea' id='block_1_2' title="bbox 93 457 1246 875">
    <p class='ocr_par' dir='ltr' id='par_1_2' title="bbox 93 457 1246 875">
     <span class='ocr_line' id='line_1_2' title="bbox 98 457 1245 543; baseline 0 -18"><span class='ocrx_word' id='word_1_5' title='bbox 98 463 217 525; x_wconf 89' lang='lat' dir='ltr'>borum</span> <span class='ocrx_word' id='word_1_6' title='bbox 238 459 367 524; x_wconf 87' lang='lat' dir='ltr'>ratione</span> <span class='ocrx_word' id='word_1_7' title='bbox 389 461 442 524; x_wconf 86' lang='lat' dir='ltr'>vel</span> <span class='ocrx_word' id='word_1_8' title='bbox 463 457 505 523; x_wconf 88' lang='lat' dir='ltr'>sd</span> <span class='ocrx_word' id='word_1_9' title='bbox 525 460 725 543; x_wconf 89' lang='lat' dir='ltr'>supplicium</span> <span class='ocrx_word' id='word_1_10' title='bbox 747 459 843 522; x_wconf 87' lang='lat' dir='ltr'>beata</span> <span class='ocrx_word' id='word_1_11' title='bbox 864 459 934 523; x_wconf 83' lang='lat' dir='ltr'>vita</span> <span class='ocrx_word' id='word_1_12' title='bbox 953 460 1125 541; x_wconf 84' lang='lat' dir='ltr'>virtutem,</span> <span class='ocrx_word' id='word_1_13' title='bbox 1153 481 1245 525; x_wconf 91' lang='lat' dir='ltr'>cum-</span> 
     </span>
     <span class='ocr_line' id='line_1_3' title="bbox 97 541 1246 628; baseline 0 -21"><span class='ocrx_word' id='word_1_14' title='bbox 97 565 161 627; x_wconf 88' lang='lat' dir='ltr'>que</span> <span class='ocrx_word' id='word_1_15' title='bbox 182 564 220 606; x_wconf 87' lang='lat' dir='ltr'>ea</span> <span class='ocrx_word' id='word_1_16' title='bbox 240 542 417 606; x_wconf 78' lang='lat' dir='ltr'>descendet</span> <span class='ocrx_word' id='word_1_17' title='bbox 431 545 467 604; x_wconf 88' lang='lat' dir='ltr'>in</span> <span class='ocrx_word' id='word_1_18' title='bbox 480 551 627 621; x_wconf 86' lang='lat' dir='ltr'>taurum,</span> <span class='ocrx_word' id='word_1_19' title='bbox 648 542 841 622; x_wconf 83' lang='lat' dir='ltr'>Aristotele,</span> <span class='ocrx_word' id='word_1_20' title='bbox 863 541 1064 623; x_wconf 83' lang='lat' dir='ltr'>Xenocrate,</span> <span class='ocrx_word' id='word_1_21' title='bbox 1084 544 1246 628; x_wconf 86' lang='lat' dir='ltr'>Speusip-</span> 
     </span>
     <span class='ocr_line' id='line_1_4' title="bbox 95 625 1244 710; baseline 0.002 -20"><span class='ocrx_word' id='word_1_22' title='bbox 95 648 150 710; x_wconf 91' lang='lat' dir='ltr'>po,</span> <span class='ocrx_word' id='word_1_23' title='bbox 180 627 359 689; x_wconf 83' lang='lat' dir='ltr'>Polemone</span> <span class='ocrx_word' id='word_1_24' title='bbox 381 626 584 697; x_wconf 86' lang='lat' dir='ltr'>auctoribus‚</span> <span class='ocrx_word' id='word_1_25' title='bbox 616 644 677 686; x_wconf 90' lang='lat' dir='ltr'>nec</span> <span class='ocrx_word' id='word_1_26' title='bbox 704 645 777 688; x_wconf 85' lang='lat' dir='ltr'>eam</span> <span class='ocrx_word' id='word_1_27' title='bbox 806 627 905 688; x_wconf 89' lang='lat' dir='ltr'>minis</span> <span class='ocrx_word' id='word_1_28' title='bbox 934 634 992 688; x_wconf 84' lang='lat' dir='ltr'>ant</span> <span class='ocrx_word' id='word_1_29' title='bbox 1013 625 1244 692; x_wconf 77' lang='lat' dir='ltr'>blandimentis</span> 
     </span>
     <span class='ocr_line' id='line_1_5' title="bbox 94 707 1245 791; baseline 0.001 -20"><span class='ocrx_word' id='word_1_30' title='bbox 94 719 254 791; x_wconf 85' lang='lat' dir='ltr'>corrupta</span> <span class='ocrx_word' id='word_1_31' title='bbox 266 708 406 772; x_wconf 81' lang='lat' dir='ltr'>deseret.</span> <span class='ocrx_word' id='word_1_32' title='bbox 426 707 548 770; x_wconf 88' lang='lat' dir='ltr'>Eadem</span> <span class='ocrx_word' id='word_1_33' title='bbox 565 707 869 789; x_wconf 81' lang='lat' dir='ltr'>Calliphontiserit</span> <span class='ocrx_word' id='word_1_34' title='bbox 881 707 1093 791; x_wconf 88' lang='lat' dir='ltr'>Diodorique</span> <span class='ocrx_word' id='word_1_35' title='bbox 1113 719 1245 774; x_wconf 84' lang='lat' dir='ltr'>senten-</span> 
     </span>
     <span class='ocr_line' id='line_1_6' title="bbox 93 792 1244 875; baseline 0.003 -23"><span class='ocrx_word' id='word_1_36' title='bbox 93 793 159 854; x_wconf 81' lang='lat' dir='ltr'>tia:</span> <span class='ocrx_word' id='word_1_37' title='bbox 182 810 322 874; x_wconf 90' lang='lat' dir='ltr'>quorum</span> <span class='ocrx_word' id='word_1_38' title='bbox 343 799 485 875; x_wconf 89' lang='lat' dir='ltr'>uterque</span> <span class='ocrx_word' id='word_1_39' title='bbox 506 792 713 854; x_wconf 77' lang='lat' dir='ltr'>honestatem</span> <span class='ocrx_word' id='word_1_40' title='bbox 733 792 780 854; x_wconf 89' lang='lat' dir='ltr'>sic</span> <span class='ocrx_word' id='word_1_41' title='bbox 799 793 1042 873; x_wconf 90' lang='lat' dir='ltr'>complectitur,</span> <span class='ocrx_word' id='word_1_42' title='bbox 1063 800 1103 854; x_wconf 91' lang='lat' dir='ltr'>ut</span> <span class='ocrx_word' id='word_1_43' title='bbox 1123 795 1244 869; x_wconf 86' lang='lat' dir='ltr'>omnis,</span> 
     </span>
    </p>
   </div>
   <div class='ocr_carea' id='block_1_3' title="bbox 27 956 1269 4503">
    <p class='ocr_par' dir='ltr' id='par_1_3' title="bbox 93 956 1269 1387">
     <span class='ocr_line' id='line_1_7' title="bbox 94 956 1247 1036; baseline -0.003 -19"><span class='ocrx_word' id='word_1_44' title='bbox 94 961 257 1017; x_wconf 83' lang='lat' dir='ltr'>bonoram.“</span> <span class='ocrx_word' id='word_1_45' title='bbox 275 963 347 1016; x_wconf 83' lang='lat' dir='ltr'>Ern.</span> <span class='ocrx_word' id='word_1_46' title='bbox 384 962 513 1027; x_wconf 89' lang='lat' dir='ltr'>„Horam</span> <span class='ocrx_word' id='word_1_47' title='bbox 531 971 573 1014; x_wconf 91' lang='lat' dir='ltr'>est</span> <span class='ocrx_word' id='word_1_48' title='bbox 591 963 624 1015; x_wconf 88' lang='lat' dir='ltr'>ab</span> <span class='ocrx_word' id='word_1_49' title='bbox 642 963 761 1036; x_wconf 79' lang='lat' dir='ltr'>ingenio</span> <span class='ocrx_word' id='word_1_50' title='bbox 778 962 914 1028; x_wconf 84' lang='lat' dir='ltr'>Bentleii,</span> <span class='ocrx_word' id='word_1_51' title='bbox 939 979 1006 1016; x_wconf 91' lang='lat' dir='ltr'>cum</span> <span class='ocrx_word' id='word_1_52' title='bbox 1030 963 1062 1014; x_wconf 90' lang='lat' dir='ltr'>in</span> <span class='ocrx_word' id='word_1_53' title='bbox 1079 956 1163 1015; x_wconf 88' lang='lat' dir='ltr'>libris</span> <span class='ocrx_word' id='word_1_54' title='bbox 1180 961 1247 1035; x_wconf 86' lang='lat' dir='ltr'>plu-</span> 
     </span>
     <span class='ocr_line' id='line_1_8' title="bbox 93 1029 1247 1116; baseline 0 -29"><span class='ocrx_word' id='word_1_55' title='bbox 93 1033 176 1087; x_wconf 87' lang='lat' dir='ltr'>rimis</span> <span class='ocrx_word' id='word_1_56' title='bbox 201 1034 332 1087; x_wconf 74' lang='lat' dir='ltr'>botrorum</span> <span class='ocrx_word' id='word_1_57' title='bbox 358 1033 405 1097; x_wconf 89' lang='lat' dir='ltr'>sit,</span> <span class='ocrx_word' id='word_1_58' title='bbox 439 1039 489 1084; x_wconf 88' lang='lat' dir='ltr'>aut</span> <span class='ocrx_word' id='word_1_59' title='bbox 512 1029 658 1087; x_wconf 75' lang='lat' dir='ltr'>bonoram:</span> <span class='ocrx_word' id='word_1_60' title='bbox 692 1033 806 1116; x_wconf 82' lang='lat' dir='ltr'>ineptae</span> <span class='ocrx_word' id='word_1_61' title='bbox 832 1051 898 1088; x_wconf 90' lang='lat' dir='ltr'>sane</span> <span class='ocrx_word' id='word_1_62' title='bbox 924 1050 1016 1090; x_wconf 85' lang='lat' dir='ltr'>voces.</span> <span class='ocrx_word' id='word_1_63' title='bbox 1059 1034 1167 1087; x_wconf 87' lang='lat' dir='ltr'>Verum</span> <span class='ocrx_word' id='word_1_64' title='bbox 1192 1050 1247 1087; x_wconf 88' lang='lat' dir='ltr'>nec</span> 
     </span>
     <span class='ocr_line' id='line_1_9' title="bbox 95 1102 1246 1176; baseline -0.001 -19"><span class='ocrx_word' id='word_1_65' title='bbox 95 1102 194 1158; x_wconf 82' lang='lat' dir='ltr'>boram</span> <span class='ocrx_word' id='word_1_66' title='bbox 211 1106 317 1174; x_wconf 86' lang='lat' dir='ltr'>placet,</span> <span class='ocrx_word' id='word_1_67' title='bbox 349 1103 424 1174; x_wconf 91' lang='lat' dir='ltr'>quod</span> <span class='ocrx_word' id='word_1_68' title='bbox 442 1103 591 1169; x_wconf 84' lang='lat' dir='ltr'>redundat,</span> <span class='ocrx_word' id='word_1_69' title='bbox 616 1104 685 1174; x_wconf 88' lang='lat' dir='ltr'>quia</span> <span class='ocrx_word' id='word_1_70' title='bbox 701 1104 879 1171; x_wconf 76' lang='lat' dir='ltr'>Aristoteles,</span> <span class='ocrx_word' id='word_1_71' title='bbox 902 1106 1085 1170; x_wconf 87' lang='lat' dir='ltr'>Xenocrates,</span> <span class='ocrx_word' id='word_1_72' title='bbox 1110 1103 1246 1176; x_wconf 82' lang='lat' dir='ltr'>Speusip-</span> 
     </span>
     <span class='ocr_line' id='line_1_10' title="bbox 114 1174 1246 1246; baseline 0.001 -18"><span class='ocrx_word' id='word_1_73' title='bbox 114 1195 157 1241; x_wconf 91' lang='lat' dir='ltr'>us,</span> <span class='ocrx_word' id='word_1_74' title='bbox 186 1177 302 1229; x_wconf 90' lang='lat' dir='ltr'>Polemo</span> <span class='ocrx_word' id='word_1_75' title='bbox 325 1181 493 1245; x_wconf 88' lang='lat' dir='ltr'>sequuntur.</span> <span class='ocrx_word' id='word_1_76' title='bbox 538 1175 683 1245; x_wconf 87' lang='lat' dir='ltr'>Equidem</span> <span class='ocrx_word' id='word_1_77' title='bbox 707 1175 874 1246; x_wconf 84' lang='lat' dir='ltr'>scripserim</span> <span class='ocrx_word' id='word_1_78' title='bbox 899 1176 984 1228; x_wconf 88' lang='lat' dir='ltr'>bona</span> <span class='ocrx_word' id='word_1_79' title='bbox 1006 1192 1079 1229; x_wconf 89' lang='lat' dir='ltr'>enm</span> <span class='ocrx_word' id='word_1_80' title='bbox 1102 1174 1246 1230; x_wconf 84' lang='lat' dir='ltr'>ratione.“</span> 
     </span>
     <span class='ocr_line' id='line_1_11' title="bbox 94 1195 1269 1316; baseline 0 -16"><span class='ocrx_word' id='word_1_81' title='bbox 94 1195 612 1316; x_wconf 57' lang='lat' dir='ltr'>diessen.&#39;Eshocquiuem„,nu11a</span> <span class='ocrx_word' id='word_1_82' title='bbox 635 1263 703 1298; x_wconf 91' lang='lat' dir='ltr'>cum</span> <span class='ocrx_word' id='word_1_83' title='bbox 726 1246 856 1299; x_wconf 89' lang='lat' dir='ltr'>ratione“</span> <span class='ocrx_word' id='word_1_84' title='bbox 883 1255 1060 1301; x_wconf 80' lang='lat' dir='ltr'>cornmentus</span> <span class='ocrx_word' id='word_1_85' title='bbox 1088 1255 1130 1299; x_wconf 86' lang='lat' dir='ltr'>est</span> <span class='ocrx_word' id='word_1_86' title='bbox 1148 1247 1246 1301; x_wconf 87' lang='lat' dir='ltr'>Nisse-</span> <span class='ocrx_word' id='word_1_87' title='bbox 1268 1295 1269 1300; x_wconf 75' lang='grc'>,</span> 
     </span>
     <span class='ocr_line' id='line_1_12' title="bbox 95 1314 1247 1387; baseline 0 -17"><span class='ocrx_word' id='word_1_88' title='bbox 95 1319 169 1370; x_wconf 90' lang='lat' dir='ltr'>nius.</span> <span class='ocrx_word' id='word_1_89' title='bbox 206 1318 318 1371; x_wconf 85' lang='lat' dir='ltr'>Habent</span> <span class='ocrx_word' id='word_1_90' title='bbox 341 1314 447 1383; x_wconf 80' lang='lat' dir='ltr'>boram,</span> <span class='ocrx_word' id='word_1_91' title='bbox 479 1317 555 1385; x_wconf 89' lang='lat' dir='ltr'>quod</span> <span class='ocrx_word' id='word_1_92' title='bbox 579 1324 658 1370; x_wconf 88' lang='lat' dir='ltr'>recte</span> <span class='ocrx_word' id='word_1_93' title='bbox 684 1316 718 1369; x_wconf 93' lang='lat' dir='ltr'>de</span> <span class='ocrx_word' id='word_1_94' title='bbox 742 1316 940 1387; x_wconf 82' lang='lat' dir='ltr'>Peripateticis</span> <span class='ocrx_word' id='word_1_95' title='bbox 968 1319 1063 1371; x_wconf 74' lang='lat' dir='ltr'>intell·</span> <span class='ocrx_word' id='word_1_96' title='bbox 1086 1318 1111 1368; x_wconf 94' lang='lat' dir='ltr'>it</span> <span class='ocrx_word' id='word_1_97' title='bbox 1139 1317 1247 1383; x_wconf 90' lang='lat' dir='ltr'>Bentl.,</span> 
     </span>
    </p>

    <p class='ocr_par' dir='ltr' id='par_1_4' title="bbox 96 1387 1243 1463">
     <span class='ocr_line' id='line_1_13' title="bbox 96 1387 1243 1463; baseline 0.001 -21"><span class='ocrx_word' id='word_1_98' title='bbox 96 1405 146 1442; x_wconf 90' lang='lat' dir='ltr'>sex</span> <span class='ocrx_word' id='word_1_99' title='bbox 164 1388 250 1442; x_wconf 83' lang='lat' dir='ltr'>Godd.</span> <span class='ocrx_word' id='word_1_100' title='bbox 276 1390 345 1448; x_wconf 81' lang='lat' dir='ltr'>(lxx.</span> <span class='ocrx_word' id='word_1_101' title='bbox 371 1388 457 1442; x_wconf 83' lang='lat' dir='ltr'>codd.</span> <span class='ocrx_word' id='word_1_102' title='bbox 485 1387 558 1444; x_wconf 87' lang='lat' dir='ltr'>G&#39;ud.</span> <span class='ocrx_word' id='word_1_103' title='bbox 579 1392 603 1444; x_wconf 92' lang='lat' dir='ltr'>l.</span> <span class='ocrx_word' id='word_1_104' title='bbox 628 1388 701 1456; x_wconf 89' lang='lat' dir='ltr'>(sine</span> <span class='ocrx_word' id='word_1_105' title='bbox 720 1387 804 1441; x_wconf 90' lang='lat' dir='ltr'>dubio</span> <span class='ocrx_word' id='word_1_106' title='bbox 823 1389 906 1463; x_wconf 76' lang='lat' dir='ltr'>Beg.)</span> <span class='ocrx_word' id='word_1_107' title='bbox 930 1388 1022 1445; x_wconf 85' lang='lat' dir='ltr'>Rebd.</span> <span class='ocrx_word' id='word_1_108' title='bbox 1078 1387 1125 1440; x_wconf 87' lang='lat' dir='ltr'>ud.</span> <span class='ocrx_word' id='word_1_109' title='bbox 1147 1387 1243 1445; x_wconf 85' lang='lat' dir='ltr'>Dnisb.</span> 
     </span>
    </p>

    <p class='ocr_par' dir='ltr' id='par_1_5' title="bbox 95 1456 1243 1530">
     <span class='ocr_line' id='line_1_14' title="bbox 95 1456 1243 1530; baseline -0.003 -17"><span class='ocrx_word' id='word_1_110' title='bbox 95 1459 168 1513; x_wconf 86' lang='lat' dir='ltr'>Edd.</span> <span class='ocrx_word' id='word_1_111' title='bbox 186 1460 220 1512; x_wconf 88' lang='lat' dir='ltr'>V.</span> <span class='ocrx_word' id='word_1_112' title='bbox 232 1462 268 1513; x_wconf 89' lang='grc' dir='ltr'>Μ.</span> <span class='ocrx_word' id='word_1_113' title='bbox 281 1460 314 1521; x_wconf 80' lang='lat' dir='ltr'>L.</span> <span class='ocrx_word' id='word_1_114' title='bbox 325 1459 393 1513; x_wconf 89' lang='lat' dir='ltr'>Rob.</span> <span class='ocrx_word' id='word_1_115' title='bbox 414 1457 512 1528; x_wconf 87' lang='lat' dir='ltr'>Stcph.</span> <span class='ocrx_word' id='word_1_116' title='bbox 532 1460 630 1513; x_wconf 84' lang='lat' dir='ltr'>Hervv.</span> <span class='ocrx_word' id='word_1_117' title='bbox 650 1460 729 1514; x_wconf 77' lang='lat' dir='ltr'>leto.</span> <span class='ocrx_word' id='word_1_118' title='bbox 742 1456 811 1512; x_wconf 78' lang='lat' dir='ltr'>&#39;Can</span> <span class='ocrx_word' id='word_1_119' title='bbox 830 1457 930 1530; x_wconf 79' lang='lat' dir='ltr'>steph.</span> <span class='ocrx_word' id='word_1_120' title='bbox 949 1459 1016 1512; x_wconf 87' lang='lat' dir='ltr'>Ald.</span> <span class='ocrx_word' id='word_1_121' title='bbox 1035 1458 1116 1512; x_wconf 89' lang='lat' dir='ltr'>Boul.</span> <span class='ocrx_word' id='word_1_122' title='bbox 1127 1457 1243 1510; x_wconf 81' lang='lat' dir='ltr'>Lambb.</span> 
     </span>
    </p>

    <p class='ocr_par' dir='ltr' id='par_1_6' title="bbox 96 1527 1244 1602">
     <span class='ocr_line' id='line_1_15' title="bbox 96 1527 1244 1602; baseline -0.003 -16"><span class='ocrx_word' id='word_1_123' title='bbox 96 1531 183 1586; x_wconf 89' lang='lat' dir='ltr'>Goth.</span> <span class='ocrx_word' id='word_1_124' title='bbox 203 1531 283 1582; x_wconf 89' lang='lat' dir='ltr'>Brut.</span> <span class='ocrx_word' id='word_1_125' title='bbox 304 1529 383 1600; x_wconf 75' lang='lat' dir='ltr'>Sylb.</span> <span class='ocrx_word' id='word_1_126' title='bbox 403 1527 490 1598; x_wconf 88' lang='lat' dir='ltr'>idque</span> <span class='ocrx_word' id='word_1_127' title='bbox 507 1530 629 1598; x_wconf 88' lang='lat' dir='ltr'>probant</span> <span class='ocrx_word' id='word_1_128' title='bbox 641 1529 736 1583; x_wconf 86' lang='lat' dir='ltr'>Kiihn.</span> <span class='ocrx_word' id='word_1_129' title='bbox 756 1529 846 1584; x_wconf 83' lang='lat' dir='ltr'>Hand.</span> <span class='ocrx_word' id='word_1_130' title='bbox 867 1531 902 1582; x_wconf 88' lang='lat' dir='ltr'>ad</span> <span class='ocrx_word' id='word_1_131' title='bbox 920 1530 1032 1602; x_wconf 82' lang='lat' dir='ltr'>Wopk.</span> <span class='ocrx_word' id='word_1_132' title='bbox 1050 1530 1143 1583; x_wconf 83' lang='lat' dir='ltr'>Lectt.</span> <span class='ocrx_word' id='word_1_133' title='bbox 1164 1529 1244 1582; x_wconf 86' lang='lat' dir='ltr'>Tull.</span> 
     </span>
    </p>

    <p class='ocr_par' dir='ltr' id='par_1_7' title="bbox 93 1598 1243 1673">
     <span class='ocr_line' id='line_1_16' title="bbox 93 1598 1243 1673; baseline -0.003 -16"><span class='ocrx_word' id='word_1_134' title='bbox 93 1621 122 1673; x_wconf 86' lang='lat' dir='ltr'>p.</span> <span class='ocrx_word' id='word_1_135' title='bbox 142 1605 204 1657; x_wconf 80' lang='lat'>360.</span> <span class='ocrx_word' id='word_1_136' title='bbox 232 1609 463 1671; x_wconf 87' lang='lat' dir='ltr'>receperuntque</span> <span class='ocrx_word' id='word_1_137' title='bbox 490 1600 557 1654; x_wconf 89' lang='lat' dir='ltr'>inde</span> <span class='ocrx_word' id='word_1_138' title='bbox 580 1599 615 1652; x_wconf 90' lang='lat' dir='ltr'>ab</span> <span class='ocrx_word' id='word_1_139' title='bbox 637 1601 707 1654; x_wconf 88' lang='lat' dir='ltr'>Ern.</span> <span class='ocrx_word' id='word_1_140' title='bbox 725 1616 842 1657; x_wconf 81' lang='lat' dir='ltr'>omnes.</span> <span class='ocrx_word' id='word_1_141' title='bbox 884 1602 918 1654; x_wconf 89' lang='lat' dir='ltr'>In</span> <span class='ocrx_word' id='word_1_142' title='bbox 943 1617 1021 1671; x_wconf 89' lang='lat' dir='ltr'>seqq.</span> <span class='ocrx_word' id='word_1_143' title='bbox 1048 1598 1184 1653; x_wconf 78' lang='lat' dir='ltr'>solaEd.</span> <span class='ocrx_word' id='word_1_144' title='bbox 1207 1600 1243 1653; x_wconf 77' lang='lat' dir='ltr'>lt.</span> 
     </span>
    </p>

    <p class='ocr_par' dir='ltr' id='par_1_8' title="bbox 93 1670 1242 1742">
     <span class='ocr_line' id='line_1_17' title="bbox 93 1670 1242 1742; baseline -0.002 -16"><span class='ocrx_word' id='word_1_145' title='bbox 93 1674 216 1727; x_wconf 84' lang='lat' dir='ltr'>descend</span> <span class='ocrx_word' id='word_1_146' title='bbox 222 1673 249 1726; x_wconf 90' lang='lat' dir='ltr'>it</span> <span class='ocrx_word' id='word_1_147' title='bbox 267 1689 321 1742; x_wconf 86' lang='lat' dir='ltr'>pro</span> <span class='ocrx_word' id='word_1_148' title='bbox 333 1671 514 1736; x_wconf 82' lang='lat' dir='ltr'>descendet,</span> <span class='ocrx_word' id='word_1_149' title='bbox 533 1689 607 1724; x_wconf 92' lang='lat' dir='ltr'>unus</span> <span class='ocrx_word' id='word_1_150' title='bbox 619 1670 820 1737; x_wconf 68' lang='lat' dir='ltr'>Omdefendet,</span> <span class='ocrx_word' id='word_1_151' title='bbox 839 1671 911 1724; x_wconf 85' lang='lat' dir='ltr'>alins</span> <span class='ocrx_word' id='word_1_152' title='bbox 924 1672 1112 1736; x_wconf 77' lang='lat' dir='ltr'>descendant3</span> <span class='ocrx_word' id='word_1_153' title='bbox 1130 1673 1242 1727; x_wconf 68' lang='lat' dir='ltr'>Meni.</span> 
     </span>
    </p>

    <p class='ocr_par' dir='ltr' id='par_1_9' title="bbox 92 1741 1243 1813">
     <span class='ocr_line' id='line_1_18' title="bbox 92 1741 1243 1813; baseline 0.002 -16"><span class='ocrx_word' id='word_1_154' title='bbox 92 1745 123 1797; x_wconf 91' lang='lat' dir='ltr'>in</span> <span class='ocrx_word' id='word_1_155' title='bbox 140 1741 275 1809; x_wconf 81' lang='lat' dir='ltr'>llanram,</span> <span class='ocrx_word' id='word_1_156' title='bbox 297 1741 386 1796; x_wconf 84' lang='lat' dir='ltr'>Rebd.</span> <span class='ocrx_word' id='word_1_157' title='bbox 407 1741 438 1795; x_wconf 88' lang='lat' dir='ltr'>in</span> <span class='ocrx_word' id='word_1_158' title='bbox 455 1748 570 1797; x_wconf 81' lang='lat' dir='ltr'>tanes.</span> <span class='ocrx_word' id='word_1_159' title='bbox 600 1743 689 1796; x_wconf 87' lang='lat' dir='ltr'>lllarb.</span> <span class='ocrx_word' id='word_1_160' title='bbox 718 1744 886 1797; x_wconf 72' lang='lat' dir='ltr'>ettiloni.</span> <span class='ocrx_word' id='word_1_161' title='bbox 913 1742 1072 1811; x_wconf 82' lang='lat' dir='ltr'>Psensippo.</span> <span class='ocrx_word' id='word_1_162' title='bbox 1111 1742 1145 1794; x_wconf 92' lang='lat' dir='ltr'>ln</span> <span class='ocrx_word' id='word_1_163' title='bbox 1163 1759 1243 1813; x_wconf 84' lang='lat' dir='ltr'>seqq.</span> 
     </span>
    </p>

    <p class='ocr_par' dir='ltr' id='par_1_10' title="bbox 93 1811 1243 1884">
     <span class='ocr_line' id='line_1_19' title="bbox 93 1811 1243 1884; baseline -0.002 -16"><span class='ocrx_word' id='word_1_164' title='bbox 93 1815 205 1884; x_wconf 88' lang='lat' dir='ltr'>recepit</span> <span class='ocrx_word' id='word_1_165' title='bbox 222 1814 292 1866; x_wconf 89' lang='lat' dir='ltr'>Dav.</span> <span class='ocrx_word' id='word_1_166' title='bbox 312 1814 344 1864; x_wconf 91' lang='lat' dir='ltr'>in</span> <span class='ocrx_word' id='word_1_167' title='bbox 361 1814 414 1866; x_wconf 83' lang='lat' dir='ltr'>Bd.</span> <span class='ocrx_word' id='word_1_168' title='bbox 434 1817 459 1868; x_wconf 76' lang='lat'>2.</span> <span class='ocrx_word' id='word_1_169' title='bbox 479 1813 605 1867; x_wconf 86' lang='lat' dir='ltr'>Bentleii</span> <span class='ocrx_word' id='word_1_170' title='bbox 624 1813 851 1868; x_wconf 83' lang='lat' dir='ltr'>emendationem</span> <span class='ocrx_word' id='word_1_171' title='bbox 866 1814 952 1869; x_wconf 89' lang='lat' dir='ltr'>minis</span> <span class='ocrx_word' id='word_1_172' title='bbox 961 1820 1010 1869; x_wconf 83' lang='lat' dir='ltr'>ant</span> <span class='ocrx_word' id='word_1_173' title='bbox 1028 1811 1243 1868; x_wconf 85' lang='lat' dir='ltr'>blandimentis.-</span> 
     </span>
    </p>

    <p class='ocr_par' dir='ltr' id='par_1_11' title="bbox 95 1883 794 1968">
     <span class='ocr_line' id='line_1_20' title="bbox 95 1883 794 1968; baseline 0.001 -33"><span class='ocrx_word' id='word_1_174' title='bbox 95 1886 127 1936; x_wconf 91' lang='lat' dir='ltr'>in</span> <span class='ocrx_word' id='word_1_175' title='bbox 145 1883 234 1937; x_wconf 88' lang='lat' dir='ltr'>tertia</span> <span class='ocrx_word' id='word_1_176' title='bbox 251 1884 285 1935; x_wconf 93' lang='lat' dir='ltr'>ad</span> <span class='ocrx_word' id='word_1_177' title='bbox 302 1884 417 1955; x_wconf 87' lang='lat' dir='ltr'>pridem</span> <span class='ocrx_word' id='word_1_178' title='bbox 433 1884 581 1968; x_wconf 71' lang='lat' dir='ltr'>vulgatam</span> <span class='ocrx_word' id='word_1_179' title='bbox 598 1885 695 1937; x_wconf 85' lang='lat' dir='ltr'>rediit.</span> <span class='ocrx_word' id='word_1_180' title='bbox 733 1883 794 1937; x_wconf 86' lang='lat' dir='ltr'>Mr.</span> 
     </span>
    </p>

    <p class='ocr_par' dir='ltr' id='par_1_12' title="bbox 93 1952 1246 2150">
     <span class='ocr_line' id='line_1_21' title="bbox 164 1952 1246 2018; baseline 0.001 -11"><span class='ocrx_word' id='word_1_181' title='bbox 164 1954 295 2007; x_wconf 87' lang='lat' dir='ltr'>Minimis</span> <span class='ocrx_word' id='word_1_182' title='bbox 317 1952 532 2018; x_wconf 74' lang='lat' dir='ltr'>blandimentis]</span> <span class='ocrx_word' id='word_1_183' title='bbox 569 1953 618 2008; x_wconf 84' lang='lat' dir='ltr'>Sic</span> <span class='ocrx_word' id='word_1_184' title='bbox 642 1971 739 2008; x_wconf 87' lang='lat' dir='ltr'>omnes</span> <span class='ocrx_word' id='word_1_185' title='bbox 764 1953 889 2015; x_wconf 64' lang='lat' dir='ltr'>Godicesl</span> <span class='ocrx_word' id='word_1_186' title='bbox 925 1955 999 2008; x_wconf 85' lang='lat' dir='ltr'>Mihi</span> <span class='ocrx_word' id='word_1_187' title='bbox 1023 1963 1120 2008; x_wconf 87' lang='lat' dir='ltr'>tamen</span> <span class='ocrx_word' id='word_1_188' title='bbox 1141 1955 1246 2008; x_wconf 86' lang='lat' dir='ltr'>verisi-</span> 
     </span>
     <span class='ocr_line' id='line_1_22' title="bbox 93 2023 1245 2097; baseline 0.001 -19"><span class='ocrx_word' id='word_1_189' title='bbox 93 2024 218 2078; x_wconf 88' lang='lat' dir='ltr'>millima</span> <span class='ocrx_word' id='word_1_190' title='bbox 234 2026 351 2078; x_wconf 87' lang='lat' dir='ltr'>videtur</span> <span class='ocrx_word' id='word_1_191' title='bbox 368 2025 607 2097; x_wconf 81' lang='lat' dir='ltr'>praestantissimi</span> <span class='ocrx_word' id='word_1_192' title='bbox 624 2026 750 2080; x_wconf 88' lang='lat' dir='ltr'>Bentleii</span> <span class='ocrx_word' id='word_1_193' title='bbox 769 2027 943 2092; x_wconf 85' lang='lat' dir='ltr'>coniectura,</span> <span class='ocrx_word' id='word_1_194' title='bbox 971 2026 1019 2079; x_wconf 88' lang='lat' dir='ltr'>cui</span> <span class='ocrx_word' id='word_1_195' title='bbox 1036 2027 1133 2097; x_wconf 86' lang='lat' dir='ltr'>placet</span> <span class='ocrx_word' id='word_1_196' title='bbox 1158 2023 1245 2080; x_wconf 86' lang='lat' dir='ltr'>minis</span> 
     </span>
     <span class='ocr_line' id='line_1_23' title="bbox 94 2096 673 2150; baseline 0 -1"><span class='ocrx_word' id='word_1_197' title='bbox 94 2103 145 2150; x_wconf 86' lang='lat' dir='ltr'>ant</span> <span class='ocrx_word' id='word_1_198' title='bbox 162 2096 370 2150; x_wconf 79' lang='lat' dir='ltr'>blandimentis.</span> <span class='ocrx_word' id='word_1_199' title='bbox 408 2096 462 2149; x_wconf 81' lang='lat' dir='ltr'>D..</span> <span class='ocrx_word' id='word_1_200' title='bbox 600 2099 603 2105; x_wconf 79' lang='grc'><strong><em>’</em></strong></span> <span class='ocrx_word' id='word_1_201' title='bbox 669 2126 673 2132; x_wconf 90' lang='grc'><strong>-</strong></span> 
     </span>
    </p>

    <p class='ocr_par' dir='ltr' id='par_1_13' title="bbox 91 2166 1247 3639">
     <span class='ocr_line' id='line_1_24' title="bbox 164 2166 1246 2235; baseline 0.002 -15"><span class='ocrx_word' id='word_1_202' title='bbox 164 2167 269 2223; x_wconf 78' lang='lat' dir='ltr'>mittis</span> <span class='ocrx_word' id='word_1_203' title='bbox 287 2173 344 2221; x_wconf 88' lang='lat' dir='ltr'>ant</span> <span class='ocrx_word' id='word_1_204' title='bbox 362 2166 570 2235; x_wconf 76' lang='lat' dir='ltr'>blandimentis]</span> <span class='ocrx_word' id='word_1_205' title='bbox 607 2166 713 2235; x_wconf 82' lang='lat' dir='ltr'>„Adeo</span> <span class='ocrx_word' id='word_1_206' title='bbox 732 2166 831 2220; x_wconf 88' lang='lat' dir='ltr'>arrisit</span> <span class='ocrx_word' id='word_1_207' title='bbox 848 2166 974 2221; x_wconf 89' lang='lat' dir='ltr'>Bentleii</span> <span class='ocrx_word' id='word_1_208' title='bbox 992 2168 1144 2232; x_wconf 88' lang='lat' dir='ltr'>eorrectio,</span> <span class='ocrx_word' id='word_1_209' title='bbox 1164 2167 1246 2222; x_wconf 87' lang='lat' dir='ltr'>adeo-</span> 
     </span>
     <span class='ocr_line' id='line_1_25' title="bbox 93 2245 1246 2372; baseline 0.001 -12"><span class='ocrx_word' id='word_1_210' title='bbox 93 2245 633 2372; x_wconf 43' lang='lat' dir='ltr'>tttttttttttlttintuiti</span> <span class='ocrx_word' id='word_1_211' title='bbox 649 2257 689 2360; x_wconf 65' lang='grc' dir='ltr'>ἐξ</span> <span class='ocrx_word' id='word_1_212' title='bbox 703 2254 1246 2362; x_wconf 59' lang='lat' dir='ltr'>attigit..tttnttlttttlt</span> 
     </span>
     <span class='ocr_line' id='line_1_26' title="bbox 94 2377 1244 2462; baseline 0.003 -31"><span class='ocrx_word' id='word_1_213' title='bbox 94 2380 260 2444; x_wconf 84' lang='lat' dir='ltr'>necessaria,</span> <span class='ocrx_word' id='word_1_214' title='bbox 281 2379 335 2449; x_wconf 77' lang='lat' dir='ltr'>pio</span> <span class='ocrx_word' id='word_1_215' title='bbox 353 2377 472 2462; x_wconf 71' lang='lat' dir='ltr'>vulgato</span> <span class='ocrx_word' id='word_1_216' title='bbox 490 2377 616 2432; x_wconf 87' lang='lat' dir='ltr'>minimis</span> <span class='ocrx_word' id='word_1_217' title='bbox 633 2378 842 2436; x_wconf 87' lang='lat' dir='ltr'>blandimentis.</span> <span class='ocrx_word' id='word_1_218' title='bbox 878 2379 951 2431; x_wconf 85' lang='lat' dir='ltr'>Eam</span> <span class='ocrx_word' id='word_1_219' title='bbox 975 2385 1005 2432; x_wconf 91' lang='lat' dir='ltr'>et</span> <span class='ocrx_word' id='word_1_220' title='bbox 1020 2378 1090 2430; x_wconf 84' lang='lat' dir='ltr'>Dav.</span> <span class='ocrx_word' id='word_1_221' title='bbox 1119 2377 1184 2446; x_wconf 75' lang='lat' dir='ltr'>[lid.</span> <span class='ocrx_word' id='word_1_222' title='bbox 1203 2378 1244 2446; x_wconf 77' lang='lat'>2]</span> 
     </span>
     <span class='ocr_line' id='line_1_27' title="bbox 94 2447 1247 2515; baseline -0.003 -11"><span class='ocrx_word' id='word_1_223' title='bbox 94 2459 124 2504; x_wconf 91' lang='lat' dir='ltr'>et</span> <span class='ocrx_word' id='word_1_224' title='bbox 140 2450 212 2502; x_wconf 88' lang='lat' dir='ltr'>Buh.</span> <span class='ocrx_word' id='word_1_225' title='bbox 234 2448 277 2514; x_wconf 90' lang='lat' dir='ltr'>[in</span> <span class='ocrx_word' id='word_1_226' title='bbox 295 2465 482 2502; x_wconf 78' lang='lat' dir='ltr'>conversione</span> <span class='ocrx_word' id='word_1_227' title='bbox 500 2447 624 2515; x_wconf 85' lang='lat' dir='ltr'>Gallica]</span> <span class='ocrx_word' id='word_1_228' title='bbox 645 2450 738 2505; x_wconf 87' lang='lat' dir='ltr'>secuti</span> <span class='ocrx_word' id='word_1_229' title='bbox 762 2457 838 2502; x_wconf 89' lang='lat' dir='ltr'>sunt.</span> <span class='ocrx_word' id='word_1_230' title='bbox 875 2450 910 2502; x_wconf 91' lang='lat' dir='ltr'>In</span> <span class='ocrx_word' id='word_1_231' title='bbox 928 2448 985 2504; x_wconf 85' lang='lat' dir='ltr'>MS.</span> <span class='ocrx_word' id='word_1_232' title='bbox 1006 2448 1104 2502; x_wconf 85' lang='lat' dir='ltr'>Guelf.</span> <span class='ocrx_word' id='word_1_233' title='bbox 1133 2457 1175 2504; x_wconf 90' lang='lat' dir='ltr'>est</span> <span class='ocrx_word' id='word_1_234' title='bbox 1192 2448 1247 2502; x_wconf 87' lang='lat' dir='ltr'>mi-</span> 
     </span>
     <span class='ocr_line' id='line_1_28' title="bbox 93 2517 1247 2590; baseline -0.001 -15"><span class='ocrx_word' id='word_1_235' title='bbox 93 2520 180 2575; x_wconf 86' lang='lat' dir='ltr'>nimis</span> <span class='ocrx_word' id='word_1_236' title='bbox 206 2527 337 2588; x_wconf 79' lang='lat' dir='ltr'>corrupta</span> <span class='ocrx_word' id='word_1_237' title='bbox 361 2517 575 2574; x_wconf 78' lang='lat' dir='ltr'>blandimentis:</span> <span class='ocrx_word' id='word_1_238' title='bbox 600 2520 675 2574; x_wconf 90' lang='lat' dir='ltr'>unde</span> <span class='ocrx_word' id='word_1_239' title='bbox 701 2519 772 2574; x_wconf 91' lang='lat' dir='ltr'>colli</span> <span class='ocrx_word' id='word_1_240' title='bbox 809 2538 839 2572; x_wconf 91' lang='lat' dir='ltr'>m</span> <span class='ocrx_word' id='word_1_241' title='bbox 861 2520 949 2574; x_wconf 84' lang='lat' dir='ltr'>fuisse</span> <span class='ocrx_word' id='word_1_242' title='bbox 975 2519 1062 2574; x_wconf 88' lang='lat' dir='ltr'>minis</span> <span class='ocrx_word' id='word_1_243' title='bbox 1084 2527 1247 2590; x_wconf 80' lang='lat' dir='ltr'>corruptam</span> 
     </span>
     <span class='ocr_line' id='line_1_29' title="bbox 93 2538 1246 2665; baseline 0 -20"><span class='ocrx_word' id='word_1_244' title='bbox 93 2598 144 2646; x_wconf 87' lang='lat' dir='ltr'>nat</span> <span class='ocrx_word' id='word_1_245' title='bbox 162 2589 392 2645; x_wconf 84' lang='lat' dir='ltr'>blandimentis.“</span> <span class='ocrx_word' id='word_1_246' title='bbox 411 2591 480 2644; x_wconf 85' lang='lat' dir='ltr'>Era.</span> <span class='ocrx_word' id='word_1_247' title='bbox 518 2590 718 2656; x_wconf 76' lang='lat' dir='ltr'>„llinendavit</span> <span class='ocrx_word' id='word_1_248' title='bbox 735 2538 884 2665; x_wconf 54' lang='lat' dir='ltr'>migatam</span> <span class='ocrx_word' id='word_1_249' title='bbox 902 2591 1067 2644; x_wconf 86' lang='lat' dir='ltr'>coniectura</span> <span class='ocrx_word' id='word_1_250' title='bbox 1086 2591 1246 2645; x_wconf 76' lang='lat' dir='ltr'>bertissima</span> 
     </span>
     <span class='ocr_line' id='line_1_30' title="bbox 91 2659 1245 2730; baseline -0.003 -13"><span class='ocrx_word' id='word_1_251' title='bbox 91 2662 273 2717; x_wconf 88' lang='lat' dir='ltr'>Bentleius.“</span> <span class='ocrx_word' id='word_1_252' title='bbox 296 2661 414 2715; x_wconf 76' lang='lat' dir='ltr'>Lallem.</span> <span class='ocrx_word' id='word_1_253' title='bbox 451 2659 548 2727; x_wconf 77' lang='lat' dir='ltr'>„Scit</span> <span class='ocrx_word' id='word_1_254' title='bbox 574 2663 634 2715; x_wconf 86' lang='lat' dir='ltr'>vita</span> <span class='ocrx_word' id='word_1_255' title='bbox 658 2662 738 2715; x_wconf 87' lang='lat' dir='ltr'>beata</span> <span class='ocrx_word' id='word_1_256' title='bbox 755 2663 826 2730; x_wconf 90' lang='lat' dir='ltr'>(non</span> <span class='ocrx_word' id='word_1_257' title='bbox 848 2662 961 2717; x_wconf 87' lang='lat' dir='ltr'>deseret</span> <span class='ocrx_word' id='word_1_258' title='bbox 985 2660 1067 2726; x_wconf 87' lang='lat' dir='ltr'>eam).</span> <span class='ocrx_word' id='word_1_259' title='bbox 1109 2663 1152 2716; x_wconf 82' lang='lat' dir='ltr'>Ea</span> <span class='ocrx_word' id='word_1_260' title='bbox 1173 2669 1245 2715; x_wconf 84' lang='lat' dir='ltr'>vero</span> 
     </span>
     <span class='ocr_line' id='line_1_31' title="bbox 94 2731 1244 2804; baseline 0.002 -20"><span class='ocrx_word' id='word_1_261' title='bbox 94 2734 236 2802; x_wconf 89' lang='lat' dir='ltr'>quomodo</span> <span class='ocrx_word' id='word_1_262' title='bbox 268 2731 355 2786; x_wconf 89' lang='lat' dir='ltr'>minis</span> <span class='ocrx_word' id='word_1_263' title='bbox 384 2738 433 2786; x_wconf 87' lang='lat' dir='ltr'>ant</span> <span class='ocrx_word' id='word_1_264' title='bbox 459 2731 659 2787; x_wconf 75' lang='lat' dir='ltr'>blandimentis</span> <span class='ocrx_word' id='word_1_265' title='bbox 682 2734 831 2804; x_wconf 88' lang='lat' dir='ltr'>corrumpi</span> <span class='ocrx_word' id='word_1_266' title='bbox 860 2737 973 2804; x_wconf 81' lang='lat' dir='ltr'>potest?</span> <span class='ocrx_word' id='word_1_267' title='bbox 1009 2733 1131 2788; x_wconf 89' lang='lat' dir='ltr'>Scilicet</span> <span class='ocrx_word' id='word_1_268' title='bbox 1157 2733 1244 2787; x_wconf 82' lang='lat' dir='ltr'>eitam</span> 
     </span>
     <span class='ocr_line' id='line_1_32' title="bbox 94 2801 1245 2874; baseline 0 -18"><span class='ocrx_word' id='word_1_269' title='bbox 94 2805 201 2857; x_wconf 83' lang='lat' dir='ltr'>beatam</span> <span class='ocrx_word' id='word_1_270' title='bbox 218 2804 294 2856; x_wconf 80' lang='lat' dir='ltr'>dixit</span> <span class='ocrx_word' id='word_1_271' title='bbox 311 2819 364 2874; x_wconf 89' lang='lat' dir='ltr'>pro</span> <span class='ocrx_word' id='word_1_272' title='bbox 382 2801 492 2857; x_wconf 81' lang='lat' dir='ltr'>demine</span> <span class='ocrx_word' id='word_1_273' title='bbox 509 2804 597 2871; x_wconf 91' lang='lat' dir='ltr'>beato,</span> <span class='ocrx_word' id='word_1_274' title='bbox 616 2802 674 2872; x_wconf 89' lang='lat' dir='ltr'>qai,</span> <span class='ocrx_word' id='word_1_275' title='bbox 697 2803 723 2854; x_wconf 93' lang='lat' dir='ltr'>si</span> <span class='ocrx_word' id='word_1_276' title='bbox 739 2805 881 2857; x_wconf 88' lang='lat' dir='ltr'>virtutem</span> <span class='ocrx_word' id='word_1_277' title='bbox 905 2812 1051 2874; x_wconf 84' lang='lat' dir='ltr'>sequetur,</span> <span class='ocrx_word' id='word_1_278' title='bbox 1078 2822 1132 2858; x_wconf 86' lang='lat' dir='ltr'>nec</span> <span class='ocrx_word' id='word_1_279' title='bbox 1156 2805 1245 2856; x_wconf 88' lang='lat' dir='ltr'>minis</span> 
     </span>
     <span class='ocr_line' id='line_1_33' title="bbox 94 2873 1245 2945; baseline 0.001 -18"><span class='ocrx_word' id='word_1_280' title='bbox 94 2881 144 2927; x_wconf 88' lang='lat' dir='ltr'>aut</span> <span class='ocrx_word' id='word_1_281' title='bbox 161 2873 363 2927; x_wconf 87' lang='lat' dir='ltr'>blandimentis</span> <span class='ocrx_word' id='word_1_282' title='bbox 386 2883 599 2944; x_wconf 90' lang='lat' dir='ltr'>corrumpetur,</span> <span class='ocrx_word' id='word_1_283' title='bbox 626 2874 756 2944; x_wconf 85' lang='lat' dir='ltr'>quamvis</span> <span class='ocrx_word' id='word_1_284' title='bbox 777 2873 922 2927; x_wconf 88' lang='lat' dir='ltr'>minarum</span> <span class='ocrx_word' id='word_1_285' title='bbox 948 2882 1117 2945; x_wconf 86' lang='lat' dir='ltr'>contemptu</span> <span class='ocrx_word' id='word_1_286' title='bbox 1133 2874 1245 2928; x_wconf 86' lang='lat' dir='ltr'>blandi·</span> 
     </span>
     <span class='ocr_line' id='line_1_34' title="bbox 93 2944 1246 3016; baseline 0.001 -19"><span class='ocrx_word' id='word_1_287' title='bbox 93 2953 192 2998; x_wconf 90' lang='lat' dir='ltr'>menta</span> <span class='ocrx_word' id='word_1_288' title='bbox 209 2944 364 2998; x_wconf 80' lang='lat' dir='ltr'>‚exsuscitet</span> <span class='ocrx_word' id='word_1_289' title='bbox 390 2952 439 2997; x_wconf 87' lang='lat' dir='ltr'>ant</span> <span class='ocrx_word' id='word_1_290' title='bbox 461 2944 665 3015; x_wconf 85' lang='lat' dir='ltr'>voluptatibus,</span> <span class='ocrx_word' id='word_1_291' title='bbox 693 2962 817 3015; x_wconf 86' lang='lat' dir='ltr'>quarum</span> <span class='ocrx_word' id='word_1_292' title='bbox 834 2945 1027 2998; x_wconf 86' lang='lat' dir='ltr'>blandimenta</span> <span class='ocrx_word' id='word_1_293' title='bbox 1046 2952 1171 3016; x_wconf 86' lang='lat' dir='ltr'>spernat,</span> <span class='ocrx_word' id='word_1_294' title='bbox 1198 2960 1246 2998; x_wconf 81' lang='lat' dir='ltr'>ca·</span> 
     </span>
     <span class='ocr_line' id='line_1_35' title="bbox 93 3013 1246 3085; baseline 0 -16"><span class='ocrx_word' id='word_1_295' title='bbox 93 3017 214 3071; x_wconf 87' lang='lat' dir='ltr'>rendum</span> <span class='ocrx_word' id='word_1_296' title='bbox 232 3017 280 3080; x_wconf 88' lang='lat' dir='ltr'>sit,</span> <span class='ocrx_word' id='word_1_297' title='bbox 303 3016 399 3070; x_wconf 88' lang='lat' dir='ltr'>beatas</span> <span class='ocrx_word' id='word_1_298' title='bbox 416 3030 475 3069; x_wconf 86' lang='lat' dir='ltr'>esse</span> <span class='ocrx_word' id='word_1_299' title='bbox 491 3018 605 3085; x_wconf 76' lang='lat' dir='ltr'>poterit.</span> <span class='ocrx_word' id='word_1_300' title='bbox 642 3015 699 3070; x_wconf 84' lang='lat' dir='ltr'>Sed</span> <span class='ocrx_word' id='word_1_301' title='bbox 716 3016 783 3069; x_wconf 91' lang='lat' dir='ltr'>nolo</span> <span class='ocrx_word' id='word_1_302' title='bbox 801 3023 907 3082; x_wconf 85' lang='lat' dir='ltr'>tacere,</span> <span class='ocrx_word' id='word_1_303' title='bbox 935 3015 967 3067; x_wconf 92' lang='lat' dir='ltr'>in</span> <span class='ocrx_word' id='word_1_304' title='bbox 985 3015 1062 3082; x_wconf 81' lang='lat' dir='ltr'>MSS,</span> <span class='ocrx_word' id='word_1_305' title='bbox 1083 3033 1142 3070; x_wconf 88' lang='lat' dir='ltr'>esse</span> <span class='ocrx_word' id='word_1_306' title='bbox 1160 3013 1246 3069; x_wconf 88' lang='lat' dir='ltr'>mini-</span> 
     </span>
     <span class='ocr_line' id='line_1_36' title="bbox 93 3085 1244 3157; baseline -0.001 -16"><span class='ocrx_word' id='word_1_307' title='bbox 93 3088 146 3141; x_wconf 88' lang='lat' dir='ltr'>mis</span> <span class='ocrx_word' id='word_1_308' title='bbox 176 3087 388 3141; x_wconf 81' lang='lat' dir='ltr'>blandimentis:</span> <span class='ocrx_word' id='word_1_309' title='bbox 425 3103 480 3138; x_wconf 86' lang='lat' dir='ltr'>nec</span> <span class='ocrx_word' id='word_1_310' title='bbox 509 3086 539 3149; x_wconf 83' lang='lat' dir='ltr'>id</span> <span class='ocrx_word' id='word_1_311' title='bbox 568 3087 702 3157; x_wconf 89' lang='lat' dir='ltr'>ineptum</span> <span class='ocrx_word' id='word_1_312' title='bbox 732 3086 858 3140; x_wconf 83' lang='lat' dir='ltr'>videtur.</span> <span class='ocrx_word' id='word_1_313' title='bbox 900 3085 1025 3140; x_wconf 87' lang='lat' dir='ltr'>Minima</span> <span class='ocrx_word' id='word_1_314' title='bbox 1053 3085 1244 3142; x_wconf 87' lang='lat' dir='ltr'>blandimenta</span> 
     </span>
     <span class='ocr_line' id='line_1_37' title="bbox 91 3156 1244 3228; baseline -0.001 -15"><span class='ocrx_word' id='word_1_315' title='bbox 91 3159 342 3228; x_wconf 83' lang='lat' dir='ltr'>voluptatissnnt,</span> <span class='ocrx_word' id='word_1_316' title='bbox 365 3172 475 3228; x_wconf 82' lang='lat' dir='ltr'>perque</span> <span class='ocrx_word' id='word_1_317' title='bbox 501 3165 699 3227; x_wconf 89' lang='lat' dir='ltr'>contemptum</span> <span class='ocrx_word' id='word_1_318' title='bbox 723 3156 866 3210; x_wconf 88' lang='lat' dir='ltr'>dictum.“</span> <span class='ocrx_word' id='word_1_319' title='bbox 888 3157 997 3213; x_wconf 86' lang='lat' dir='ltr'>Nissen.</span> <span class='ocrx_word' id='word_1_320' title='bbox 1015 3180 1017 3185; x_wconf 93' lang='lat'>·</span> <span class='ocrx_word' id='word_1_321' title='bbox 1035 3161 1102 3213; x_wconf 93' lang='lat' dir='ltr'>Non</span> <span class='ocrx_word' id='word_1_322' title='bbox 1125 3159 1244 3212; x_wconf 89' lang='lat' dir='ltr'>felicius</span> 
     </span>
     <span class='ocr_line' id='line_1_38' title="bbox 92 3228 1245 3302; baseline 0 -20"><span class='ocrx_word' id='word_1_323' title='bbox 92 3230 176 3283; x_wconf 84' lang='lat' dir='ltr'>cessit</span> <span class='ocrx_word' id='word_1_324' title='bbox 193 3229 259 3283; x_wconf 82' lang='lat' dir='ltr'>viro</span> <span class='ocrx_word' id='word_1_325' title='bbox 278 3229 361 3281; x_wconf 89' lang='lat' dir='ltr'>docto</span> <span class='ocrx_word' id='word_1_326' title='bbox 379 3229 512 3302; x_wconf 77' lang='lat' dir='ltr'>vulgatae</span> <span class='ocrx_word' id='word_1_327' title='bbox 530 3228 667 3294; x_wconf 83' lang='lat' dir='ltr'>defensio,</span> <span class='ocrx_word' id='word_1_328' title='bbox 695 3246 781 3298; x_wconf 89' lang='lat' dir='ltr'>quam</span> <span class='ocrx_word' id='word_1_329' title='bbox 801 3229 885 3282; x_wconf 89' lang='lat' dir='ltr'>modo</span> <span class='ocrx_word' id='word_1_330' title='bbox 904 3229 1047 3282; x_wconf 88' lang='lat' dir='ltr'>librorum</span> <span class='ocrx_word' id='word_1_331' title='bbox 1065 3229 1245 3300; x_wconf 88' lang='lat' dir='ltr'>optimorum</span> 
     </span>
     <span class='ocr_line' id='line_1_39' title="bbox 92 3299 1243 3374; baseline 0 -21"><span class='ocrx_word' id='word_1_332' title='bbox 92 3299 244 3353; x_wconf 90' lang='lat' dir='ltr'>correctio.</span> <span class='ocrx_word' id='word_1_333' title='bbox 282 3299 420 3353; x_wconf 81' lang='lat' dir='ltr'>ceterum</span> <span class='ocrx_word' id='word_1_334' title='bbox 443 3313 500 3351; x_wconf 91' lang='lat' dir='ltr'>non</span> <span class='ocrx_word' id='word_1_335' title='bbox 527 3314 624 3352; x_wconf 90' lang='lat' dir='ltr'>omnes</span> <span class='ocrx_word' id='word_1_336' title='bbox 647 3299 734 3369; x_wconf 87' lang='lat' dir='ltr'>plane</span> <span class='ocrx_word' id='word_1_337' title='bbox 757 3299 843 3353; x_wconf 84' lang='lat' dir='ltr'>Godd.</span> <span class='ocrx_word' id='word_1_338' title='bbox 871 3299 903 3350; x_wconf 87' lang='lat' dir='ltr'>in</span> <span class='ocrx_word' id='word_1_339' title='bbox 925 3300 1044 3374; x_wconf 79' lang='lat' dir='ltr'>vulgata</span> <span class='ocrx_word' id='word_1_340' title='bbox 1067 3301 1243 3371; x_wconf 86' lang='lat' dir='ltr'>conspirent.</span> 
     </span>
     <span class='ocr_line' id='line_1_40' title="bbox 92 3367 1244 3445; baseline -0.001 -21"><span class='ocrx_word' id='word_1_341' title='bbox 92 3372 167 3424; x_wconf 89' lang='lat' dir='ltr'>Nam</span> <span class='ocrx_word' id='word_1_342' title='bbox 185 3371 320 3445; x_wconf 80' lang='lat' dir='ltr'>egregius</span> <span class='ocrx_word' id='word_1_343' title='bbox 344 3379 443 3422; x_wconf 89' lang='lat' dir='ltr'>noster</span> <span class='ocrx_word' id='word_1_344' title='bbox 461 3368 534 3422; x_wconf 86' lang='lat' dir='ltr'>Gud.</span> <span class='ocrx_word' id='word_1_345' title='bbox 556 3374 580 3426; x_wconf 92' lang='grc'>1.</span> <span class='ocrx_word' id='word_1_346' title='bbox 607 3369 695 3424; x_wconf 87' lang='lat' dir='ltr'>babet</span> <span class='ocrx_word' id='word_1_347' title='bbox 715 3367 826 3424; x_wconf 87' lang='lat' dir='ltr'>minis</span> <span class='ocrx_word' id='word_1_348' title='bbox 850 3369 1052 3437; x_wconf 86' lang='lat' dir='ltr'>blandimentis,</span> <span class='ocrx_word' id='word_1_349' title='bbox 1080 3371 1170 3425; x_wconf 89' lang='lat' dir='ltr'>Rebd.</span> <span class='ocrx_word' id='word_1_350' title='bbox 1189 3376 1244 3441; x_wconf 88' lang='lat' dir='ltr'>pro</span> 
     </span>
     <span class='ocr_line' id='line_1_41' title="bbox 93 3440 1245 3498; baseline 0.001 -5"><span class='ocrx_word' id='word_1_351' title='bbox 93 3447 141 3498; x_wconf 89' lang='lat' dir='ltr'>ant</span> <span class='ocrx_word' id='word_1_352' title='bbox 160 3442 244 3495; x_wconf 84' lang='lat' dir='ltr'>habet</span> <span class='ocrx_word' id='word_1_353' title='bbox 262 3445 290 3494; x_wconf 80' lang='lat' dir='ltr'>ei.</span> <span class='ocrx_word' id='word_1_354' title='bbox 327 3440 386 3494; x_wconf 89' lang='lat' dir='ltr'>Ubi</span> <span class='ocrx_word' id='word_1_355' title='bbox 402 3440 489 3493; x_wconf 88' lang='lat' dir='ltr'>babes</span> <span class='ocrx_word' id='word_1_356' title='bbox 508 3449 587 3493; x_wconf 88' lang='lat' dir='ltr'>certe</span> <span class='ocrx_word' id='word_1_357' title='bbox 605 3457 691 3494; x_wconf 86' lang='lat' dir='ltr'>verae</span> <span class='ocrx_word' id='word_1_358' title='bbox 709 3441 844 3494; x_wconf 89' lang='lat' dir='ltr'>lectionis</span> <span class='ocrx_word' id='word_1_359' title='bbox 861 3440 938 3494; x_wconf 85' lang='lat' dir='ltr'>haud</span> <span class='ocrx_word' id='word_1_360' title='bbox 964 3442 1172 3495; x_wconf 87' lang='lat' dir='ltr'>contemnenda</span> <span class='ocrx_word' id='word_1_361' title='bbox 1194 3458 1245 3494; x_wconf 86' lang='lat' dir='ltr'>ve·</span> 
     </span>
     <span class='ocr_line' id='line_1_42' title="bbox 93 3511 1245 3586; baseline 0 -21"><span class='ocrx_word' id='word_1_362' title='bbox 93 3513 187 3586; x_wconf 80' lang='lat' dir='ltr'>stigia.</span> <span class='ocrx_word' id='word_1_363' title='bbox 223 3513 286 3566; x_wconf 90' lang='lat' dir='ltr'>Duo</span> <span class='ocrx_word' id='word_1_364' title='bbox 310 3513 380 3566; x_wconf 82' lang='lat' dir='ltr'>Oxx.</span> <span class='ocrx_word' id='word_1_365' title='bbox 403 3511 509 3564; x_wconf 86' lang='lat' dir='ltr'>habent</span> <span class='ocrx_word' id='word_1_366' title='bbox 533 3517 722 3579; x_wconf 81' lang='lat' dir='ltr'>corruptam,</span> <span class='ocrx_word' id='word_1_367' title='bbox 756 3528 823 3564; x_wconf 89' lang='lat' dir='ltr'>cum</span> <span class='ocrx_word' id='word_1_368' title='bbox 846 3512 920 3565; x_wconf 87' lang='lat' dir='ltr'>Mon.</span> <span class='ocrx_word' id='word_1_369' title='bbox 946 3517 980 3583; x_wconf 67' lang='grc' dir='ltr'>15Ι</span> <span class='ocrx_word' id='word_1_370' title='bbox 1003 3530 1075 3565; x_wconf 90' lang='lat' dir='ltr'>unus</span> <span class='ocrx_word' id='word_1_371' title='bbox 1102 3514 1152 3567; x_wconf 86' lang='lat' dir='ltr'>Ox.</span> <span class='ocrx_word' id='word_1_372' title='bbox 1181 3526 1245 3566; x_wconf 84' lang='lat' dir='ltr'>eor·</span> 
     </span>
     <span class='ocr_line' id='line_1_43' title="bbox 93 3583 1104 3639; baseline 0.001 -3"><span class='ocrx_word' id='word_1_373' title='bbox 93 3600 157 3636; x_wconf 82' lang='lat' dir='ltr'>ram</span> <span class='ocrx_word' id='word_1_374' title='bbox 176 3583 197 3636; x_wconf 84' lang='lat' dir='ltr'>i.</span> <span class='ocrx_word' id='word_1_375' title='bbox 233 3585 294 3639; x_wconf 81' lang='lat' dir='ltr'>Me.</span> <span class='ocrx_word' id='word_1_376' title='bbox 1102 3596 1104 3601; x_wconf 81' lang='grc'>’</span> 
     </span>
    </p>

    <p class='ocr_par' dir='ltr' id='par_1_14' title="bbox 27 3600 1266 4503">
     <span class='ocr_line' id='line_1_44' title="bbox 156 3600 1244 3726; baseline 0.001 -21"><span class='ocrx_word' id='word_1_377' title='bbox 156 3600 271 3706; x_wconf 49' lang='lat' dir='ltr'>&#39;iisdem</span> <span class='ocrx_word' id='word_1_378' title='bbox 290 3651 474 3723; x_wconf 70' lang='lat' dir='ltr'>Calliphontis</span> <span class='ocrx_word' id='word_1_379' title='bbox 492 3654 549 3710; x_wconf 84' lang='lat' dir='ltr'>erit</span> <span class='ocrx_word' id='word_1_380' title='bbox 566 3651 742 3722; x_wconf 82' lang='lat' dir='ltr'>Diodorique</span> <span class='ocrx_word' id='word_1_381' title='bbox 765 3650 915 3720; x_wconf 89' lang='lat' dir='ltr'>sententia]</span> <span class='ocrx_word' id='word_1_382' title='bbox 951 3652 1154 3726; x_wconf 75' lang='lat' dir='ltr'>„ilallipbonis</span> <span class='ocrx_word' id='word_1_383' title='bbox 1178 3654 1244 3719; x_wconf 69' lang='lat' dir='ltr'>alii,</span> 
     </span>
     <span class='ocr_line' id='line_1_45' title="bbox 95 3722 1247 3795; baseline 0.003 -19"><span class='ocrx_word' id='word_1_384' title='bbox 95 3724 122 3776; x_wconf 86' lang='lat' dir='ltr'><strong>G</strong></span> <span class='ocrx_word' id='word_1_385' title='bbox 179 3722 210 3775; x_wconf 84' lang='lat' dir='ltr'>h.</span> <span class='ocrx_word' id='word_1_386' title='bbox 229 3725 339 3776; x_wconf 85' lang='lat' dir='ltr'>Victor.</span> <span class='ocrx_word' id='word_1_387' title='bbox 359 3726 511 3793; x_wconf 85' lang='lat' dir='ltr'>Manutius,</span> <span class='ocrx_word' id='word_1_388' title='bbox 530 3726 620 3778; x_wconf 88' lang='lat' dir='ltr'>Aldus</span> <span class='ocrx_word' id='word_1_389' title='bbox 640 3724 855 3794; x_wconf 74' lang='lat' dir='ltr'>Calliphonlie.“</span> <span class='ocrx_word' id='word_1_390' title='bbox 881 3727 965 3778; x_wconf 77' lang='lat' dir='ltr'>Brut.</span> <span class='ocrx_word' id='word_1_391' title='bbox 1001 3727 1054 3778; x_wconf 86' lang='lat' dir='ltr'>Est</span> <span class='ocrx_word' id='word_1_392' title='bbox 1073 3724 1247 3795; x_wconf 70' lang='lat' dir='ltr'>Calliphonte</span> 
     </span>
     <span class='ocr_line' id='line_1_46' title="bbox 27 3793 1266 3864; baseline 0.002 -18"><span class='ocrx_word' id='word_1_393' title='bbox 27 3793 29 3797; x_wconf 77' lang='grc'><strong>’</strong></span> <span class='ocrx_word' id='word_1_394' title='bbox 95 3796 128 3846; x_wconf 88' lang='lat' dir='ltr'>in</span> <span class='ocrx_word' id='word_1_395' title='bbox 180 3793 226 3846; x_wconf 93' lang='lat' dir='ltr'>dd.</span> <span class='ocrx_word' id='word_1_396' title='bbox 244 3793 277 3847; x_wconf 84' lang='lat'>1..</span> <span class='ocrx_word' id='word_1_397' title='bbox 303 3802 332 3846; x_wconf 88' lang='lat' dir='ltr'>et</span> <span class='ocrx_word' id='word_1_398' title='bbox 353 3794 419 3847; x_wconf 86' lang='lat' dir='ltr'>Frc.</span> <span class='ocrx_word' id='word_1_399' title='bbox 443 3796 544 3863; x_wconf 63' lang='lat' dir='ltr'>Febr„</span> <span class='ocrx_word' id='word_1_400' title='bbox 573 3793 733 3864; x_wconf 75' lang='lat' dir='ltr'>eallplonit</span> <span class='ocrx_word' id='word_1_401' title='bbox 759 3797 791 3848; x_wconf 91' lang='lat' dir='ltr'>in</span> <span class='ocrx_word' id='word_1_402' title='bbox 809 3795 877 3850; x_wconf 82' lang='lat' dir='ltr'>cod.</span> <span class='ocrx_word' id='word_1_403' title='bbox 903 3795 986 3862; x_wconf 78' lang='lat' dir='ltr'>Gud,</span> <span class='ocrx_word' id='word_1_404' title='bbox 1006 3795 1195 3864; x_wconf 71' lang='lat' dir='ltr'>calliphontis</span> <span class='ocrx_word' id='word_1_405' title='bbox 1212 3795 1266 3849; x_wconf 87' lang='lat' dir='ltr'>in.</span> 
     </span>
     <span class='ocr_line' id='line_1_47' title="bbox 98 3862 1245 3936; baseline -0.002 -18"><span class='ocrx_word' id='word_1_406' title='bbox 98 3863 514 3931; x_wconf 77' lang='lat' dir='ltr'>Cod.·1tehe.‚catltplonlin</span> <span class='ocrx_word' id='word_1_407' title='bbox 531 3868 615 3921; x_wconf 79' lang='lat' dir='ltr'>Vind.</span> <span class='ocrx_word' id='word_1_408' title='bbox 634 3870 661 3923; x_wconf 78' lang='lat'>2.</span> <span class='ocrx_word' id='word_1_409' title='bbox 681 3866 849 3934; x_wconf 74' lang='lat' dir='ltr'>Gallifontis</span> <span class='ocrx_word' id='word_1_410' title='bbox 873 3869 904 3919; x_wconf 89' lang='lat' dir='ltr'>in</span> <span class='ocrx_word' id='word_1_411' title='bbox 922 3870 996 3919; x_wconf 85' lang='lat' dir='ltr'>Mon.</span> <span class='ocrx_word' id='word_1_412' title='bbox 1017 3868 1049 3932; x_wconf 73' lang='lat'>1,</span> <span class='ocrx_word' id='word_1_413' title='bbox 1070 3862 1245 3936; x_wconf 78' lang='lat' dir='ltr'>Galiplsonlis</span> 
     </span>
     <span class='ocr_line' id='line_1_48' title="bbox 98 3934 1243 4004; baseline -0.001 -16"><span class='ocrx_word' id='word_1_414' title='bbox 98 3936 131 3987; x_wconf 89' lang='lat' dir='ltr'>in</span> <span class='ocrx_word' id='word_1_415' title='bbox 157 3935 244 3988; x_wconf 86' lang='lat' dir='ltr'>blarb.</span> <span class='ocrx_word' id='word_1_416' title='bbox 281 3934 400 3988; x_wconf 88' lang='lat' dir='ltr'>Volebat</span> <span class='ocrx_word' id='word_1_417' title='bbox 422 3937 598 3991; x_wconf 83' lang='lat' dir='ltr'>Goerenzius</span> <span class='ocrx_word' id='word_1_418' title='bbox 624 3939 659 3990; x_wconf 88' lang='lat' dir='ltr'>ad</span> <span class='ocrx_word' id='word_1_419' title='bbox 682 3939 742 3991; x_wconf 86' lang='lat' dir='ltr'>Cic.</span> <span class='ocrx_word' id='word_1_420' title='bbox 768 3939 803 3991; x_wconf 89' lang='lat' dir='ltr'>de</span> <span class='ocrx_word' id='word_1_421' title='bbox 827 3938 913 3990; x_wconf 82' lang='lat' dir='ltr'>Finn.</span> <span class='ocrx_word' id='word_1_422' title='bbox 938 3937 976 3992; x_wconf 91' lang='lat' dir='ltr'>ll.</span> <span class='ocrx_word' id='word_1_423' title='bbox 1001 3939 1105 3992; x_wconf 81' lang='lat'>11.³5.</span> <span class='ocrx_word' id='word_1_424' title='bbox 1132 3953 1160 4004; x_wconf 79' lang='lat' dir='ltr'>p.</span> <span class='ocrx_word' id='word_1_425' title='bbox 1183 3937 1243 3992; x_wconf 82' lang='grc'><strong>175.</strong></span> 
     </span>
     <span class='ocr_line' id='line_1_49' title="bbox 98 4002 1244 4077; baseline -0.003 -17"><span class='ocrx_word' id='word_1_426' title='bbox 98 4002 282 4075; x_wconf 72' lang='lat' dir='ltr'>Calliphonti,</span> <span class='ocrx_word' id='word_1_427' title='bbox 302 4022 337 4059; x_wconf 85' lang='lat' dir='ltr'>ex</span> <span class='ocrx_word' id='word_1_428' title='bbox 355 4007 540 4077; x_wconf 88' lang='lat' dir='ltr'>scriptorum,</span> <span class='ocrx_word' id='word_1_429' title='bbox 560 4017 593 4061; x_wconf 92' lang='lat' dir='ltr'>ut</span> <span class='ocrx_word' id='word_1_430' title='bbox 610 4007 662 4074; x_wconf 91' lang='lat' dir='ltr'>ait,</span> <span class='ocrx_word' id='word_1_431' title='bbox 678 4007 754 4062; x_wconf 86' lang='lat' dir='ltr'>vesti</span> <span class='ocrx_word' id='word_1_432' title='bbox 776 4009 820 4069; x_wconf 88' lang='lat' dir='ltr'>iis,</span> <span class='ocrx_word' id='word_1_433' title='bbox 838 4017 873 4060; x_wconf 89' lang='lat' dir='ltr'>ut</span> <span class='ocrx_word' id='word_1_434' title='bbox 890 4008 929 4060; x_wconf 88' lang='lat' dir='ltr'>sit</span> <span class='ocrx_word' id='word_1_435' title='bbox 943 4007 1095 4060; x_wconf 85' lang='lat' dir='ltr'>Genitivus</span> <span class='ocrx_word' id='word_1_436' title='bbox 1108 4006 1244 4060; x_wconf 77' lang='lat' dir='ltr'>Ciceroni</span> 
     </span>
     <span class='ocr_line' id='line_1_50' title="bbox 99 4075 1244 4133; baseline -0.001 -5"><span class='ocrx_word' id='word_1_437' title='bbox 99 4077 131 4128; x_wconf 90' lang='lat' dir='ltr'>in</span> <span class='ocrx_word' id='word_1_438' title='bbox 149 4076 267 4131; x_wconf 87' lang='lat' dir='ltr'>Graecis</span> <span class='ocrx_word' id='word_1_439' title='bbox 285 4077 449 4130; x_wconf 90' lang='lat' dir='ltr'>nominibus</span> <span class='ocrx_word' id='word_1_440' title='bbox 466 4079 599 4132; x_wconf 87' lang='lat' dir='ltr'>solennis.</span> <span class='ocrx_word' id='word_1_441' title='bbox 636 4078 692 4133; x_wconf 88' lang='lat' dir='ltr'>Sed</span> <span class='ocrx_word' id='word_1_442' title='bbox 714 4080 772 4131; x_wconf 88' lang='lat' dir='ltr'>vi.</span> <span class='ocrx_word' id='word_1_443' title='bbox 799 4075 834 4130; x_wconf 88' lang='lat' dir='ltr'>de</span> <span class='ocrx_word' id='word_1_444' title='bbox 857 4078 914 4132; x_wconf 87' lang='lat' dir='ltr'>hoc</span> <span class='ocrx_word' id='word_1_445' title='bbox 939 4078 1055 4130; x_wconf 88' lang='lat' dir='ltr'>nomine</span> <span class='ocrx_word' id='word_1_446' title='bbox 1069 4075 1244 4131; x_wconf 50' lang='lat' dir='ltr'>*Schneideri</span> 
     </span>
     <span class='ocr_line' id='line_1_51' title="bbox 101 4147 1246 4220; baseline -0.001 -20"><span class='ocrx_word' id='word_1_447' title='bbox 101 4148 151 4200; x_wconf 86' lang='lat' dir='ltr'>Gr.</span> <span class='ocrx_word' id='word_1_448' title='bbox 169 4150 232 4201; x_wconf 80' lang='lat' dir='ltr'>Lat.</span> <span class='ocrx_word' id='word_1_449' title='bbox 252 4149 285 4201; x_wconf 86' lang='grc' dir='ltr'>Τ.</span> <span class='ocrx_word' id='word_1_450' title='bbox 305 4148 344 4204; x_wconf 91' lang='lat' dir='ltr'>ll.</span> <span class='ocrx_word' id='word_1_451' title='bbox 365 4148 546 4202; x_wconf 78' lang='lat' dir='ltr'>Formenl.</span> <span class='ocrx_word' id='word_1_452' title='bbox 566 4151 589 4203; x_wconf 91' lang='lat'>1.</span> <span class='ocrx_word' id='word_1_453' title='bbox 608 4167 637 4218; x_wconf 83' lang='lat' dir='ltr'>p.</span> <span class='ocrx_word' id='word_1_454' title='bbox 657 4152 716 4205; x_wconf 78' lang='lat'>146.</span> <span class='ocrx_word' id='word_1_455' title='bbox 737 4148 805 4202; x_wconf 84' lang='lat' dir='ltr'>coll.</span> <span class='ocrx_word' id='word_1_456' title='bbox 823 4164 852 4220; x_wconf 93' lang='lat' dir='ltr'>p.</span> <span class='ocrx_word' id='word_1_457' title='bbox 873 4152 925 4210; x_wconf 74' lang='grc'>163</span> <span class='ocrx_word' id='word_1_458' title='bbox 937 4177 971 4187; x_wconf 92' lang='grc'><strong>-</strong></span> <span class='ocrx_word' id='word_1_459' title='bbox 985 4151 1035 4203; x_wconf 85' lang='lat'>167</span> <span class='ocrx_word' id='word_1_460' title='bbox 1059 4147 1120 4212; x_wconf 87' lang='lat' dir='ltr'>(ubi</span> <span class='ocrx_word' id='word_1_461' title='bbox 1138 4148 1246 4218; x_wconf 86' lang='lat' dir='ltr'>impro-</span> 
     </span>
     <span class='ocr_line' id='line_1_52' title="bbox 99 4218 1246 4290; baseline 0.002 -20"><span class='ocrx_word' id='word_1_462' title='bbox 99 4218 182 4270; x_wconf 89' lang='lat' dir='ltr'>batur</span> <span class='ocrx_word' id='word_1_463' title='bbox 205 4221 258 4271; x_wconf 88' lang='lat' dir='ltr'>illa</span> <span class='ocrx_word' id='word_1_464' title='bbox 281 4219 413 4274; x_wconf 88' lang='lat' dir='ltr'>Genitivi</span> <span class='ocrx_word' id='word_1_465' title='bbox 430 4221 532 4284; x_wconf 87' lang='lat' dir='ltr'>ferma)</span> <span class='ocrx_word' id='word_1_466' title='bbox 559 4229 588 4273; x_wconf 91' lang='lat' dir='ltr'>et</span> <span class='ocrx_word' id='word_1_467' title='bbox 612 4237 640 4290; x_wconf 85' lang='lat' dir='ltr'>p.</span> <span class='ocrx_word' id='word_1_468' title='bbox 661 4223 722 4277; x_wconf 81' lang='lat'>279.</span> <span class='ocrx_word' id='word_1_469' title='bbox 758 4221 861 4289; x_wconf 90' lang='lat' dir='ltr'>Neque</span> <span class='ocrx_word' id='word_1_470' title='bbox 885 4237 948 4273; x_wconf 87' lang='lat' dir='ltr'>eam</span> <span class='ocrx_word' id='word_1_471' title='bbox 972 4219 1160 4290; x_wconf 89' lang='lat' dir='ltr'>scriptionem</span> <span class='ocrx_word' id='word_1_472' title='bbox 1171 4234 1246 4289; x_wconf 69' lang='lat' dir='ltr'>&#39;pro-</span> 
     </span>
     <span class='ocr_line' id='line_1_53' title="bbox 97 4289 1245 4368; baseline 0.004 -28"><span class='ocrx_word' id='word_1_473' title='bbox 97 4289 176 4341; x_wconf 82' lang='lat' dir='ltr'>bavit</span> <span class='ocrx_word' id='word_1_474' title='bbox 194 4290 288 4343; x_wconf 80' lang='lat' dir='ltr'>Kiihn.</span> <span class='ocrx_word' id='word_1_475' title='bbox 325 4290 469 4345; x_wconf 88' lang='lat' dir='ltr'>Scribitur</span> <span class='ocrx_word' id='word_1_476' title='bbox 486 4290 675 4361; x_wconf 84' lang='lat' dir='ltr'>Diodorisqae</span> <span class='ocrx_word' id='word_1_477' title='bbox 693 4291 724 4342; x_wconf 87' lang='lat' dir='ltr'>in</span> <span class='ocrx_word' id='word_1_478' title='bbox 741 4290 826 4344; x_wconf 85' lang='lat' dir='ltr'>Godd.</span> <span class='ocrx_word' id='word_1_479' title='bbox 845 4292 915 4368; x_wconf 79' lang='lat' dir='ltr'>Reg.</span> <span class='ocrx_word' id='word_1_480' title='bbox 936 4291 1008 4346; x_wconf 87' lang='lat' dir='ltr'>Gud.</span> <span class='ocrx_word' id='word_1_481' title='bbox 1030 4295 1053 4347; x_wconf 87' lang='grc'>1.</span> <span class='ocrx_word' id='word_1_482' title='bbox 1073 4295 1105 4359; x_wconf 70' lang='lat'>25</span> <span class='ocrx_word' id='word_1_483' title='bbox 1133 4290 1245 4360; x_wconf 79' lang='lat' dir='ltr'>Dyode·</span> 
     </span>
     <span class='ocr_line' id='line_1_54' title="bbox 98 4359 1244 4429; baseline 0.003 -18"><span class='ocrx_word' id='word_1_484' title='bbox 98 4359 194 4429; x_wconf 81' lang='lat' dir='ltr'>risque</span> <span class='ocrx_word' id='word_1_485' title='bbox 213 4361 245 4412; x_wconf 91' lang='lat' dir='ltr'>in</span> <span class='ocrx_word' id='word_1_486' title='bbox 262 4363 349 4418; x_wconf 83' lang='lat' dir='ltr'>Blarb.</span> <span class='ocrx_word' id='word_1_487' title='bbox 368 4364 422 4415; x_wconf 87' lang='lat' dir='ltr'>Pro</span> <span class='ocrx_word' id='word_1_488' title='bbox 440 4365 500 4418; x_wconf 79' lang='lat' dir='ltr'>sint</span> <span class='ocrx_word' id='word_1_489' title='bbox 518 4371 561 4416; x_wconf 89' lang='lat' dir='ltr'>est</span> <span class='ocrx_word' id='word_1_490' title='bbox 578 4368 643 4416; x_wconf 85' lang='lat' dir='ltr'>sant</span> <span class='ocrx_word' id='word_1_491' title='bbox 662 4362 692 4413; x_wconf 89' lang='lat' dir='ltr'>in</span> <span class='ocrx_word' id='word_1_492' title='bbox 703 4361 770 4416; x_wconf 85' lang='lat' dir='ltr'>God.</span> <span class='ocrx_word' id='word_1_493' title='bbox 789 4361 878 4415; x_wconf 85' lang='lat' dir='ltr'>Rebd.</span> <span class='ocrx_word' id='word_1_494' title='bbox 899 4371 928 4417; x_wconf 88' lang='lat' dir='ltr'>et</span> <span class='ocrx_word' id='word_1_495' title='bbox 945 4362 1051 4418; x_wconf 87' lang='lat' dir='ltr'>duobus</span> <span class='ocrx_word' id='word_1_496' title='bbox 1065 4365 1132 4418; x_wconf 82' lang='lat' dir='ltr'>Oxx.</span> <span class='ocrx_word' id='word_1_497' title='bbox 1152 4361 1244 4417; x_wconf 87' lang='lat' dir='ltr'>Iidem</span> 
     </span>
     <span class='ocr_line' id='line_1_55' title="bbox 98 4433 906 4503; baseline 0.007 -21"><span class='ocrx_word' id='word_1_498' title='bbox 98 4448 164 4483; x_wconf 88' lang='lat' dir='ltr'>cum</span> <span class='ocrx_word' id='word_1_499' title='bbox 183 4435 256 4484; x_wconf 84' lang='lat' dir='ltr'>ltlon.</span> <span class='ocrx_word' id='word_1_500' title='bbox 278 4437 302 4488; x_wconf 91' lang='lat' dir='ltr'>l.</span> <span class='ocrx_word' id='word_1_501' title='bbox 321 4433 426 4488; x_wconf 88' lang='lat' dir='ltr'>babent</span> <span class='ocrx_word' id='word_1_502' title='bbox 444 4435 527 4503; x_wconf 75' lang='lat' dir='ltr'>longe</span> <span class='ocrx_word' id='word_1_503' title='bbox 545 4439 632 4500; x_wconf 83' lang='lat' dir='ltr'>retro,</span> <span class='ocrx_word' id='word_1_504' title='bbox 651 4433 754 4487; x_wconf 89' lang='lat' dir='ltr'>omisso</span> <span class='ocrx_word' id='word_1_505' title='bbox 773 4439 808 4487; x_wconf 89' lang='lat' dir='ltr'>et.</span> <span class='ocrx_word' id='word_1_506' title='bbox 848 4435 906 4489; x_wconf 86' lang='lat' dir='ltr'>Mr.</span> 
     </span>
    </p>
   </div>
   <div class='ocr_carea' id='block_1_4' title="bbox 0 0 1432 5084">
    <p class='ocr_par' dir='ltr' id='par_1_15' title="bbox 0 0 1432 5084">
     <span class='ocr_line' id='line_1_56' title="bbox 0 0 1432 5084; baseline 0 0"><span class='ocrx_word' id='word_1_507' title='bbox 0 0 1432 5084; x_wconf 95' lang='lat' dir='ltr'> </span> 
     </span>
    </p>
   </div>
  </div>
 </body>
</html>
