2856 5084
521 257 651 321 LIBER
671 258 716 337 V,
739 262 789 323 ll.
835 294 846 305 ae
881 311 884 317 .
1189 264 1231 328 tl

73 422 148 499 hoc,
170 421 264 486 beate
278 423 405 495 vivere,
427 423 464 483 in
477 442 543 486 nna
565 425 694 486 virtute
716 432 867 506 poneret.
905 423 1015 489 Quare
1036 421 1227 489 demushoc
1245 430 1291 485 tt.

72 523 149 566 saue
170 504 288 582 Bruto,
310 515 350 568 ut
382 508 428 567 sit
449 506 567 569 beatus
596 525 728 586 semper
757 507 906 589 sapiens:
940 525 1035 588 quem
1062 508 1127 570 sibi
1147 527 1229 571 con-

71 588 196 664 veniat,
229 589 301 667 ipse
332 586 468 653 viderit.
514 587 628 651 Gloria
655 584 787 669 quidem
814 588 913 650 huius
941 591 1124 652 sententiae
1176 591 1228 653 uis

72 677 123 813 pst
153 669 212 732 illo
245 671 323 732 viro
355 669 509 758 digniori
542 689 602 737 nos
636 678 747 732 temen
775 677 959 750 teneamus,
996 678 1036 731 ut
1065 673 1109 733 sit
1140 611 1228 735 idem

97 754 292 816 satissimus.
353 804 355 809 .
504 752 513 765 ”
1264 766 1270 772 “

72 904 130 956 leio
149 904 227 957 dedit
244 903 281 958 ns'
298 902 341 957 s'to
361 935 393 946 -
412 909 528 957 utrum
546 901 597 957 bec
615 935 648 947 -
665 911 851 973 ponereturs
870 921 906 956 ex
923 904 1041 978 vulgata
1059 903 1230 958 sententiam

72 975 189 1044 prodire
208 976 305 1029 dicens
323 974 470 1028 Ciceronis
489 976 647 1028 sententiae
666 975 850 1028 contrariam.
877 975 948 1027 Ern.
968 975 1230 1048 interrogationem

74 1063 132 1098 esse
150 1047 313 1117 simplicem
332 1047 389 1099 aits
424 1063 512 1113 quare
536 1046 622 1099 malle
645 1065 674 1100 se
697 1047 796 1120 legere
822 1060 897 1098 num
920 1043 970 1099 hoc
993 1051 1087 1098 totum.
1117 1047 1229 1101 Nissen.

73 1117 264 1183 ‚‚Quid?·ait,
288 1118 396 1171 Utrum
417 1115 474 1168 hoc
501 1118 660 1186 quaeritur,
693 1136 764 1169 num
786 1120 865 1170 Zeno
891 1116 974 1169 beate
998 1116 1099 1170 vivere
1123 1117 1156 1168 in
1173 1134 1231 1170 una

72 1187 183 1241 virtute
209 1187 350 1258 posuerit,
381 1204 417 1239 an
443 1189 606 1256 postulatur
630 1189 736 1258 potius,
760 1197 802 1254 ut,
832 1187 857 1238 si
878 1188 985 1241 bonum
1010 1187 1103 1241 solum
1122 1188 1230 1240 dixerit

74 1276 145 1324 esse,
165 1259 242 1328 quod
259 1257 412 1310 honestum
430 1267 509 1324 esset,
528 1267 591 1311 tum
609 1257 666 1313 hoe
683 1268 786 1324 totum,
804 1258 886 1310 beate
903 1255 1015 1324 vivsrd,
1039 1258 1071 1308 in
1095 1275 1152 1310 uua
1169 1259 1231 1311 vir·

74 1337 138 1381 tute
155 1332 262 1400 ponat?
298 1329 365 1381 Ideo
383 1333 413 1381 ut
430 1345 479 1382 suo
497 1328 562 1383 loco
581 1328 804 1398 relinquendum
823 1338 875 1393 est,
902 1337 931 1381 et
949 1329 983 1381 ad
1001 1329 1137 1381 omissum
1162 1328 1230 1393 (rte·
1300 1326 1303 1332 ’

74 1414 148 1452 cesse
174 1416 233 1452 esse
262 1400 310 1452 vel
335 1400 517 1468 postularem)
544 1403 738 1454 referendum.
776 1399 889 1453 Similis
917 1408 959 1452 est
987 1400 1062 1453 ratio
1096 1400 1229 1453 locorum

73 1471 96 1522 1.
116 1473 160 1525 30.
181 1474 223 1526 73.
243 1472 275 1525 V.
297 1472 338 1525 18.
359 1473 402 1525 52.
422 1471 456 1524 de
478 1472 565 1523 Finn.
585 1471 622 1524 11.
643 1475 668 1528 9.
688 1470 755 1526 26.“
791 1471 852 1525 Me.
886 1494 890 1503 ·

143 1541 194 1593 sed
211 1540 240 1593 sr'
256 1542 298 1594 ita
316 1547 386 1595 esset
405 1540 472 1607 etc]
492 1541 670 1597 Fawoluus
690 1542 769 1595 dedit
785 1541 841 1606 sed,
870 1541 901 1594 ni
922 1542 963 1595 s'tu
987 1548 1068 1608 esset,
1090 1558 1154 1594 num
1178 1538 1229 1595 Itos

72 1615 158 1663 totum
177 1638 209 1648 -
225 1619 375 1678 ponerent.-
403 1630 522 1681 eamque
556 1613 747 1683 scriptionem
769 1611 881 1681 recepit
907 1612 1024 1665 Schiitz.
1066 1613 1130 1686 Ego
1157 1629 1229 1665 vero

71 1689 131 1733 tam
149 1681 199 1734 diu
218 1683 395 1752 optimorum
413 1684 555 1736 librorum
575 1685 763 1754 scriptionem
774 1682 941 1735 servandam
959 1699 1070 1748 censeo,
1090 1683 1229 1752 quamdiu

70 1753 244 1805 sententiam
267 1753 383 1808 exhibet
410 1755 597 1819 cosnmedam,
636 1773 722 1824 quam
750 1754 869 1822 quidem
897 1753 1021 1806 Orellius
1048 1762 1126 1806 recte
1153 1752 1228 1805 mihi

70 1823 187 1876 videtur
204 1825 344 1893 reperisse
363 1824 452 1877 hanc:
472 1825 549 1889 „Sed
565 1825 769 1896 postulandum
786 1833 856 1895 puto
881 1823 971 1893 (quod
988 1824 1128 1876 facillime
1148 1823 1229 1878 elici·

70 1901 121 1945 tur
140 1912 155 1947 e
174 1913 203 1947 v.
223 1897 410 1963 quaerendum
424 1895 501 1965 puto)
518 1905 552 1947 ut
570 1905 633 1947 tum
647 1897 773 1960 demum,
792 1896 816 1947 si
826 1894 1035 1964 Peripateticus
1054 1895 1113 1947 sive
1123 1894 1228 1947 Brutus
1295 1961 1297 1964 p

71 1964 132 2034 ipse
152 1981 266 2034 quoque
280 1975 447 2039 agnosceret
460 1970 526 2018 cum
538 1966 652 2032 Stoicis,
672 1968 778 2020 bonum
789 1982 847 2018 esse
860 1965 962 2029 selum,
981 1965 1058 2033 quod
1074 1965 1228 2018 honestum

70 2044 151 2100 esset,
176 2037 201 2087 is
229 2036 456 2106 (Peripateticus,
486 2055 544 2091 non
569 2037 692 2103 Stoicus,
718 2038 764 2088 uti
787 2036 859 2090 falso
883 2035 1021 2106 plerique
1042 2045 1226 2106 acceperunt,

70 2107 157 2160 etiam
174 2107 301 2172 Nissen.)
324 2116 418 2160 totum
435 2109 490 2161 hoc
507 2107 589 2161 beate
607 2109 707 2162 vivere
735 2109 766 2159 in
784 2125 841 2159 una
858 2107 969 2159 virtute
984 2115 1122 2190 poneret:
1149 2124 1227 2160 nunc

68 2194 148 2242 vero,
176 2178 226 2230 ubi
242 2177 298 2231 hoc
317 2179 435 2248 quidem
452 2180 546 2250 ponit,
570 2180 618 2233 sed
636 2179 724 2231 simul
742 2177 799 2230 elia
815 2177 890 2231 bona
906 2185 1016 2243 statuit,
1049 2179 1111 2248 ipse
1129 2194 1227 2229 secum

67 2257 185 2322 pugnat.
224 2252 278 2301 Pro
303 2257 420 2319 poneret
445 2250 532 2302 facile
558 2250 681 2324 legerim
705 2255 865 2317 poneretur,
900 2257 934 2299 ut
957 2248 1094 2300 videntur
1120 2247 1226 2300 habere

68 2320 139 2370 Oxx.
159 2320 279 2388 aliquot.
299 2321 408 2376 Wolfii
426 2321 607 2372 coniecturae
625 2321 731 2388 primo·
741 2318 857 2386 quidem
877 2317 1012 2387 adspectu
1028 2317 1226 2385 blandiuntur,

68 2390 118 2441 sed
140 2391 313 2441 sententiam
338 2391 471 2442 efficiunt
494 2408 509 2441 a
531 2390 668 2442 Tulliana
691 2389 776 2458 plane
799 2388 950 2452 diversam
980 2388 1132 2458 minusque
1155 2389 1226 2441 huic

68 2459 133 2512 loco
152 2459 404 2512 convenientem.“
422 2459 585 2525 Kiihnerus,
604 2469 638 2512 ut
656 2476 714 2513 sem
737 2476 777 2522 er,
802 2459 910 2515 Wolfii
929 2458 1085 2512 lectionem
1098 2461 1225 2530 ›recepit,

67 2531 181 2582 mavult
199 2537 371 2583 tamentum
389 2536 476 2583 totum
495 2530 545 2583 boc
562 2548 629 2585 eum
649 2477 735 2586 Geni
754 2531 839 2583 Bern.
859 2528 948 2583 Rehd.
968 2529 1042 2582 Gud.
1071 2530 1121 2600 qui
1141 2531 1226 2585 omit·

66 2608 134 2653 tunt
153 2606 190 2653 ut.
228 2601 310 2653 Libri
338 2617 395 2653 non
414 2601 549 2662 'multum
574 2603 696 2655 variant.
730 2601 798 2654 eod.
817 2600 891 2676 Aug.
911 2599 1121 2724 bis-scriptum
1138 2601 1225 2655 habet

66 2677 146 2736 esset,
174 2672 248 2726 Gud.
270 2675 294 2726 1.
323 2689 391 2724 cum
408 2673 492 2724 Vind.
513 2675 538 2727 2.
568 2674 680 2726 omittit
711 2678 792 2735 esset,
824 2672 897 2725 Gud.
917 2673 943 2727 2.
972 2671 1055 2728 Vin.
1076 2677 1101 2728 1.
1131 2672 1222 2727 Rehd.

67 2743 139 2795 Gud.
159 2744 243 2796 Bern.
268 2745 343 2794 Mon.
364 2746 388 2796 1.
416 2744 613 2810 omittunt-ut,
640 2752 678 2808 et,
703 2751 737 2795 ut
755 2743 882 2809 videtur,
906 2743 1017 2812 aliquot
1033 2743 1106 2795 Oxx.
1143 2746 1224 2798 Unus

64 2813 152 2865 habet
171 2830 232 2867 eum
250 2829 302 2882 pro
322 2819 389 2880 turn,
408 2813 497 2883 (quod
516 2815 627 2867 ornittit
643 2814 711 2867 Ood.
729 2813 807 2877 Vat.)
825 2813 936 2883 aliquot
950 2820 1118 2881 portentum
1136 2813 1224 2869 Marb.

66 2885 93 2938 se'
112 2882 155 2936 itu
174 2889 263 2936 estet
281 2889 339 2936 tum
356 2891 442 2937 totum
460 2883 512 2938 boc
530 2917 562 2928 -
579 2891 723 2953 ponerent.
747 2885 833 2936 Vind.
853 2887 880 2940 2.
905 2886 936 2938 s‘n
953 2885 1034 2937 vita
1051 2885 1157 2937 uirtute
1173 2900 1224 2953 po-

65 2953 163 3007 suerit.
200 2953 346 3008 Scribitur
371 2954 423 3009 lroc
446 2961 531 3009 totum
556 2973 611 3026 pro
634 2960 721 3008 totum
747 2953 797 3007 boc
819 2955 853 3007 in
878 2954 944 3008 Ood.
970 2954 1067 3012 Duisb.
1097 2964 1126 3008 et
1148 2954 1220 3007 Edd.

64 3025 128 3078 fere
147 3025 286 3090 omnibus,
308 3027 437 3097 exceptis
454 3029 483 3078 P.
503 3027 572 3078 Dav.
593 3035 622 3080 et
641 3028 687 3081 Or.
727 3025 760 3077 In
785 3025 839 3078 Ed.
859 3025 950 3078 Nobb.
972 3033 1014 3077 est
1038 3033 1072 3076 ut
1095 3025 1223 3079 correxit

63 3094 218 3162 Bentleius,
237 3097 268 3148 in
286 3097 396 3149 Teubn.
415 3096 453 3150 ns'
470 3097 514 3149 s'tn
533 3104 613 3160 esset,
632 3105 691 3150 tum
708 3102 739 3148 ut
758 3093 810 3149 bec
828 3102 914 3148 totum
930 3127 963 3138 -
975 3101 1102 3163 poneret.
1136 3096 1222 3151 Abest

65 3166 153 3218 etiam
173 3175 204 3219 ut
221 3168 254 3219 ab
272 3167 325 3219 Ed.
345 3169 375 3220 P.
394 3167 572 3220 Deleverunt
589 3167 645 3221 hoc
665 3167 727 3219 sine
745 3166 830 3220 dubio
849 3174 1035 3220 correctores.
1071 3167 1130 3220 Mr.

135 3238 229 3290 demus
246 3235 297 3291 boc
316 3264 346 3275 -
366 3240 465 3305 Bruto,
496 3244 525 3291 nt
552 3241 641 3292 sit-
667 3235 780 3305 sapiens
800 3265 834 3274 -
853 3265 886 3276 -
910 3244 1049 3292 teneamus
1072 3243 1102 3290 ut
1128 3237 1168 3291 sit
1187 3264 1220 3276 ·-

63 3305 263 3375 beatissimus]
300 3307 356 3368 Ad¹
372 3310 550 3361 structuram
573 3311 721 3363 demus-
740 3315 770 3361 ut
789 3307 828 3361 sit
849 3335 882 3345 --
901 3314 1104 3374 -teneamus,
1131 3315 1161 3361 ut
1180 3309 1221 3362 eit

63 3381 140 3431 conf.
160 3382 255 3450 Puppe
274 3379 305 3431 in
323 3380 357 3431 A.
378 3379 406 3437 S.
427 3382 459 3432 Z.
481 3383 559 3436 1831.
589 3381 628 3432 ll.
649 3381 710 3435 134.
735 3396 763 3449 p·
784 3381 861 3436 leet.
891 3378 957 3432 Otto
978 3379 1011 3430 in
1029 3379 1150 3432 Excurs.
1171 3379 1220 3431 lx.

62 3449 97 3501 ad
116 3449 174 3503 cic.
204 3451 237 3503 de
255 3451 339 3503 Finn.
363 3469 391 3521 p.
413 3453 582 3507 tos-415.
609 3450 661 3506 Ed.
681 3451 753 3504 Vsu.
772 3448 831 3502 Alt.
857 3448 911 3515 (P.)
940 3457 969 3501 et
987 3466 1060 3501 unus
1080 3448 1148 3505 (iod.
1168 3451 1220 3503 Ox.

62 3520 190 3574 debemus
213 3538 267 3592 pro
293 3521 397 3576 demus.
436 3522 533 3577 Verba
554 3522 652 3574 beatus
674 3536 783 3587 semper
806 3520 908 3573 desunt
931 3519 962 3570 in
982 3520 1056 3573 Gud.
1076 3523 1103 3576 2.
1140 3522 1221 3575 Unus

61 3591 113 3644 Ox.
133 3590 219 3643 habet
238 3595 366 3661 quonium
382 3609 436 3663 pro
456 3593 683 3660 quantusue.
704 3595 756 3660 qut,
776 3607 833 3661 quo
853 3591 1021 3673 compendio
1040 3589 1222 3666 significatur

60 3662 93 3713 in
113 3678 146 3714 eo
165 3661 233 3713 Cod.
254 3663 397 3728 quonium:
418 3664 491 3716 alius
503 3663 560 3717 Ox.
587 3661 740 3731 quesibi
764 3663 792 3717 si
809 3661 965 3717 conventui.
985 3661 1059 3736 Aug.
1080 3671 1219 3731 quantam.

60 3732 136 3786 Gud.
159 3737 183 3787 l·
209 3731 271 3801 ipsa
299 3750 353 3803 pro
377 3735 437 3804 s'pse
462 3752 528 3787 cum
548 3734 615 3788 Ocd.
634 3734 703 3818 Reg.
740 3733 825 3787 Vides
842 3732 894 3786 hes
918 3732 1006 3786 libros
1025 3733 1056 3784 in
1075 3734 1221 3788 erroribus

60 3819 177 3874 quoquc
192 3804 375 3872 conspirare.
412 3805 492 3858 Unus
517 3806 566 3859 Ox.
596 3805 708 3858 emittit
732 3810 786 3858 est.
813 3805 897 3858 vind.
920 3809 943 3860 I.
969 3804 1220 3869 habetur‘rot'1105

59 3875 115 3928 duo
135 3875 204 3927 Oxx.
225 3889 279 3926 non
301 3892 355 3945 pro
379 3891 437 3928 nos.
474 3876 535 3929 Mr.

132 3943 329 4002 Beatissimus.
366 3945 422 3997 XII
440 3946 506 4000 Etsi
523 3947 601 4000 Zeno
619 3980 652 3990 --
671 3946 795 4008 videtum
813 3944 896 3999 buius
913 3943 1075 4010 sententiae]
1112 3945 1219 4018 Vulgo,

58 4015 243 4069 beatissimus:
273 4015 327 4069 etsi
349 4014 428 4069 Zeno
448 4045 481 4054 -
499 4018 619 4071 uidetur.
650 4018 721 4073 xu.
759 4016 851 4069 Huius
876 4014 1037 4068 sententiae.
1075 4015 1134 4080 Qua
1156 4017 1220 4086 qui-

59 4087 127 4141 dem
144 4106 233 4159 prava
251 4082 437 4141 distinctione
456 4106 569 4141 sensum
594 4088 718 4157 pessime
736 4087 899 4150 turbarunt.
936 4087 995 4139 Nos
1015 4083 1108 4159 igitur
1126 4087 1218 4139 inter·
1317 4089 1318 4093 ’

59 4161 248 4231 punctionem
264 4176 297 4213 re
317 4160 377 4232 ipsa
389 4160 470 4212 ducti
488 4159 671 4225 mutavimus,
692 4166 833 4228 caputque
850 4172 900 4209 suo
919 4156 983 4209 loco
1002 4173 1097 4208 sumus
1113 4157 1217 4224 exorsi,

60 4230 139 4300 quod
163 4232 336 4285 alienissimo
355 4233 486 4285 fecerant
508 4230 568 4282 alii.
605 4229 642 4282 D.

131 4304 328 4358 Beatissimus.
348 4303 417 4359 XII.
439 4303 503 4356 Etsi
514 4299 602 4366 Zeno]
621 4301 688 4353 Non
706 4299 832 4353 obsecuti
851 4306 917 4353 suut
935 4298 1049 4360 Davisio
1067 4301 1216 4368 Ernestus,

59 4373 150 4428 Nobb.
170 4372 241 4432 Tbn.
279 4376 413 4429 Probavit
436 4377 546 4434 factum
568 4371 748 4427 Bouhierius.
785 4372 846 4426 Mr.
