2856 5084
310 361 314 368 .
424 342 449 369 -.
497 301 793 383 nrssu11V,4o.-
979 340 1014 361 ··
1154 305 1216 375 nst

63 492 166 554 quum
184 471 368 558 iugulatur,
391 472 479 558 suisq
500 489 570 549 nec,
592 491 694 554 quum
711 469 882 554 quiescere
896 470 1024 547 volunt,
1046 473 1217 537 fremitum
1299 484 1302 492 '

62 557 304 618 murmurantis
324 557 438 616 maris.
481 554 533 631 Et,
555 554 584 616 si
605 556 722 633 cantus
745 573 801 631 eos
822 556 912 615 forte
935 551 1119 632 delectant3
1146 556 1216 638 pri.
1238 591 1241 594 «

62 657 154 698 mum
175 638 326 722 cogitare
349 635 478 708 debent,
500 644 674 718 antequam
692 636 718 696 ii
736 636 805 696 sint
820 636 960 712 inventi,
982 635 1107 698 multos
1122 636 1217 701 beate

62 720 188 781 vixisse
210 721 397 803 sapientes:
430 717 549 781 deinde
578 718 687 779 multo
711 720 878 779 'maiorem
898 718 1031 799 percipi
1052 737 1149 800 posse
1170 721 1216 781 le-

61 798 177 885 gendis
198 801 253 879 iis,
283 821 380 884 quam
413 799 599 878 audiendis,
630 801 848 882 voluptatem.
902 800 1002 879 Tum,
1034 807 1074 862 ut
1105 801 1217 883 paullo
1228 812 1291 866 117.

58 891 139 944 ente
161 901 279 946 caecos
305 881 345 944 ad
367 884 501 944 aurium
527 878 784 955 traducebamus
813 881 1030 962 voluptatem,
1063 883 1113 944 sic
1139 885 1222 946 licet

62 963 184 1045 surdos
206 963 249 1026 ad
270 966 472 1042 oculorum·
497 960 707 1047 Etenimqui
728 983 840 1025 secum
861 964 955 1045 loqui
977 967 1115 1047 poterit,
1146 985 1219 1029 scr·

62 1065 195 1108 monem
216 1048 354 1108 alterius
371 1066 439 1109 nou
461 1048 624 1128 requiret.
661 1046 896 1145 Congerantur
911 1048 946 1106 in
968 1065 1073 1108 unum
1094 1050 1300 1127 omniur-2⁵¹·

62 1137 103 1191 ut
123 1128 213 1190 idom
234 1130 342 1190 oculis
363 1136 398 1190 ct
419 1131 556 1193 auribus
578 1135 692 1210 captus
714 1138 774 1189 sit:
806 1136 980 1211 prematur
1001 1131 1099 1191 etiam
1122 1129 1219 1213 dolo·
1250 1121 1275 1156 ⁸·
1370 1163 1372 1168 v

10 1253 12 1257 .
64 1210 161 1274 ribus
183 1211 543 1295 acerrimiscorporis.
587 1211 652 1276 Qui
672 1211 819 1294 primum
845 1230 908 1292 per
928 1229 963 1273 se
983 1212 1050 1294 ipsi
1070 1212 1219 1295 plerum·

63 1399 162 1454 Duisb.
181 1417 272 1474 marg.
291 1399 349 1454 MS.
368 1401 421 1468 Ed.
439 1400 503 1455 Asc.
523 1400 641 1458 nudo.
661 1399 690 1453 S.
709 1400 744 1455 Ε.
764 1399 887 1457 HWolf.
923 1400 990 1454 Non
1016 1400 1096 1453 enim
1115 1409 1157 1455 est
1174 1401 1219 1456 lo-

60 1484 112 1521 cus
137 1469 185 1521 illi
211 1471 441 1525 demonstrativo.
479 1473 514 1524 ln
531 1474 605 1524 Mon.
626 1476 652 1527 1.
671 1470 860 1544 legitursunt
878 1471 1015 1541 prosint.
1052 1472 1114 1526 Mr.

133 1540 242 1601 Multos
259 1540 336 1595 deute
353 1540 462 1595 uixisse
480 1541 630 1611 cupienter]
648 1541 770 1594 Uncinis
788 1558 890 1594 vocem
903 1542 1051 1607 ,cinximus
1067 1541 1217 1611 ultimamg

63 1611 141 1680 quod
160 1611 203 1664 Ol.
223 1612 372 1667 Bentleius
391 1613 455 1665 iure
473 1613 639 1667 iaciendum
660 1613 781 1665 notarit.
816 1612 854 1668 D.
943 1652 946 1656 .
968 1653 971 1659 .
1031 1641 1034 1649 -

133 1682 235 1734 multos
259 1683 336 1736 beate
358 1680 465 1743 ciuisse
493 1683 664 1753 sapientem]
701 1682 854 1753 cupidius,
884 1700 970 1752 quam
993 1682 1102 1750 debuit,
1131 1684 1220 1738 eiecit

62 1748 148 1805 Scbz.
167 1751 315 1834 supienter,
335 1755 412 1822 quod
429 1753 545 1806 videtur
563 1755 651 1808 etiam
670 1753 786 1805 eiecisse
804 1753 934 1809 Wolfius
957 1753 989 1806 in
1006 1755 1059 1807 Ed.
1079 1759 1105 1812 1.
1132 1771 1220 1825 quam

44 1821 617 1958 ‘titttttttbb.tttsstit‘ttet
635 1823 741 1946 titt:
752 1824 1221 1963 tte..¹t.ttt.¹.·.⁰:t.t.t¹tt

60 1961 94 2013 in
111 1962 334 2017 Rehd.-multos
356 1965 435 2017 beute
457 1963 557 2017 uocis
584 1979 665 2017 esse
686 1962 826 2032 cupienter
851 1990 884 2000 -
905 1979 990 2032 posse
1014 1966 1052 2018 in
1078 1964 1219 2031 legendis.

62 2032 165 2086 Verbis
182 2035 279 2100 paullo
299 2040 362 2086 ante
383 2034 504 2103 respicit
521 2034 556 2087 ad
575 2051 599 2091 c.
618 2036 662 2090 38.
683 2033 705 2098 §-
725 2038 786 2090 lll.
806 2033 887 2086 Unus
902 2036 952 2087 Ox.
971 2033 1057 2100 babet
1073 2033 1220 2089 audiendi.

62 2103 98 2156 Iu
115 2102 204 2156 Rehd.
235 2113 278 2157 est
306 2105 520 2158 traducebamus
544 2105 583 2159 ud
600 2102 711 2158 sumum
738 2104 915 2172 uoluptatem.
954 2104 990 2157 ln
1008 2123 1035 2157 v·
1054 2107 1219 2160 traduceba-

60 2190 120 2227 mus
144 2174 250 2227 desinit
277 2172 345 2228 cod.
366 2175 440 2229 Gud.
460 2178 486 2230 2.
512 2175 543 2228 in
571 2176 652 2228 cuius
678 2174 737 2227 func
761 2192 862 2227 manus
881 2175 1016 2246 aequalis,
1041 2193 1096 2230 nec
1119 2185 1219 2230 tamen

58 2243 169 2367 leadem,
193 2246 359 2370 adffiripsit:
391 2243 417 2298 l’
441 2244 535 2312 deficit
562 2250 617 2300 unu
643 2244 723 2311 fotini.
755 2245 798 2298 'ln
820 2247 909 2299 Marb.
935 2246 1079 2315 scriptum
1103 2254 1148 2300 est
1175 2247 1219 2300 sic

75 2313 89 2367 i
94 2321 186 2367 ceut.
260 2333 285 2368 r.
888 2352 890 2358 -

132 2385 243 2439 Etenim
268 2384 316 2455 qni
341 2401 433 2439 secum
457 2387 534 2454 loqui
558 2383 672 2454 peterit]
709 2385 794 2439 coto.
818 2386 888 2460 Reg.
913 2392 942 2438 et
969 2384 1043 2439 Gud.
1065 2390 1089 2442 1.
1111 2385 1219 2440 habent

61 2471 132 2540 pune
149 2473 204 2526 pro
223 2457 278 2526 qui.
316 2457 536 2556 „Dipit“cecum
558 2458 644 2541 loqui·
659 2457 694 2509 de
715 2456 752 2508 iis
777 2455 870 2521 rebus,
894 2472 963 2591 quas
990 2456 1082 2510 oculis
1108 2458 1218 2512 viderit

61 2526 1073 2722 ttpttqtmtttttttttdtttattitttntttuttttt
1089 2527 1220 2675 522⁰?ss

63 2683 128 2725 re.
203 2685 228 2720 r.
823 2678 838 2685 ··
1172 2676 1175 2680 ’

91 2788 94 2793 .
138 2737 338 2806 Congerantur
354 2738 387 2792 in
403 2754 481 2792 unum
499 2737 615 2807 omniu]
651 2738 807 2805 „indicari
825 2740 856 2791 in
875 2739 1058 2808 Crepundiis,
1085 2737 1217 2793 exhiberi

64 2809 97 2859 in
116 2809 284 2862 Fabriciano
304 2817 518 2880 congregentur.
538 2812 632 2863 Vatic.
651 2826 728 2862 nunc
751 2814 1023 2878 congregantur
1045 2811 1077 2862 in
1102 2810 1218 2864 unum.“

64 2876 148 2935 Geor.
186 2880 337 2949 Estvlocus
356 2881 393 2949 in,
405 2879 575 2950 crepundiis
593 2880 617 2933 1.
627 2884 681 2936 .16·
699 2888 736 2950 Ρ..
747 2882 791 2936 51.
811 2881 850 2950 (Ρ.
864 2879 1000 2936 394.·“Ε(1.
1010 2879 1216 2947 schminckii).

63 2949 101 3002 ln
112 2956 175 3002 'uno
195 2951 244 3002 Ox.
270 2958 312 3002 est
339 2957 519 3018 coguntur
541 2951 571 3004 in
592 2962 687 3017 unum‘
722 2949 801 3016 Quod
820 2959 863 3003 est
888 2952 1007 3003 fortasse
1032 2951 1216 3018 correctorie,

63 3020 116 3091 qui
134 3021 336 3074 recordaretur
353 3021 493 3088 locorum,
513 3022 607 3093 qualis
626 3029 669 3074 est
685 3020 712 3072 E
733 3037 761 3090 p.
781 3019 816 3072 ad
833 3020 942 3076 Famm.
962 3020 1020 3076 XV.
1035 3022 1067 3075 4:
1087 3036 1217 3088 cogere

63 3090 217 3145 exereitum
242 3090 274 3145 in
298 3105 383 3154 unum
410 3092 520 3144 locum.
545 3093 598 3144 Est
623 3091 654 3143 in
672 3038 738 3144 cod.
764 3093 838 3144 Mon.
859 3095 883 3146 l.
921 3091 1157 3161 cingerentur,
1184 3092 1216 3146 in

63 3161 161 3218 Duisb.
181 3167 395 3230 congregentur.
431 3163 491 3215 Mr.
893 3215 895 3219 ,
918 3193 933 3220 π,
983 3204 986 3209 .
1093 3225 1097 3229 ι
1215 3174 1218 3179 ·

132 3239 163 3284 ut
187 3231 263 3287 idem
287 3238 318 3286 et
344 3228 445 3298 oculis]
482 3234 604 3317 „Vulgo
625 3233 704 3286 deest
722 3231 780 3286 et.“
801 3231 873 3286 Duc.
893 3233 946 3287 Ed.
966 3235 992 3288 2.
1030 3235 1102 3300 „lta
1129 3233 1218 3288 etiam

64 3309 118 3367 cst,
138 3310 170 3357 et
188 3304 289 3375 oculis,
309 3303 340 3355 in
358 3317 416 3355 uno
436 3301 504 3355 cod.
524 3303 603 3357 Lerd.
623 3303 765 3368 Davisius,
785 3304 836 3372 qui
848 3303 889 3356 sic
899 3303 999 3372 edidit,
1018 3304 1129 3357 nullius
1147 3304 1215 3358 God.
1300 3339 1301 3343 =

62 3371 121 3430 MS.
144 3372 355 3427 auctoritatem
389 3373 553 3442 apposuit.“
577 3370 668 3428 Boni.
690 3374 778 3438 *Cum
806 3390 842 3443 ex
872 3375 978 3426 nostris
999 3374 1086 3429 Codd.
1103 3374 1217 3429 nullus

63 3452 181 3514 praeter
199 3445 273 3498 Gud.
293 3443 437 3508 assentiat,
456 3444 621 3499 delevimus
633 3444 709 3498 illud
727 3451 762 3510 et,
781 3444 989 3513 quodncmini,
1008 3446 1217 3514 praeterDav.,

62 3516 254 3567 necessarium
272 3515 368 3568 visum
386 3522 436 3567 est.
467 3513 512 3568 Ad
527 3535 556 3569 v.
577 3514 665 3570 oculis
682 3520 710 3568 et
728 3515 844 3586 nuribus
863 3520 958 3582 ruptus
977 3516 1104 3568 conferri
1121 3523 1218 3586 potest

61 3585 259 3638 memorabilis
277 3585 385 3638 locutio
404 3585 435 3636 in
455 3585 502 3638 Or.
521 3603 575 3657 pro
592 3586 688 3641 Rabir.
710 3589 735 3651 7,
754 3589 803 3640 nt:
823 3584 955 3639 membris
972 3585 1099 3640 omnibus
1116 3592 1217 3656 captus

64 3653 227 3777 ueldebbilis.
256 3655 386 3777 Ilthod.
405 3655 503 3715 Duisb.
523 3667 567 3711 est
584 3655 735 3724 acerrimis
753 3655 911 3710 doloribus:
939 3674 1012 3713 unus
1031 3658 1082 3712 Ox.
1105 3657 1218 3713 omittit
1252 3669 1254 3674 '

64 3727 102 3780 do
115 3724 162 3777 ori
178 3740 219 3777 ue.
293 3741 318 3776 r.
379 3744 382 3752 ¹
864 3730 867 3735 '

77 3835 82 3845 .
135 3793 190 3850 Qui
212 3795 341 3865 primum
360 3811 413 3863 per
437 3812 468 3850 ae
491 3796 565 3868 ipsi]
609 3801 797 3864 „Pronomeu
823 3799 986 3853 relatiuam
1016 3815 1076 3852 non
1100 3795 1235 3852 videtur·

64 3866 222 3920 convenire
250 3866 321 3918 huic
347 3866 426 3920 loco.¹
456 3867 573 3939 Saepius
600 3870 716 3938 quidem
742 3879 785 3923 est
809 3871 884 3939 apud
911 3870 1033 3939 optimos
1056 3869 1076 3919 ἰ.
1096 3885 1124 3935 q.
1151 3867 1218 3920 illes

66 3939 147 3991 cuius¹
165 3954 233 3989 usus
251 3937 343 3989 multa
361 3939 492 4007 exempla
509 3939 788 4010 attulit-Wopkens.
808 3940 847 3991 11.
869 3942 912 3992 13.
931 3939 1025 4004 hectt.
1045 3937 1124 3990 Tull.
1161 3935 1219 3990 Sed

65 4008 107 4062 ibi
129 4017 244 4060 tantum
265 4008 322 4060 hoc
345 4007 462 4061 videtur
484 4009 560 4076 lieri,
584 4010 633 4062 ubi
655 4011 704 4063 vel
728 4009 938 4062 confirmantur
960 4007 1010 4060 vel
1033 4007 1219 4076 explicantur

66 4080 277 4133 antecedentia:
294 4078 384 4147 quod
410 4086 508 4132 nostro
527 4081 590 4133 loco
617 4088 744 4132 nonest.
781 4079 872 4130 Multo
890 4079 985 4153 igitur
1010 4078 1130 4142 melius,
1155 4076 1218 4146 opi-

66 4165 131 4215 nor,
155 4149 196 4202 ita
217 4151 384 4224 legeretur:
410 4150 602 4216 Congerantur
629 4149 661 4201 in
684 4165 767 4202 unum
786 4149 880 4202 omniu
906 4154 936 4202 ut
949 4148 1028 4212 ,idem
1046 4152 1074 4200 et
1091 4147 1179 4201 oculis
1195 4154 1223 4201 et

68 4219 186 4275 auribus
202 4227 302 4289 coptus
319 4219 366 4272 sit.
386 4219 553 4274 'Promotur
571 4221 656 4272 etium
675 4219 820 4273 doloribus
837 4218 988 4272 acerrimis
1006 4219 1141 4288 corporis.
1174 4215 1223 4271 Hi

66 4292 189 4361 primum
205 4307 258 4359 per
280 4307 309 4344 se
326 4290 386 4359 ipsi
407 4293 561 4362 plerumque
587 4290 732 4355 conficiunt
749 4288 895 4345 bominem.
932 4287 985 4342 su
1011 4289 1086 4354 forte
1112 4288 1223 4357 longin-

69 4360 173 4429 quitate
188 4363 318 4430 producti
331 4361 407 4415 cet.“
425 4360 515 4417 Boni.
553 4360 638 4415 Nihil
656 4378 743 4446 agere
759 4361 859 4413 virum
877 4359 1073 4414 doctissimum
1090 4377 1149 4414 non
1168 4367 1227 4426 est,

70 4431 148 4502 quod
164 4432 396 4487 demonstremus.
417 4434 485 4488 God.
503 4433 600 4486 Duisb.
620 4433 730 4487 omrttit
746 4429 871 4503 primum
887 4431 1043 4506 pergitque
1058 4434 1221 4503 plerumque

98 4535 178 4582 vicero
193 4536 260 4584 Ture.
275 4537 343 4593 otsp.
359 4540 393 4584 eet,
408 4539 493 4584 Moser.
516 4539 540 4582 Τ.
554 4538 604 4582 ΙΙΙ.
932 4538 973 4604 17
997 4590 998 4593 ,
