2856 5084
197 278 218 339 2
401 276 629 342 CICERONIS
650 277 896 345 TUSCULAN.
919 279 1151 354 DISPUTAT.

168 486 170 498 .
195 441 488 524 Disputationum:
510 462 576 524 quo
599 441 654 504 die
674 452 732 506 est
745 464 764 505 a
785 444 882 506 nobis
905 463 943 506 ea
970 443 1012 506 de
1043 464 1094 522 re,
1116 465 1214 527 quam
1243 454 1281 506 tu
1310 464 1350 506 ex

197 525 352 588 omnibus
388 527 529 586 maxime
565 527 698 608 probas,
730 526 949 606 disputatum.
1004 527 1140 588 Placere
1167 530 1256 589 enim
1284 529 1350 588 tibi

197 604 376 668 admodum
396 607 496 684 sensi,
519 613 615 667 etex
637 626 677 668 eo
705 609 805 684 libro,
835 628 934 687 quem
965 607 1080 669 adme
1102 610 1349 671 accuratissime

194 690 370 770 scripsisti,
393 698 488 750 etex
509 689 624 749 multis
644 691 855 751 sermonibus
881 691 961 763 tuis,
989 690 1152 752 virtutem
1178 690 1220 752 ad
1247 692 1344 752 beate

141 868 144 872 “
190 882 376 942 praenomen,
395 887 454 923 non
471 889 635 937 numerum,
656 889 714 925 esse
731 874 919 939 existimaret,
938 890 1023 943 quem
1036 875 1095 927 sola
1108 874 1197 927 litera
1208 877 1238 932 Q.
1260 877 1348 930 scribi

162 954 164 960 “
191 942 348 995 sufficeret.
386 941 458 995 Cum
483 952 578 995 autem
601 944 689 996 litera
714 944 838 997 initialis
862 944 1086 1012 uniuscuiusque
1111 946 1183 998 libri
1205 947 1347 1016 peculiari

141 1012 143 1020 “
191 1012 315 1082 quodam
331 1012 381 1064 vel
399 1020 558 1066 atramento
576 1014 626 1070 vel
644 1015 741 1068 colore
759 1015 809 1067 vel
828 1023 931 1068 ornatu
950 1015 1136 1080 scriberetur,
1154 1019 1280 1070 ascribe
1298 1020 1347 1070 vel

190 1083 311 1136 librario
328 1101 454 1136 vacuum
481 1084 508 1136 ei
533 1084 838 1160 postea-appingendo
857 1087 981 1155 spatium
1004 1086 1230 1156 relinquebatur.
1268 1087 1348 1152 Quod

190 1171 258 1207 cum
284 1154 438 1224 aliquando
464 1161 563 1222 postea
588 1171 654 1206 casu
677 1172 735 1208 non
767 1156 943 1225 expleretur,
973 1163 1006 1207 ut
1033 1174 1116 1226 saepe
1140 1158 1171 1208 in
1196 1158 1346 1210 codicibus

190 1225 411 1294 manuscriptis
440 1232 469 1278 et
495 1225 599 1294 primis
622 1233 683 1277 arte
710 1226 921 1300 typographica
946 1227 1056 1279 excusis
1083 1229 1345 1294 animadvertimus,

189 1296 298 1347 excidit
315 1295 496 1360 vocabulum,
515 1295 593 1364 quod
610 1296 742 1348 divinare
758 1313 816 1348 non
833 1305 937 1366 posset,
960 1297 1011 1365 qui
1029 1298 1097 1350 inde
1114 1297 1222 1350 librum
1240 1299 1346 1350 descri-

187 1365 279 1418 beret.
317 1366 442 1436 Scripsit
459 1366 528 1421 Dav.
550 1365 669 1422 Quiatus
685 1364 740 1430 bic,
767 1367 868 1430 Brute,
888 1367 971 1431 dies,
988 1384 1075 1434 quem
1102 1368 1233 1422 ordinem
1260 1368 1345 1421 habet

187 1436 264 1489 solus
281 1435 349 1490 Ood.
369 1435 467 1488 Duisb.
487 1453 580 1505 neqrre
599 1437 672 1487 alius
691 1438 842 1505 quisquam
860 1437 937 1488 liber
953 1438 1003 1488 vel
1021 1439 1130 1490 calamo
1149 1449 1279 1492 exaratus
1297 1440 1345 1492 vel

186 1507 268 1576 typis
292 1507 461 1575 exscriptus.
504 1506 587 1560 Solus
613 1508 700 1560 etiam
729 1507 795 1559 Cod.
821 1506 912 1567 Rehd.
939 1506 1026 1559 habet
1056 1509 1111 1560 Hic
1140 1509 1201 1562 dies
1223 1512 1344 1578 quintus,

186 1578 284 1632 erte.
311 1580 392 1632 Unus
411 1577 463 1630 Ox.
481 1577 568 1630 habet
585 1577 716 1641 Brutum,
735 1577 818 1629 Vind.
833 1581 858 1632 1.
879 1578 966 1644 facit3
982 1595 1057 1629 unus
1070 1580 1119 1632 Ox.
1139 1581 1343 1634 Quaestionum.

185 1648 271 1701 Varb.
291 1649 323 1700 in
341 1664 432 1722 marg.
459 1665 495 1702 ex
513 1649 571 1702 MS.
591 1649 688 1700 nescio
706 1664 763 1717 quo
783 1650 912 1700 enotavit
936 1647 1126 1716 quaestionum
1147 1666 1195 1704 seu
1219 1651 1345 1719 disputo-

187 1719 305 1772 tionum.
342 1722 404 1774 Mr.

256 1789 304 1842 tic
321 1791 403 1845 disc
422 1817 464 1854 ·-,
483 1806 537 1858 quo
556 1789 575 1842 d
581 1791 593 1845 i
598 1787 630 1855 e]
658 1788 806 1843 Rariorem
821 1805 885 1849 >esse
903 1789 978 1859 apud
990 1789 1158 1843 Ciceronem
1177 1791 1250 1843 dicit
1264 1792 1345 1844 Kith-

185 1876 275 1913 nerus
293 1861 463 1915 substantivi
481 1869 545 1930 post
562 1875 723 1929 pronomen
741 1861 897 1913 relativum
915 1861 1130 1929 repetitionem,
1153 1863 1228 1931 apud
1246 1863 1344 1916 Caesa·

185 1947 249 1983 rom
275 1931 363 2007 longe
388 1932 605 1985 creberrimam:
638 1930 845 1984 illum‘autem
870 1948 902 1983 ea
928 1930 983 1995 uti,
1015 1939 1050 1983 ut
1072 1932 1120 1983 vel
1138 1933 1343 2002 perspicuitati

186 2002 359 2068 consuleret,
387 2011 421 2054 ut
442 2003 499 2054 hoc
517 2001 591 2065 loco,
618 2001 666 2053 vel
690 2011 724 2053 ut
751 2002 783 2053 in
810 2003 915 2054 iterato
940 2001 1056 2054 nomine
1073 2002 1135 2053 vim
1154 2004 1296 2071 quandam
1314 2013 1344 2056 et

184 2073 296 2142 pondus
313 2081 449 2141 poneretz
469 2070 566 2124 laudat
584 2071 752 2125 Ramshorn.
773 2073 825 2124 Gr.
845 2074 908 2124 Lat.
928 2070 951 2136 ἕ.
972 2075 1031 2126 159.
1050 2089 1078 2122 n.
1099 2074 1124 2127 2.
1144 2090 1172 2141 p·
1189 2076 1249 2128 363.
1270 2075 1340 2126 Add.

184 2159 236 2195 nos
255 2144 290 2195 ad
309 2143 368 2196 cic.
389 2143 423 2195 de
441 2145 511 2212 Rep.
532 2144 554 2194 Ι.
575 2145 619 2196 26.
644 2161 674 2211 p·
695 2138 755 2206 109,
783 2152 932 2213 praeterea
951 2142 1011 2194 cic.
1031 2159 1090 2211 'pro
1116 2144 1213 2195 Milon.
1234 2147 1278 2209 20,
1297 2148 1340 2200 53.

186 2213 247 2269 cic.
268 2214 302 2267 de
320 2215 389 2284 liep.
408 2215 447 2280 ΙΙ.
468 2217 493 2272 7,.
511 2231 538 2282 p.
559 2214 621 2268 222.
641 2213 701 2266 Cic.
722 2214 757 2265 ad
771 2213 822 2278 Qu.
838 2214 886 2265 Fr.
897 2213 950 2265 111.
962 2217 994 2267 3:
1015 2214 1066 2282 qui
1083 2214 1164 2283 locus
1184 2224 1226 2267 est
1244 2224 1341 2268 nostro

185 2284 339 2338 admodum
357 2284 473 2335 similis:
500 2285 590 2337 diem
615 2284 721 2337 uultum
740 2285 899 2347 esscscito,
934 2299 999 2352 quo
1024 2284 1062 2336 di
1068 2301 1083 2336 e
1106 2301 1161 2337 nou
1178 2285 1271 2337 dicum
1287 2303 1341 2352 pro

185 2371 245 2409 rso.
283 2355 320 2408 ln
345 2353 412 2408 Cod.
432 2353 521 2410 Rehd.
551 2354 672 2429 legitur
686 2355 721 2408 de
745 2369 778 2407 eo
798 2369 832 2405 re
855 2369 935 2422 quum
960 2370 1003 2418 ex,
1034 2353 1180 2406 inDuisb.
1207 2357 1342 2408 addere

185 2441 269 2495 quum
287 2432 317 2478 tu
336 2441 380 2490 ex,
401 2434 431 2478 et
449 2424 595 2476 sic-etiam
614 2424 688 2477 Gud.
708 2427 743 2489 23
764 2425 796 2476 in
813 2442 871 2477 uno
891 2426 940 2478 Ox.
961 2425 1095 2478 addere
1114 2433 1278 2493 quantum
1296 2443 1340 2491 ec,

184 2496 216 2546 in
234 2494 292 2548 alio
311 2496 351 2548 de
369 2513 407 2549 rs
425 2511 508 2564 quum
525 2501 553 2547 tu
572 2511 619 2558 ης
638 2495 715 2562 alius,
730 2496 840 2547 omittit
857 2503 897 2560 tu,
915 2496 989 2547 alius
1007 2511 1049 2548 ex.
1068 2494 1135 2548 Ood.
1155 2498 1228 2547 Mon.
1249 2500 1271 2550 1.
1293 2514 1342 2548 ex-

182 2564 264 2617 bibet
280 2567 383 2634 probru
400 2568 529 2621 murima.
555 2566 628 2621 Gud.
649 2570 674 2620 1.
699 2565 785 2619 habet
802 2569 924 2620 murima
941 2565 1057 2618 nonnisi
1081 2583 1098 2617 a
1115 2568 1141 2619 2.
1160 2583 1198 2617 m.
1219 2567 1293 2618 Gud.
1313 2569 1339 2621 2.

184 2636 295 2689 omittit
313 2637 393 2689 euim.
431 2638 493 2690 Mr.
897 2648 901 2652 ·
998 2680 1024 2703 ,a
1190 2676 1194 2684 .
1239 2673 1242 2680 .

255 2709 342 2771 censi,
362 2713 390 2760 et
408 2723 443 2759 ec
461 2723 493 2760 ec
512 2707 595 2774 libro]
633 2708 857 2773 „internectunt
875 2711 913 2772 et,
938 2704 1015 2774 quod
1031 2705 1120 2777 vulgo
1138 2705 1225 2767 abest,
1243 2704 1341 2757 Victo·

185 2776 256 2840 rius,
274 2778 345 2830 Pall.
365 2796 419 2831 sec.
440 2786 509 2830 tert.
530 2786 623 2846 quart.
644 2777 760 2847 quint.“
786 2775 868 2830 Gadis.
905 2776 991 2829 Abest
1010 2782 1036 2827 et
1053 2775 1086 2828 ab
1104 2791 1160 2829 uno
1180 2775 1229 2827 Ox.
1249 2776 1338 2829 Rehd.

75 2864 83 2881 ⁴
185 2848 260 2902 Gud.
280 2851 354 2901 Mon.
373 2850 399 2902 1.
411 2849 491 2903 -Edd
510 2848 548 2900 Μ.
570 2847 632 2901 Ald.
651 2849 732 2901 Boul.
751 2841 967 2902 Brut.'Lambb.
988 2847 1078 2900 Goth:
1110 2847 1172 2899 Mr.

189 2958 191 2963 -
220 2962 225 2971 ,
255 2919 300 2985 Eu
319 2936 351 2972 eo
371 2919 454 2985 libro,
483 2935 562 2988 crum
588 2921 628 2972 ud
651 2935 694 2971 me
720 2917 930 2971 ocmrutissime
956 2917 1118 2986 scripsisti]
1156 2917 1340 2992 intelligitur

183 2989 268 3042 Bruti
292 2988 368 3048 liber
395 2991 429 3044 dc
459 2991 590 3056 Virtute,
609 3007 695 3059 quem
717 2989 752 3043 ad
778 2989 949 3042 Ciceronem
971 2989 1097 3058 scripsit,
1124 2997 1158 3040 ut
1174 2988 1225 3039 ait
1243 2997 1340 3057 noster
1362 3047 1365 3050 .

183 3059 235 3115 lib.
255 3059 279 3112 1.
300 3061 334 3113 de
353 3062 418 3114 Fin.
439 3079 499 3130 cap.
519 3058 545 3115 3.
583 3061 629 3112 Ex
648 3075 681 3112 eo
700 3060 839 3112 nonnulla
857 3061 971 3128 profert
988 3057 1095 3112 Seneca
1114 3059 1197 3112 (lons.
1217 3060 1251 3111 ad
1269 3060 1339 3111 Hel-

29 3196 35 3203 ,
126 3187 127 3191 Ἰ
182 3131 261 3182 viam
280 3147 341 3200 cap.
360 3131 410 3184 lX.
429 3133 502 3184 Vide
520 3133 596 3186 Petr.
615 3130 791 3198 Alcyonium
810 3130 844 3182 de
861 3129 954 3181 Exsil.
974 3131 1026 3183 lib.
1041 3129 1064 3186 1.
1083 3147 1169 3206 pagg.
1181 3131 1224 3195 55,
1236 3131 1280 3184 56.
1300 3129 1336 3181 D.

184 3201 242 3268 [Cf.
262 3202 295 3252 A.
316 3201 379 3266 Mai.
399 3203 434 3254 ad
452 3203 589 3254 Fronton.
608 3219 636 3269 p.
658 3203 700 3255 78.
726 3201 779 3252 Ed.
799 3201 880 3254 Rom.
906 3199 970 3275 On]

254 3288 332 3341 quem
349 3273 388 3326 ud
405 3289 449 3324 me
466 3271 679 3340 accuratissime
700 3270 857 3339 scripsisti]
895 3271 995 3332 Locus,
1025 3287 1112 3338 quom
1136 3267 1233 3321 laudat
1256 3270 1337 3334 Dav„

181 3339 306 3396 Senecae
331 3353 373 3396 est
395 3343 459 3395 bic:
484 3344 594 3394 Brutus
612 3341 643 3394 iu
662 3336 797 3405 e'o'iibrc,
820 3353 898 3410 quem
923 3342 956 3394 de
977 3341 1088 3394 Virtute
1109 3340 1270 3408 composuit,
1296 3341 1358 3393 ait.

181 3428 213 3465 se
230 3412 336 3467 uidisse
354 3414 506 3482 Mitylenis
526 3413 697 3466 Marcellum
715 3413 895 3478 scrutantem,
920 3419 955 3476 et,
981 3417 1110 3480 puuctum
1132 3411 1214 3462 modo
1233 3416 1338 3469 ustura

182 3482 303 3538 bominis
321 3490 473 3553 pateretur,
502 3482 660 3536 beatissime
678 3482 832 3536 uiuentem:
855 3483 1008 3536 ·Duo·0xx.
1038 3481 1180 3549 (quorum
1205 3481 1279 3533 alter
1306 3480 1337 3533 in

181 3572 273 3628 marg.
293 3563 420 3608 nostram
437 3554 524 3606 habet
542 3555 711 3618 lectionem)
731 3545 805 3615 Gud.
822 3557 899 3608 Mon.
919 3556 945 3607 2.
975 3553 1137 3613 acutissime
1156 3558 1185 3603 ct
1204 3551 1245 3603 sic
1264 3569 1337 3604 unus
1398 3576 1414 3591 κ

180 3626 239 3678 Pal.
260 3625 403 3694 (primus),
422 3625 601 3695 improbante
619 3622 780 3690 Gebhardo,
800 3625 851 3693 qui
870 3625 901 3676 in
915 3623 973 3676 Pal.
992 3631 1086 3693 quart.
1106 3621 1218 3690 reperit
1238 3625 1276 3674 ud
1294 3641 1337 3675 me

181 3702 220 3748 tu
237 3711 295 3749 occ.
332 3696 408 3749 Turn
427 3697 501 3750 Gud.
519 3699 547 3752 t.
567 3703 594 3748 st
611 3697 624 3753 i
629 3713 648 3747 a
665 3693 867 3760 multis.'·Gud.
884 3691 994 3747 omittit
1012 3709 1055 3745 er.
1092 3691 1136 3744 Ad
1159 3710 1222 3745 rem
1239 3693 1335 3747 Kiihn.

180 3769 296 3820 confert
314 3784 398 3818 suum
416 3769 525 3819 librum
543 3766 577 3818 de
596 3766 656 3818 Cic.
682 3766 713 3817 in
738 3757 843 3834 philos.
869 3764 992 3817 meritis
1007 3780 1035 3833 p.
1056 3767 1099 3818 16.
1125 3782 1190 3820 ann.
1209 3767 1236 3819 9.
1272 3767 1337 3817 Post

179 3836 325 3905 scripsisti
340 3855 414 3891 unus
433 3839 483 3891 Ox.
504 3837 615 3889 omittit
634 3843 671 3901 et,
699 3836 755 3889 duo
780 3853 847 3889 cum
864 3835 939 3889 th.
960 3851 1003 3888 ca.
1040 3837 1106 3888 Post
1129 3837 1187 3889 tuis
1210 3843 1337 3907 pergunt

178 3909 264 3964 Vind.
286 3913 309 3963 1.
329 3911 355 3963 2.
380 3909 501 3962 videri
516 3908 661 3970 uirtutem,-
684 3914 747 3957 tum
764 3906 860 3959 Duisb.
881 3906 1036 3960 addeum
1064 3924 1150 3977 supra
1166 3906 1219 3957 lin.
1239 3905 1334 3964 beute3

178 3997 252 4032 unus
271 3979 320 4033 Ox.
342 3988 371 4033 et
391 3980 469 4043 Gudi
490 3994 520 4031 se
546 3978 560 4029 i
563 3993 670 4046 psum.
706 3977 853 4031 Posterior
875 3977 974 4052 pergit
992 3976 1234 4040 sortientemfore.
1271 3974 1336 4038 „Ad

178 4067 242 4104 rem
266 4050 338 4102 facit
357 4050 453 4104 Ovidii
478 4050 590 4105 locust,
1161 4061 1164 4065 ’
1195 4053 1200 4060 ’

345 4121 445 4175 Iudice
462 4128 489 4174 te
507 4121 634 4174 mercede
651 4124 730 4172 curet
748 4136 801 4187 per
818 4135 899 4187 seque
914 4121 1033 4187 petendu
1051 4124 1094 4171 cst

413 4192 547 4246 Externis
565 4191 656 4244 virtus
674 4191 835 4245 incomitata
853 4190 966 4246 bouis.“
997 4189 1084 4243 Laod.
1104 4203 1122 4238 a
1141 4186 1191 4241 Qu.

42 4281 45 4299 ι
78 4304 82 4333 z
176 4250 269 4314 lsocm
288 4270 331 4314 est
348 4262 443 4333 Epist.
464 4280 500 4316 ex
516 4262 606 4317 Ponto
625 4262 663 4315 11.
685 4265 711 4317 3.
730 4265 775 4318 35.
797 4290 829 4301 -
866 4262 1096 4326 Probatuvere
1114 4264 1212 4310 monet
1230 4256 1282 4313 W.
1303 4257 1334 4311 in

175 4332 290 4398 scholis,
316 4349 374 4387 non
395 4350 454 4387 esse
477 4334 497 4384 i.
517 4352 544 4403 q.
565 4334 603 4387 att
621 4335 875 4398 demonstrandum,
901 4332 950 4384 sed
974 4329 1146 4382 sententiam
1162 4345 1244 4382 esse:
1275 4345 1333 4380 non

174 4402 261 4456 facile
280 4404 347 4458 fieri
364 4413 460 4477 potest
476 4404 634 4477 probabile,
658 4414 691 4458 ut
708 4405 843 4477 loquutur
859 4400 962 4456 Cicero
986 4400 1048 4472 ipse
1073 4400 1111 4452 in
1122 4398 1333 4454 Paradoxorum
