2856 5084
498 307 652 429 'uuna
673 308 719 388 V,
747 309 801 375 n.
957 337 1030 377 ·.
1171 313 1233 380 us

80 474 204 536 libratu
248 470 447 536 sudoribus:
469 474 588 555 quibus
609 463 762 539 cauernis
777 474 891 537 ‘marla
909 475 1087 537 sustineat:
1108 477 1145 539 iu
1167 497 1232 558 qua

41 631 44 638 Ι
79 558 192 618 omnia
236 556 322 618 elata
342 558 510 641 gravitate
530 557 678 620 medium
697 555 816 628 mundi
837 558 950 620 locum
972 577 1103 639 semper
1130 579 1229 645 expe·

78 647 162 717 taut,
176 641 244 722 'qui
266 647 315 704 est
336 638 424 702 idem
444 640 580 702 infimus
602 640 643 704 in
659 638 817 710 rotundo.
913 700 916 703 ,
1221 677 1224 685 ·

79 824 194 878 duribus
218 824 321 878 librata
339 827 378 880 sit
395 831 483 893 terra,
503 843 558 879 nec
576 842 662 879 veros
680 827 752 880 unde
771 832 849 880 terra
867 826 906 878 sit
926 842 964 877 sc.
983 829 1121 884 concreta.
1151 825 1231 887 Ord.

78 893 137 947 llus
159 912 230 949 vero
250 897 333 960 dicit,
358 905 467 950 terram
490 898 598 968 opponi
623 897 669 961 iis,
702 897 939 967 quaedicuntur
957 913 1044 965 supra
1071 895 1172 962 omniu,
1198 897 1230 950 τὸ

77 973 152 1020 aar:
181 984 276 1035 neque
299 967 353 1020 sibi
382 968 500 1037 probari
528 967 706 1032 locutionem
728 968 801 1021 unde
827 968 942 1033 librata,
967 983 1062 1037 neque
1081 985 1230 1037 apparere,

78 1037 191 1091 ubinam
210 1037 285 1090 illud
299 1039 348 1100 sit,
368 1040 438 1092 unde
457 1038 561 1090 librari
580 1039 694 1090 dicatur
711 1041 813 1092 terra?
849 1038 909 1090 Mr.
1222 1074 1224 1082 ·

75 1148 79 1157 .
150 1110 247 1177 quitus
265 1111 392 1165 cauernis
409 1109 505 1162 maria
525 1108 721 1175 sustineantur]
760 1111 849 1174 „Vet
872 1108 941 1161 Ged.
961 1110 1113 1163 sustinenti
1142 1117 1171 1163 st
1189 1109 1232 1163 ita

77 1178 199 1234 Lamb.“
219 1177 300 1231 Getta.
334 1179 432 1245 „Dedi
456 1181 602 1233 sustineat.
639 1180 683 1232 lta
710 1196 823 1249 quoque
855 1179 1074 1232 cum‘Victerio
1098 1179 1230 1237 Lambin.

77 1250 150 1303 Pell.
170 1250 256 1319 prim.
278 1249 370 1318 quint.
390 1249 474 1302 Fabr.
494 1249 525 1315 [i.
546 1269 569 1304 e.
590 1249 703 1315 Gelon]
722 1249 870 1304 Secundus
888 1265 970 1316 vero,
991 1258 1084 1319 quart.
1098 1251 1229 1308 Vatican.

78 1320 241 1373 sustineant.
279 1321 374 1395 Vulgo
394 1319 616 1374 sustineantur.“
652 1320 734 1374 Genu.
1223 1318 1225 1323 ’

151 1392 254 1446 Quidue
272 1392 400 1445 cavernis
418 1391 512 1445 maria
529 1393 739 1457 sustineantur3
765 1407 819 1459 qua
837 1390 930 1444 omnia
953 1391 1048 1444 delata
1074 1391 1229 1460 grauitate]

78 1461 173 1536 Vulgo
192 1464 335 1527 sustineat,
353 1464 384 1515 ia
403 1477 473 1531 qua;
491 1463 566 1514 unde
585 1462 737 1515 Lambinus
756 1461 828 1513 facit
846 1461 877 1514 in
896 1476 979 1530 quum
1018 1463 1050 1515 ld
1069 1473 1165 1516 autem
1184 1464 1230 1515 in-

77 1532 221 1585 commodi
240 1534 369 1585 contiuet
387 1532 458 1585 haec
476 1534 649 1598 coniectura,
669 1531 826 1602 quesitum
843 1533 961 1586 demum
977 1531 1055 1593 nihil
1080 1535 1114 1589 de
1131 1533 1231 1602 graui·

77 1609 136 1659 tate
155 1611 318 1672 quaeratur,
339 1603 387 1656 sed
405 1603 480 1655 nuda
497 1605 535 1656 sit
554 1621 643 1673 eaque
654 1603 720 1661 ¹huc
738 1620 842 1672 parum
866 1603 1039 1656 conueniens
1063 1603 1230 1660 affirmatio.

76 1675 226 1728 Praeterea
244 1683 372 1738 nonest,
401 1682 433 1725 ut
459 1673 490 1726 in
515 1691 593 1742 quan
611 1675 700 1744 possis
727 1673 867 1738 adalind,
896 1691 980 1743 quam
1006 1674 1040 1725 ud
1058 1681 1166 1728 terram
1184 1692 1231 1742 re.-

76 1747 171 1811 ¹ferre3
196 1745 305 1798 medius
323 1753 418 1796 autem
436 1745 537 1798 mundi
555 1747 641 1808 locus,
671 1745 752 1797 cuius
778 1752 876 1812 postea
895 1744 1039 1808 meminit,
1066 1755 1109 1798 est
1133 1741 1228 1812 terra}

75 1818 198 1887 proinde
221 1816 336 1868 Tullius
363 1814 483 1879 diceret,
512 1815 543 1868 ia
568 1823 672 1868 terram
697 1815 791 1868 omnia
815 1815 911 1869 delata
942 1817 1096 1882 grauitate,
1124 1823 1230 1870 terram

77 1903 187 1955 semper
205 1893 341 1955 expetere.
378 1887 470 1939 Menti
489 1886 635 1940 Ciceronis
653 1886 760 1957 optime
780 1887 917 1959 congruit
942 1904 982 1949 ea,
1012 1904 1097 1956 quam
1115 1904 1231 1957 reprae-

77 1967 230 2023 sentamus,
249 1957 346 2013 lectio.
383 1957 423 2009 Et
440 1956 631 2012 sustineantur
649 1956 765 2028 quidem
783 1964 826 2010 est
843 1974 859 2007 a
876 1957 1002 2009 Petrens.
1032 1965 1061 2009 et
1083 1957 1231 2010 veteribus

78 2028 163 2096 editis
169 2047 176 2084 .-
195 2027 436 2098 praepositionem
455 2045 536 2093 vero,
554 2046 587 2081 re
606 2029 667 2098 ipsa
684 2028 766 2091 duce,
791 2025 957 2080 delevimus.
993 2027 1094 2082 Plures
1112 2027 1230 2097 quidem

77 2099 195 2153 Codices
213 2099 369 2152 sustineant
392 2098 422 2153 s'n
445 2114 513 2170 qua3
540 2098 616 2172 quod
635 2114 670 2152 ex
688 2099 881 2152 sustineantur
904 2113 956 2170 qua
973 2098 1060 2152 facile
1083 2098 1161 2155 nasei
1179 2115 1231 2169 po·

74 2170 142 2225 tuit.
180 2170 217 2225 D.

27 2240 35 2258 ⁸
77 2282 94 2296 ..
128 2242 245 2310 *quibus
271 2242 395 2295 cananis
417 2240 512 2296 maria
535 2239 758 2307 sustineanturs]
794 2241 863 2305 „Ita
887 2239 953 2296 cod.
972 2240 1078 2314 Regius
1103 2248 1133 2292 et
1159 2255 1230 2294 non·

76 2311 153 2363 nulli
179 2313 240 2377 alii,
265 2313 319 2364 Ed.
348 2330 412 2364 mea
434 2321 516 2364 vetus
544 2321 573 2365 et
590 2312 745 2381 pleraeque
769 2310 851 2364 aliae.
888 2313 964 2362 Vera
982 2319 1024 2363 est
1041 2311 1112 2364 haec
1130 2310 1230 2377 lectio,

76 2400 163 2451 quam
190 2383 337 2452 amplexus
362 2391 404 2435 est
425 2381 521 2435 Dav.⁴‘
548 2380 636 2435 Bouto.
660 2384 760 2445 „‚Pro
786 2383 974 2435 sustineantur
997 2381 1073 2434 male
1090 2380 1162 2434 Edd.
1182 2399 1230 2435 re·

76 2453 219 2504 cantiones
238 2451 406 2508 sustineat.“
425 2454 494 2506 Era.
530 2454 619 2517 „Alii
642 2453 778 2505 sustineat
801 2453 841 2504 sc.³
864 2459 954 2515 terra,
987 2452 1063 2520 qued
1086 2460 1231 2522 praestare
1263 2476 1274 2500 ‹

75 2522 201 2587 videtur,
226 2532 348 2593 propter
372 2525 401 2577 ia
427 2538 492 2591 qua,
517 2529 580 2576 tum
604 2523 670 2594 quia
696 2524 789 2594 aptius
813 2531 864 2588 est,
889 2524 961 2581 unde
985 2530 1073 2588 terra,
1097 2530 1124 2576 et
1142 2551 1176 2562 —
1194 2549 1229 2562 -

75 2593 224 2647 sustineat.
262 2596 329 2647 Non
347 2594 526 2647 incommode
546 2605 625 2648 terra
643 2596 733 2647 maria
751 2586 888 2648 sustineii
912 2595 1059 2647 dicuntur.
1097 2595 1170 2647 Item
1197 2594 1229 2649 s'n

76 2678 160 2734 quam
184 2665 277 2734 aptius
300 2665 404 2734 puto.“
429 2665 541 2719 Nissen.
578 2668 658 2721 Unus
677 2666 727 2719 Ox.
756 2665 832 2719 eneis
856 2682 909 2737 pro
929 2665 1071 2720 cauernis:
1097 2665 1171 2719 alius
1196 2672 1229 2719 et

74 2733 169 2788 maria
188 2753 255 2787 cum
273 2740 346 2789 Mon.
370 2742 394 2792 l.
432 2738 491 2790 Mr.
536 2776 540 2780 -
1091 2763 1092 2767 ¹
1168 2787 1173 2792 .

146 2806 240 2860 maria
258 2810 459 2862 sustineat.-
477 2806 518 2860 in
536 2807 601 2874 qua]
638 2807 682 2859 lta
700 2807 765 2860 dedi
783 2824 850 2860 cum
869 2808 916 2860 Or.
943 2814 972 2860 et
990 2807 1062 2860 Tbn.
1082 2806 1227 2868 Sustineat

74 2874 181 2928 habent
201 2877 277 2929 Edd.
304 2880 333 2930 P.
353 2878 384 2934 G.
406 2881 440 2930 V.
460 2879 492 2933 L.
518 2879 601 2932 Junt.
625 2876 688 2930 Asc.
716 2883 740 2933 l.
760 2881 785 2932 2.
809 2879 876 2931 Rob.
909 2877 1007 2948 steph.
1034 2875 1132 2934 Herw.
1159 2880 1226 2932 Fre.

74 2944 261 3016 Faenuerb.
281 2949 341 3004 Alt.
361 2949 446 3001 Leod.
467 2948 553 3003 Codd.
573 2964 643 3017 quos
665 2948 794 3000 laudavit
813 2949 904 3011 Gebh.
925 2949 1053 3017 itemque
1081 2950 1137 3001 duo
1156 2949 1226 3002 Oxx.

73 3017 160 3070 Vind.
182 3023 205 3073 1.
225 3021 259 3074 2.’
278 3016 369 3073 Rehd.
395 3024 471 3074 Mon.
492 3022 516 3073 2.
541 3019 638 3071 Duisb.
668 3019 695 3083 (a
713 3023 738 3074 l.
758 3037 812 3083 m.;
838 3037 924 3089 supra
946 3019 1007 3070 lim·
1029 3018 1124 3081 siturz)
1156 3020 1228 3074 Edu

74 3087 164 3141 Gruts
188 3089 278 3143 Gran.
305 3091 390 3143 Verb.
416 3092 492 3155 Alt.;
517 3089 548 3144 s‘n
575 3105 628 3158 qua
645 3089 751 3142 habent
769 3090 854 3145 Cedd.
873 3092 942 3164 Reg.
968 3089 1045 3158 cut.
1063 3095 1087 3146 l.
1107 3093 1133 3146 2.
1154 3090 1228 3147 aud.

73 3157 171 3213 Duisb.
193 3162 269 3212 Men.
290 3166 316 3216 1.
335 3165 361 3216 2.
381 3179 453 3213 unus
473 3162 523 3214 Ox.
562 3162 621 3216 Qua
640 3161 780 3213 dederunt
797 3161 867 3213 Dav.
888 3170 918 3214 et
937 3161 1040 3214 Olivet.
1069 3165 1229 3216 utrefera·

71 3236 125 3292 tur
150 3230 185 3283 ad
207 3249 234 3283 v.
256 3231 407 3299 grauitate.
436 3231 526 3285 Bouh.
554 3231 727 3290 coniieiebat
753 3231 881 3300 eaquae,
905 3231 994 3285 Rehd.
1012 3231 1149 3291 habet‘s‘n
1167 3250 1225 3299 quo.

70 3301 149 3355 Mira
172 3301 326 3354 Schiitzius
356 3305 450 3359 refert
472 3302 643 3354 Lambinum
673 3302 779 3356 dedisse
807 3301 929 3372 inquam.
968 3303 1056 3355 Recte
1090 3304 1227 3370 Orethus,

74 3371 233 3437 Sententia,
259 3374 366 3444 inquit,
393 3374 468 3426 mihi
492 3372 622 3425 videtur:
661 3373 827 3442 „quamdo
846 3374 906 3438 fiat,
934 3381 968 3424 ut
990 3381 1049 3425 tam
1075 3374 1228 3443 profundis

76 3443 319 3497 cavernis'terra.
339 3445 431 3497 maria
456 3445 496 3495 ita
522 3444 670 3509 sustineat,
698 3451 732 3494 ut
756 3451 917 3513 nunquam
931 3443 1092 3496 redundent
1110 3461 1227 3513 seseque

71 3511 263 3578 effundant;“
286 3516 456 3584 neutiquam
482 3531 567 3567 vero:
605 3530 704 3582 „quae
732 3515 799 3567 illae
830 3515 889 3566 sint
916 3515 1055 3566 cauernae
1084 3531 1228 3584 quemque

71 3584 231 3652 profundae
256 3586 287 3636 in
312 3587 414 3656 quibus
439 3585 530 3638 inania
554 3584 788 3639 contineantur.“
828 3584 942 3645 Firmat
967 3584 1043 3637 hano
1069 3583 1228 3640 lectionem

71 3655 143 3725 Reg.
163 3656 312 3706 cum‘aliis
331 3657 469 3709 scribens:
491 3683 524 3692 -
543 3657 708 3709 sustineant.
747 3656 881 3725 Imperiti
899 3655 1012 3708 scilicet
1029 3655 1143 3708 librarii
1167 3673 1228 3710 rnu-

58 3721 123 3774 'rs‘u
146 3738 199 3791 pro
226 3725 403 3778 nominativo
431 3745 520 3795 quum
535 3725 694 3790 haberent,
709 3752 711 3756 ·
729 3727 770 3778 ita
795 3726 944 3779 dederunt.
985 3727 1047 3779 Hoc
1073 3727 1226 3793 absurdum

73 3811 166 3862 quum
185 3801 268 3860 esset,
286 3794 351 3856 ,alii
375 3796 520 3858 fallaciter
547 3796 746 3850 emendarunt·
758 3798 957 3850 sustineantur.
993 3798 1127 3850 Idemad
1148 3815 1176 3852 v.
1196 3799 1227 3851 s'n

68 3879 144 3932 qua.-
163 3880 259 3915 sensus
278 3872 336 3916 est:
356 3868 580 3935 „quomodoque
599 3869 660 3931 fiat,
679 3876 711 3918 ut
730 3868 761 3919 in
779 3885 812 3920 ea
830 3867 931 3932 (terra)
951 3869 1046 3920 omnia
1064 3868 1156 3919 delata
1176 3885 1226 3920 sua

71 3935 214 4009 gravitate
234 3933 311 3986 cet.“
328 3935 440 3990 Habent
457 3936 644 3991 sustineantur
663 3936 748 3990 Codd.
769 3938 843 3994 Gud.
864 3942 889 3993 2.
910 3939 997 3997 Marb.
1017 3937 1091 3990 Gud.
1108 3941 1184 4012 litem
1199 3943 1224 3993 l.

73 4014 103 4057 et
126 4005 272 4075 plerique,
298 4014 332 4057 ut
356 4005 481 4071 videtur,
514 4007 583 4060 Oxx.
602 4008 675 4060 Edd.
700 4009 831 4076 reliquae
848 4017 965 4077 praeter
989 4025 1074 4072 supra
1091 4007 1226 4068 laudatas.

73 4077 197 4150 Legitur
217 4077 302 4127 etiam
322 4075 354 4129 in
372 4091 453 4144 quam
472 4077 503 4128 in
520 4077 574 4129 Ed.
593 4077 657 4129 Asc.
678 4077 703 4128 2.
733 4080 788 4130 Pro
807 4094 916 4146 semper
934 4078 1000 4132 Cod.
1019 4077 1104 4129 Vind.
1126 4082 1150 4131 1.
1177 4077 1228 4131 ha-

55 4147 122 4199 -bet
139 4161 229 4213 super.
249 4145 337 4200 Rehd.
359 4153 488 4215 expetant
507 4163 633 4215 semper3
653 4147 708 4198 duo
726 4147 795 4203 Oxx.
816 4148 891 4201 Gud.
910 4151 935 4203 2.
956 4153 1030 4202 Mon.
1048 4151 1072 4203 1.
1092 4151 1117 4203 2.
1137 4150 1198 4201 Mar

71 4223 245 4284 expectant,
271 4236 345 4270 unus
365 4217 415 4269 Ox.
436 4222 618 4288 aspectant.
639 4217 713 4269 Gud.
735 4218 846 4270 omittit
870 4215 953 4271 s'dem.
991 4218 1035 4270 Ad
1059 4236 1086 4270 v.
1115 4217 1227 4284 infimus
1320 4235 1322 4239 ¹

71 4287 103 4340 in
130 4288 248 4341 rotundo
272 4288 329 4343 MS.
357 4288 387 4339 in
410 4287 485 4345 Asc..
500 4295 597 4340 uestra
615 4289 640 4342 2.
667 4287 702 4339 ad
725 4288 754 4339 h.
774 4307 801 4340 v.
827 4288 913 4341 habet
937 4287 957 4340 i.
976 4306 999 4341 e.
1029 4296 1154 4343 centrum.
1191 4290 1227 4343 ln

73 4357 146 4410 Gud.
168 4362 192 4413 l.
221 4366 250 4410 et
275 4359 520 4485 Regssescriptum
549 4366 592 4411 est
621 4360 748 4413 rotundo.
777 4358 835 4421 ‚Ao
861 4377 924 4412 rem
950 4359 1046 4414 laudat
1072 4361 1226 4416 Kiihuerus

72 4427 176 4501 Qchsn.
194 4428 229 4481 ad
248 4427 308 4484 cic.
370 4431 430 4506 leg.
448 4448 476 4502 p.
497 4431 550 4487 250
567 4445 608 4502 sq.
630 4425 695 4496 [Ed.
716 4431 740 4485 3.
761 4446 790 4498 p.
810 4430 883 4497 stu]
919 4431 979 4486 Mr.
