2856 5084
347 277 698 344 EMENDATIONES
720 276 779 342 ΔΙ)
801 276 977 342 LIBRUM
997 276 1058 343 IV.
1223 269 1287 345 333

131 445 257 500 Numeri
275 444 383 516 optime
401 452 542 510 constant,
561 452 591 498 et
608 443 695 497 verba
712 435 780 496 su'nt
795 435 882 513 plane
901 441 1006 495 eadem.
1032 439 1088 495 Sed
1105 441 1288 496 incontentia

133 526 231 572 tamen
248 516 385 570 nonnihil
403 517 542 569 desidero.
579 515 686 580 Nimia,
704 516 754 580 ait,
773 513 888 568 laetitia
905 520 948 566 ert
966 528 1089 565 sammua
1106 530 1197 567 error.
1220 515 1289 567 Non

131 604 254 664 agnosco
272 588 426 662 argutiam,
445 603 502 640 non
520 594 620 656 aptum
638 585 808 639 antitheton.
846 584 990 653 Equidem
1007 592 1067 636 tam
1085 585 1158 654 apud
1173 585 1289 639 Cicero*

131 677 209 727 nem,
228 676 314 730 quam
332 659 408 728 apud
425 658 565 711 Trabeam
582 657 624 710 sic
643 656 715 710 olim
739 656 866 709 extitisse
885 655 1022 724 suspicor,
1050 672 1058 688 ³

298 730 361 798 Ego
390 730 555 798 uoluptatem
579 726 669 783 animi
695 726 813 780 nimiam
842 742 976 780 mmmum
1004 740 1064 780 esse
1091 723 1288 793 Aegrorem

420 826 422 832 ·
450 800 583 853 arbitror.

130 873 177 926 lta
194 871 253 926 erit
270 871 469 942 pulcherrima
489 878 517 923 et
535 871 717 943 argutissima
734 870 885 939 oppositio.
912 867 1010 922 Nimia
1029 866 1141 922 laetitia
1155 873 1197 922 est
1214 882 1289 921 rum·
1356 923 1358 927 ,

131 959 179 997 ma
197 943 363 1011 aegritudoe
388 942 484 1011 quales
502 942 565 994 fere
584 948 743 994 occurrunt
765 942 797 992 in
816 941 911 993 illimis
929 940 1024 994 Publii
1042 939 1121 1009 Syri.

297 1012 439 1066 Haeredis
456 1014 541 1065 fletus
559 1012 608 1065 aab
627 1027 748 1079 persona
770 1012 844 1063 risus
868 1017 916 1065 eat.

297 1085 464 1150 Beneficium
482 1082 573 1137 dando
591 1083 712 1152 accepit,
739 1081 789 1151 qui
812 1080 899 1149 digno
918 1081 1005 1135 dedit.

300 1155 428 1220 Mentor,
447 1159 552 1224 quanto
570 1153 601 1206 in
619 1161 680 1206 arte
697 1158 739 1207 ert
758 1152 872 1218 melior,
896 1159 973 1206 tanto
991 1160 1032 1208 est
1049 1152 1182 1223 nequior.

133 1228 272 1283 Ceterum
295 1242 403 1294 aegror
424 1242 477 1296 pro
505 1225 656 1292 aegritudo¹
674 1224 828 1294 aliquoties
852 1232 942 1277 exstat
964 1224 1039 1294 apud
1057 1225 1234 1290 Lucretium,
1259 1231 1289 1278 et

132 1299 259 1353 Trabeae
278 1297 364 1352 aetati
391 1297 521 1366 apprime
547 1296 691 1350 convenit.
1003 1318 1008 1327 ·

208 1369 275 1440 Cap.
297 1371 338 1425 17.
377 1368 450 1423 Quid
471 1368 544 1425 enim
566 1365 695 1420 videatur
721 1367 748 1420 ei
767 1381 902 1435 magnum
924 1368 955 1421 in
977 1367 1060 1420 rebus
1082 1363 1218 1431 humanis,
1243 1363 1291 1419 cai

135 1444 291 1496 aeternitas
310 1439 397 1493 omnia
414 1437 551 1507 totiusque
575 1438 672 1491 mandi
689 1443 754 1491 nota
772 1438 811 1490 rit
833 1437 1024 1506 magnitudo?
1058 1438 1132 1490 Nam
1151 1435 1222 1507 quid
1238 1441 1289 1490 aut

134 1510 240 1564 studiis
264 1509 389 1564 burnonis
412 1517 460 1564 aut
485 1512 516 1563 in
541 1515 597 1561 tam
621 1509 726 1576 exigua
754 1510 828 1564 vitae
851 1509 988 1562 brevitate
1009 1523 1138 1576 magnam
1162 1505 1290 1576 sapienti

81 1589 87 1595 '
132 1581 230 1635 uideri
245 1588 342 1648 potest,
363 1580 425 1646 eta]
462 1580 493 1633 si
512 1580 635 1633 attendis
653 1579 844 1633 adorationis
863 1581 976 1647 seriem,
994 1579 1103 1632 videbis
1121 1578 1290 1632 illudnam

133 1669 343 1723 supervacuum
362 1669 430 1715 esse,
450 1659 479 1703 et
496 1653 606 1703 frustra
623 1651 765 1720 impedire
783 1653 963 1705 sententiam.
1000 1652 1079 1724 Lege
1106 1649 1167 1704 sine
1194 1649 1290 1715 dubio,

132 1722 310 1794 Numquid
334 1725 432 1777 autin
449 1720 554 1775 studiis
570 1719 701 1774 humanis
720 1730 774 1774 etc.

206 1795 273 1864 Cap.
295 1799 337 1850 19.
376 1792 431 1845 cat
449 1809 504 1846 non
522 1799 584 1845 aunt
601 1793 714 1847 auditae
732 1790 926 1847 Demosthenis
949 1790 1092 1860 uigiliae?
1122 1789 1170 1874 qui
1192 1789 1290 1845 dolere

107 1901 109 1904 ψ
137 1881 166 1917 se
185 1864 286 1928 aiebat,
304 1863 333 1916 ai
351 1864 459 1932 quando
478 1865 604 1931 opiticum
622 1864 787 1917 antelucana
805 1866 895 1918 viatus
913 1870 986 1917 esset
1005 1862 1172 1928 industria]
1197 1862 1291 1929 Quan-

137 1935 207 1987 tivis
224 1935 315 2004 pretii
334 1942 375 1986 est
393 1933 482 1986 lectio
500 1934 545 1985 tui
564 1933 679 1998 codicis,
707 1933 839 1987 Dolore
862 1950 899 1988 ae
923 1934 1091 2000 angebat,
1120 1949 1191 2002 quae
1209 1941 1291 1985 tanta

135 2003 255 2127 rulqata
282 2013 324 2057 est
350 2004 465 2071 melior,
485 2012 591 2074 quanto
615 2004 707 2076 maius
734 2013 777 2064 est
800 2023 833 2058 re
857 2006 918 2075 ipsa
937 2005 1046 2068 dolere,
1066 2020 1156 2073 quam
1174 2003 1204 2056 id
1221 2018 1293 2074 prae

135 2093 165 2129 se
203 2092 276 2128 erre.
886 2100 895 2127 s

208 2146 275 2215 cap.
294 2148 338 2201 2⁰.
375 2145 448 2200 Nam
466 2163 528 2202 cum
545 2147 701 2200 dissolutus
717 2145 803 2214 fitius,
822 2145 886 2198 Heu
904 2161 950 2197 me
968 2144 1122 2198 miserum!
1141 2150 1198 2199 tam
1214 2161 1292 2199 seae-

134 2232 187 2271 rua
202 2223 297 2287 pater,
316 2217 476 2271 Dummodo
495 2218 589 2270 doleat
607 2217 727 2287 aliquid,
747 2217 842 2281 doleat
854 2216 931 2286 quod
947 2215 1055 2282 habet]
1083 2217 1161 2270 Haec
1175 2215 1291 2271 Afranii

133 2288 222 2342 verba
239 2305 330 2340 unum
347 2288 541 2342 'Procbaicum
559 2290 748 2354 constituunt,
767 2296 796 2341 at
814 2289 855 2340 sic
873 2286 986 2356 disponi
1005 2287 1124 2340 debente

301 2359 333 2412 F.
360 2359 420 2412 Heu
442 2376 486 2412 me
512 2359 659 2412 miserum!
694 2357 724 2413 P.
752 2357 907 2412 Dummodo
932 2358 1023 2412 doleat
1047 2356 1165 2427 aliquid,
1196 2356 1292 2413 doleat

474 2431 529 2483 uod
546 2430 626 2483 labet.
875 2428 876 2431 ’

142 2562 144 2567 ,
206 2500 273 2572 Gap.
294 2503 337 2556 21.
376 2448 512 2556 Quidqegs
531 2499 726 2569 igitur,'qnod
743 2506 870 2554 occurrat
888 2501 920 2558 in
937 2497 989 2554 baa
1007 2501 1175 2570 quaestione,
1202 2494 1309 2570 equa¹
1338 2498 1342 2503 ’

97 2574 99 2578 ’
134 2572 224 2642 poerit
243 2570 349 2638 attingi
372 2570 481 2639 aliquid
503 2572 564 2624 aeri
585 2571 714 2638 similet]
752 2573 853 2640 Inepta
870 2572 959 2624 lectio
979 2580 1030 2637 est,
1050 2586 1065 2624 e
1082 2587 1150 2640 qua:
1180 2570 1289 2644 quippe

133 2642 289 2696 dicendum
306 2643 408 2708 fuerit,
428 2659 442 2695 e
460 2658 521 2712 quo,
540 2650 573 2694 ut
590 2645 736 2695 referatur
753 2643 788 2695 ad
807 2641 890 2697 Quid.
924 2642 980 2696 Sed
996 2643 1058 2695 sine
1071 2642 1155 2696 dubio
1173 2642 1298 2714 scripsit

135 2713 249 2779 Cicero,
268 2716 298 2769 in
316 2712 368 2766 bac
386 2712 550 2783 quaestione,
576 2731 631 2782 qua
647 2712 737 2781 possit
757 2713 874 2782 attingi.

206 2784 278 2841 lbid.
317 2783 392 2840 Quid
414 2785 452 2837 ad
475 2781 527 2836 bos
552 2783 726 2850 definitiones
743 2787 849 2853 possim
874 2784 1006 2851 diceret]
1042 2786 1109 2837 Non
1128 2793 1190 2838 erat
1207 2784 1290 2839 Cice·
1377 2840 1379 2848 ,

134 2856 216 2914 tonis
235 2872 251 2908 o
273 2872 401 2929 pugnare
420 2855 611 2920 definitiones,
631 2872 700 2923 quas
719 2855 780 2924 ipse
798 2856 935 2907 attulerat
953 2864 982 2908 et
1000 2855 1178 2925 probaverat.
1210 2857 1291 2929 Lege

133 2942 216 3001 ergo,
241 2873 393 2978 inerint
412 2924 517 2989 dicere,
542 2924 598 2979 hoc
618 2933 669 2990 est,
688 2925 882 2994 Peripatetici,
907 2927 957 2996 qui
977 2944 1042 2979 eum
1061 2925 1165 2980 Stoicis
1183 2925 1217 2979 de
1235 2925 1291 2979 han

131 3014 166 3050 re
186 2996 391 3066 disceptabant.
428 2995 469 3049 De
488 2996 535 3049 his
553 2997 651 3065 paullo
670 3003 736 3047 ante
754 3005 797 3047 est
813 2996 935 3049 locutus.
1269 2992 1273 2997 ’

207 3067 279 3120 lbid.
319 3067 519 3137 Colloquuntur
537 3064 731 3140 (gladiatores)
748 3068 975 3134 congrediuntur,
996 3074 1157 3136 queruntur,
1180 3066 1290 3138 aliquid

133 3139 293 3209 postulant,
318 3144 349 3190 ut
366 3138 459 3204 magia
481 3138 596 3206 placati,
624 3151 707 3206 quam
729 3136 807 3192 irati
824 3154 882 3191 esse
907 3137 1077 3205 uideantur]
1112 3141 1185 3192 Non
1196 3140 1293 3204 video,

136 3209 276 3278 quomodo
302 3209 415 3277 aliquid
437 3209 578 3276 postulare
608 3209 647 3259 sit
672 3207 787 3281 signum
817 3209 906 3260 animi
935 3210 1108 3279 placatioris.
1144 3209 1195 3263 ·Tu
1222 3227 1292 3264 vero

135 3280 261 3333 fidenter
288 3297 406 3349 repone,
441 3282 601 3336 Queruntur
632 3279 750 3348 aliquid,
783 3280 1037 3347 Expostulant.
1080 3278 1167 3334 Nihil
1198 3282 1292 3351 aptius

135 3352 279 3404 veriusve.
316 3352 390 3408 Nam
410 3352 461 3420 qui
479 3351 607 3403 acerbius
626 3349 849 3412 stomachantur,
868 3357 896 3402 et
915 3351 959 3404 ira
978 3351 1194 3416 excandescunt,
1214 3353 1294 3405 dedi·

136 3429 265 3497 guantur
292 3423 482 3491 expostulare.
523 3421 571 3474 Sic
598 3435 699 3490 queror
721 3426 748 3472 et
773 3421 924 3488 expostulo,
953 3438 1019 3474 cum
1045 3422 1115 3473 alibi
1141 3423 1217 3490 apud
1234 3423 1294 3476 No·

83 3526 93 3543 .
136 3501 230 3546 strum
249 3493 299 3544 iun
321 3491 420 3558 untur,
439 3501 503 3544 tum
521 3493 552 3543 in
569 3492 615 3545 his
633 3490 718 3542 Tusc.
737 3492 771 3555 V,
792 3495 817 3546 5.
860 3491 986 3546 Virtutes
1004 3499 1096 3545 autem
1113 3492 1173 3545 noli
1190 3495 1291 3561 omem,

137 3579 172 3617 ne
191 3510 374 3632 exposttfient
392 3573 420 3616 et
440 3571 600 3632 querantur
618 3578 648 3614 re
665 3576 683 3612 a
702 3561 784 3614 beata
801 3560 863 3614 aito
882 3579 941 3616 erse
958 3565 1082 3617 relictas.

196 3633 283 3686 lbid..
306 3633 440 3687 Occidam
458 3634 540 3687 iilum
558 3630 686 3702 equidem
704 3637 731 3685 et
749 3631 870 3697 vincam,
890 3634 918 3686 ei
936 3633 969 3686 id
987 3633 1137 3703 quaeritis,
1156 3632 1256 3706 inquit.

287 3704 410 3758 ‘Verum
427 3704 498 3757 illud
516 3705 599 3757 credo
617 3705 687 3768 fore,
710 3702 741 3756 in
760 3717 792 3755 os
808 3704 892 3772 priua
909 3704 1047 3772 accipiam
1065 3709 1135 3773 ipre,

252 3801 256 3811 ·
304 3774 392 3828 Quam
410 3774 540 3840 gladium
557 3776 588 3829 in
605 3769 753 3837 stomacho,
772 3791 849 3839 sura,
874 3791 907 3828 ac
923 3775 1086 3844 pulmonibu'
1105 3776 1186 3833 sisto.

305 3843 362 3897 Odi
380 3842 521 3910 bominem,
547 3847 640 3900 iratur
656 3861 761 3915 pugno,
781 3843 843 3909 eto]

133 3915 337 4001 Digladiantur
355 3914 405 3967 hic
424 3917 597 3985 interpretes
615 3917 650 3968 de
674 3916 801 3984 lectione
820 3916 872 3967 illa
890 3914 972 3980 Sura,
1004 3933 1064 3969 non
1086 3916 1182 3969 minus
1207 3935 1294 3988 quam

134 3989 191 4058 ipsi
210 3986 385 4062 gladiatores
403 3985 576 4039 Aeserninus
596 3995 625 4039 et
642 3984 834 4041 Pacideianus.
861 3984 943 4049 Sane,
962 4002 1028 4037 cum
1048 3987 1079 4038 in
1097 3987 1172 4041 Sura
1188 3988 1294 4053 vulnus

135 4059 258 4110 minime
277 4057 365 4110 letale
383 4057 427 4121 fit,
448 4057 554 4108 merito
572 4057 605 4110 ab
624 4055 754 4108 omnibus
771 4053 827 4107 hoe
845 4055 1023 4124 repudiatur.
1061 4056 1212 4128 Turnebus
1230 4058 1295 4111 sub·
1361 4120 1367 4126 ι

135 4130 233 4182 stituit
256 4129 328 4194 fibra
352 4128 401 4180 vel
426 4127 506 4190 lara3
536 4144 629 4196 neque
652 4126 800 4195 plausores
824 4126 948 4180 invenit.
986 4125 1085 4179 Douza
1131 4137 1194 4181 ater
1219 4129 1294 4184 Hira

137 4199 295 4265 substituit,
327 4208 360 4251 ut
385 4206 415 4250 et
440 4198 503 4266 ipse
528 4197 561 4250 in
579 4197 717 4250 Plautinis
739 4205 889 4261 memorat,
921 4205 950 4248 et
973 4197 1051 4248 filius
1069 4199 1100 4249 in
1110 4147 1293 4254 1laucilianis:

136 4271 214 4341 quod
232 4270 365 4325 adsciscit
389 4278 475 4338 atque
500 4267 567 4320 adeo
593 4284 647 4337 pro
670 4282 720 4320 suo
745 4266 876 4319 venditat
895 4267 1010 4335 quidam
1028 4269 1229 4322 maledicentia
1246 4289 1295 4324 sua

138 4349 234 4406 notus,
266 4341 314 4392 cui
333 4341 358 4393 si
377 4358 425 4392 sua
452 4339 507 4391 sibi
525 4338 656 4392 convicia
680 4354 816 4413 regerere
842 4337 993 4407 quisquam
1010 4338 1110 4406 vellet,
1135 4342 1214 4407 faria
1234 4341 1295 4395 eius

138 4410 287 4468 teterrima
310 4428 343 4466 ac
366 4409 519 4480 foeditatet
537 4417 572 4480 et
597 4407 647 4464 bic
673 4414 703 4464 et
720 4407 789 4464 alibi
807 4425 929 4484 arguere
951 4416 1058 4481 posset:
1093 4428 1167 4482 quac
1189 4412 1295 4484 probra
