2856 5084
529 256 659 319 LIBER
677 256 722 336 V,
750 256 782 322 9.
947 262 951 269 '
977 250 984 307 s
1182 260 1223 324 61

64 424 144 506 pari
164 431 205 498 te,
225 423 346 508 inquit,
367 423 516 504 fortean,
528 434 635 507 atque
655 425 735 504 cepi,
756 441 921 503 amnmqoe
941 422 1049 488 aditos
1079 432 1153 488 tras
1171 426 1223 490 in-

67 507 210 585 terclusi,
231 517 269 570 ot
291 508 335 569 ad
354 527 401 570 me
421 509 676 588 adspirarenon
694 527 816 588 posses.
851 507 1033 580 Praeclare,
1054 510 1085 570 si
1104 508 1221 575 Aristo

67 589 182 670 Chius,
215 599 274 652 ant
292 593 324 652 si
344 590 477 653 Stoicus
500 591 595 654 Zeno
622 590 769 654 diceret:
804 590 881 673 quis
902 590 970 649 nisi
1002 590 1096 671 qnod
1119 584 1222 678 tnrpe‘
1303 626 1307 647 2

65 681 166 751 esset,
187 673 274 735 nihil
294 675 417 736 malum
439 674 588 736 duceret.
633 674 688 736 Tu
702 693 795 750 vero,
817 671 1037 750 Metrodore,
1056 675 1221 756 quiomna
1272 702 1277 709 ·

64 757 189 819 bonum
211 759 246 818 in
274 759 458 820 visceribus
487 756 711 838 medullisque
743 755 945 832 condideris,
977 763 1011 817 ct
1040 754 1221 833 definieris,

64 849 230 902 summum
251 840 374 902 bonnm
395 842 495 902 firma
516 842 670 922 corporis
702 841 876 901 affcctione
904 839 1143 921 explorataque
1163 860 1222 924 spe

65 926 245 1002 contineri,
278 927 436 985 fortunae
470 921 581 984 aditus
614 919 850 984 interclusistii
892 922 966 986 Quo
998 919 1117 984 modol
1152 921 1221 987 Isto

63 1116 161 1161 tamen
178 1109 249 1161 libri
267 1109 353 1160 unius
371 1124 430 1160 non
449 1108 562 1179 optimi,
582 1108 630 1161 sed
647 1108 679 1159 in
696 1124 751 1177 qua
769 1107 897 1177 plurima
915 1108 1014 1160 insunt
1031 1109 1221 1172 correctionis

63 1181 137 1234 vesti
160 1181 198 1246 ia,
219 1179 391 1232 auctoritate
401 1180 555 1253 'vulgatam
572 1187 695 1235 mutare.
732 1178 792 1232 Mr.

136 1199 298 1315 Srnealare,
318 1251 346 1303 si
363 1249 461 1304 Aristo
480 1249 574 1315 (illins,
600 1259 649 1303 ant
667 1250 695 1303 ss'
713 1277 746 1287 —
764 1249 859 1316 Zeno]
885 1250 953 1304 ced.
972 1251 1060 1304 Μηνὶ).
1088 1253 1116 1307 si
1132 1251 1223 1309 Ars·-

67 1319 242 1374 staretos
261 1328 320 1387 aar,
348 1321 421 1394 Aug.
441 1323 470 1375 si
486 1323 518 1375 id
534 1319 767 1375 Aristocltios
786 1327 844 1387 ant,
874 1322 948 1378 Gud
968 1325 993 1378 2.
1017 1323 1045 1375 si
1062 1323 1221 1378 aristoc-

66 1390 146 1460 cltr'9
169 1399 229 1456 ant,
249 1392 332 1444 Vind.
354 1397 377 1447 l.
396 1398 422 1449 2.
450 1394 603 1446 Aristan
630 1392 725 1459 ottus,
755 1394 901 1462 posterior
927 1394 1013 1446 etiam
1038 1411 1104 1453 curn
1122 1395 1218 1448 Duisb.

66 1463 141 1516 Gud.
162 1468 185 1518 l.
206 1467 232 1518 2.
253 1461 359 1516 Zenon.
387 1465 422 1516 de
447 1482 503 1534 qua
526 1465 698 1517 nominativi
725 1465 818 1516 forma
841 1464 936 1515 minus
955 1465 1144 1518 Ciceroniana
1160 1467 1219 1520 vid.

64 1532 237 1587 Schneideri
255 1533 305 1585 Gr.
326 1536 387 1590 Lat.
408 1536 445 1591 11.
465 1534 611 1591 Formenl.
632 1536 655 1587 l.
675 1552 702 1604 p.
724 1537 784 1590 276.
821 1536 886 1587 Post
904 1535 932 1587 εἰ
950 1536 1065 1589 additur
1082 1538 1221 1592 raetiam

61 1605 94 1656 in
112 1604 190 1659 Edu·
204 1605 236 1655 A.
255 1604 285 1658 B.
306 1605 335 1658 S.
355 1606 390 1657 E.
412 1607 442 1659 C.
462 1608 532 1662 Veri.
552 1614 642 1659 nostr.
662 1606 726 1658 Asc.
747 1612 771 1660 1.
792 1607 818 1659 2.
836 1607 917 1659 Junt.
938 1606 980 1670 (in
997 1607 1052 1658 bac
1071 1610 1157 1660 etiam
1177 1617 1221 1666 est

60 1672 254 1742 Aristoeln‘ns)
273 1676 396 1731 HWolf.
426 1677 482 1730 Sed
498 1677 598 1747 paullo
616 1677 748 1748 superius
768 1677 856 1729 etiam
875 1677 936 1728 sine
955 1677 1117 1750 idlegitur
1135 1678 1158 1744 b.
1169 1682 1218 1736 26:

60 1747 89 1800 ss'
106 1747 237 1801 Socrates
256 1753 303 1799 art
320 1746 507 1801 Antisthenes
532 1749 648 1804 diceret.
686 1747 821 1801 Alterum
847 1749 875 1801 si
898 1748 1007 1802 omittit
1032 1749 1100 1803 (ind.
1119 1750 1219 1804 Duisb.

60 1835 127 1872 cum
148 1817 235 1871 Marb.
261 1819 326 1871 ch'.
352 1819 441 1872 Rehd.
457 1836 524 1889 pro
549 1819 627 1872 Zeno
651 1819 738 1871 habet
762 1819 876 1871 Heman.
921 1819 963 1871 De
987 1818 1122 1873 Aristone
1147 1821 1220 1876 Chio

60 1890 132 1954 vid,
152 1907 188 1941 ne
206 1889 309 1964 longus
328 1890 392 1955 sim,
413 1891 544 1944 Schiitzii
564 1892 632 1943 Lex.
653 1891 713 1945 Cic.
733 1890 767 1941 Τ.
785 1889 807 1940 l.
829 1907 857 1959 p.
876 1892 919 1945 41.
941 1891 989 1941 cui
1008 1891 1069 1947 add.
1091 1892 1221 1945 doctissi-

61 1979 142 2013 mum
166 1961 193 2013 J.
222 1961 252 2012 Β.
280 1962 432 2030 Carpzovii
455 1962 573 2026 librum,
602 1963 653 2030 qui
680 1961 862 2013 inscribitur:
898 1961 1062 2015 Paradoxon
1089 1963 1220 2016 stoicum

62 2032 207 2085 Aristonis
226 2031 293 2084 Chii
312 2040 366 2085 etc.
387 2033 475 2103 (Lips.
497 2035 573 2088 1742.
594 2033 632 2098 8.)
651 2050 681 2101 p,
703 2034 870 2088 les-326.
907 2033 968 2087 Mr.
1027 2080 1030 2084 ,

28 2112 33 2121 “
133 2102 182 2173 qui
200 2130 233 2140 -
251 2101 324 2157 ertit
339 2104 443 2157 malma
457 2101 592 2168 'doceret]
632 2104 710 2170 „aas
736 2105 865 2156 refertur
886 2103 921 2156 ad
944 2110 1099 2175 utrumqne
1122 2105 1220 2175 philo-

61 2175 198 2245 sophum:
233 2191 321 2243 quare
346 2175 374 2228 le
398 2175 502 2228 endum
520 2173 684 2229 decerent.“
708 2173 798 2228 Bauli.
837 2176 904 2228 Non
927 2176 1015 2228 male:
1049 2175 1098 2231 sad
1120 2177 1221 2229 nullus

60 2247 181 2300 assentit
198 2245 287 2299 liber:
321 2254 351 2299 et
374 2193 449 2299 Serri
471 2254 566 2317 potest
582 2247 708 2319 vulgata.
731 2246 798 2299 cod.
819 2245 917 2298 Duisb.
935 2244 1023 2298 habet
1047 2246 1105 2300 nisi
1123 2248 1218 2316 qnid.

58 2319 184 2393 Legitur
208 2318 313 2369 malurn
340 2317 478 2370 diceret
504 2317 536 2368 in
562 2317 648 2372 Codd.
675 2317 749 2369 Gud.
776 2316 865 2372 Rchd.
893 2316 990 2369 Duisb.
1014 2317 1121 2370 duobus
1146 2319 1216 2372 Oxx.

61 2389 152 2454 Quod,
179 2387 204 2439 si
221 2405 276 2458 per
300 2404 329 2439 se
348 2388 602 2458 spectes,-placere
624 2387 729 2458 possit:
764 2387 813 2440 sed
835 2406 901 2440 cum
923 2387 1007 2441 modo
1030 2391 1219 2458 praecesserit

62 2461 179 2522 diceret,
199 2458 267 2511 sine·
280 2458 364 2512 dubia
384 2457 487 2512 Cicero
512 2459 630 2528 scripsit
648 2460 770 2512 duceret·
807 2459 965 2513 Metrodori
984 2477 1056 2528 quae
1074 2461 1217 2530 sequitur,

59 2530 233 2585 sententiam
250 2529 336 2584 habas
354 2529 452 2600 pa‘ullo
470 2529 558 2590 aliter
577 2539 739 2602 'expressam
756 2530 791 2583 de
810 2531 895 2584 Finn.
909 2532 947 2584 11.
967 2534 1011 2587 28·
1030 2534 1073 2587 92.
1095 2531 1148 2585 Off.
1157 2533 1219 2590 111.

57 2607 103 2661 33.
123 2601 192 2670 ibiq.
218 2603 313 2654 Pearc.
341 2611 371 2655 et
395 2620 479 2671 supra
497 2602 536 2654 11.
554 2605 580 2658 6.
606 2610 679 2656 extr.
701 2629 735 2638 -
770 2604 836 2655 lllox
861 2602 929 2656 Cod.
952 2602 1042 2656 Rehd.
1071 2603 1220 2670 medullis,

61 2675 166 2729 omisso
186 2683 251 2742 que.
282 2673 327 2725 Ad
344 2673 521 2726 locutionem
539 2675 577 2726 cf.
596 2674 654 2729 Cic.
674 2673 801 2743 Philipp.
819 2672 843 2730 1.
866 2677 907 2729 15.
928 2676 975 2730 36:
994 2674 1026 2727 s'n
1043 2675 1217 2730 medullis-

61 2763 95 2801 ac
112 2743 266 2798 visceribus
283 2741 442 2798 haerebant.
457 2772 490 2780 -
526 2743 589 2797 Duo
608 2746 678 2797 Oxx.
698 2744 804 2797 habent
822 2760 930 2799 summa
947 2761 1001 2815 pro
1018 2747 1110 2811 firma.
1131 2746 1218 2801 Codri.

59 2819 130 2892 Reg.
151 2815 225 2868 Gud.
247 2820 270 2870 1.
291 2816 317 2868 2.
337 2815 425 2871 illarb.
445 2816 559 2883 corpori
576 2833 629 2885 pro
648 2815 785 2884 corporis.
821 2817 882 2872 Mr.
1239 2826 1243 2836 ·

133 2889 334 2954 explorataque
358 2886 422 2956 spe]
459 2888 652 2961 „Legendum
679 2889 799 2939 sortasse
826 2887 1026 2955 explorataque
1044 2887 1122 2941 eiua
1139 2887 1218 2956 spe.“

61 2958 188 3013 Lamban.
225 2957 374 3010 Nimirum
402 2975 437 3010 ex
461 2959 520 3014 Cic.
546 2959 580 3011 de
608 2958 661 3011 Off.
682 2957 733 3009 111.
761 2962 808 3013 33:
843 2959 871 3011 ai
890 2986 923 2996 —
941 2959 999 3011 aito
1023 2962 1114 3013 carnia
1136 2960 1218 3013 beata

60 3031 188 3099 carparis
205 3031 286 3094 firma
304 3028 500 3083 constitutione
519 3030 666 3096 eiusque
685 3029 895 3082 constitutionis
920 3045 980 3098 spe
996 3031 1216 3099 ‚explorem

57 3109 90 3156 ot
108 3119 126 3154 a
144 3102 311 3154 Metrodoro
329 3101 466 3168 scriptum
485 3108 537 3170 est,
556 3100 724 3154 continetur.
751 3101 815 3167 Sed,
836 3102 965 3170 quamvis
978 3101 1125 3155 commoda
1144 3111 1217 3156 esset

56 3172 110 3226 illa
126 3189 193 3238 vox,
218 3172 293 3224 ferri
320 3179 416 3224 tamen
432 3181 534 3242 ¹potest
559 3173 620 3224 eius
647 3171 770 3225 omissio.
810 3173 977 3224 Locutionis
1004 3174 1148 3242 explorata
1167 3190 1217 3243 spe

57 3244 189 3315 exempla
208 3243 329 3318 collegit
346 3243 498 3296 Ruhnken.
520 3242 554 3296 ad
571 3244 661 3296 Rutil.
682 3244 753 3312 Lup.
772 3261 801 3313 p.
822 3247 866 3300 36.
886 3261 940 3296 nec
957 3245 1050 3297 nostri
1068 3245 1126 3296 laci
1144 3243 1217 3297 abli-

56 3325 112 3370 tus.
149 3317 231 3369 Unus
249 3316 299 3370 Ox.
320 3323 349 3366 et
365 3315 419 3367 Ed.
441 3315 467 3368 S.
489 3315 710 3384 amittuntque,
730 3310 797 3369 (iod.
818 3317 891 3377 ltlon.
913 3320 937 3370 l.
963 3314 1050 3368 habet
1072 3331 1137 3383 sepe
1160 3331 1216 3398 pro

56 3404 112 3456 spe.
150 3388 230 3441 Unus
249 3387 298 3440 Ox.
318 3385 405 3439 habet
423 3385 566 3440 inclusisti
583 3404 637 3455 pro
656 3384 848 3440 interclusisti.
868 3386 953 3439 Vind.
973 3389 998 3443 2.
1020 3385 1214 3452 introduxisti,
1271 3410 1274 3414 2

57 3459 106 3512 sed
124 3457 401 3533 inmergentiter:
423 3457 618 3512 interclusisti.
648 3457 715 3527 ιΜν.

128 3547 335 3615 Explorateque
361 3547 425 3614 spe]
458 3547 491 3599 D.
514 3547 668 3601 Lambinus
694 3546 850 3622 legendum
874 3519 981 3612 denset,
1013 3547 1215 3617 explorataque

57 3620 120 3673 eius
136 3635 192 3687 spe.
211 3618 295 3679 Sed,
320 3618 403 3670 libris
427 3618 537 3685 invitis,
563 3634 724 3689 pronomen
747 3618 844 3690 facile,
862 3617 1139 3692 subintelligendum
1157 3635 1215 3673 non

57 3690 239 3743 immiserim.
276 3689 318 3740 De
335 3688 392 3741 hoc
410 3689 495 3743 effato
514 3698 557 3743 sat
574 3690 666 3742 multa
684 3690 759 3743 colle
781 3691 854 3742 imus
873 3689 908 3741 ad
924 3690 981 3741 lib.
994 3690 1031 3742 11.
1052 3691 1087 3745 6.
1114 3690 1151 3743 D.

129 3763 192 3816 Isto
210 3759 374 3813 enimsom
391 3760 452 3812 iam
470 3761 624 3831 exspoliari
641 3761 734 3830 pates]
753 3709 822 3836 lieg.
843 3761 989 3815 Pithoean.
1009 3762 1083 3815 Med.
1103 3769 1133 3813 et
1148 3760 1215 3817 Bal-

57 3833 122 3887 liol.
141 3833 197 3886 s'sto
216 3832 294 3884 enim
319 3830 402 3893 (llled.
421 3838 488 3897 tam,
505 3833 618 3886 Balliol.
646 3830 718 3895 eam)
746 3835 824 3887 bano.
840 3832 899 3884 s'om
922 3832 1083 3900 exspoliare
1109 3837 1218 3898 potest·

54 3906 98 3960 Ut
115 3904 271 3980 legendum
290 3901 423 3954 videatur
440 3903 496 3957 isto
514 3914 544 3958 tc
563 3922 595 3958 aa
612 3904 680 3956 dano
700 3903 759 3956 iam
778 3903 933 3972 exspoliare
948 3906 1047 3970 potest.
1086 3900 1122 3953 D.

129 3995 187 4050 Qno
205 3993 307 4045 mado?
326 3991 384 4044 Isto
402 3991 474 4044 enim
492 3993 560 4047 bana
579 3992 639 4046 iarn
658 3992 814 4061 exspoliari
829 3991 936 4059 pates]
973 3987 1083 4055 „Valde
1099 3987 1214 4039 variant

53 4065 135 4121 libri.
172 4065 278 4141 Regius
294 4072 328 4133 ,et
345 4063 507 4130 unusLei'd.
527 4063 693 4134 exspoliare.
724 4062 807 4114 Alius
825 4063 904 4115 Leid.
925 4070 976 4131 qua
995 4060 1047 4115 ista
1066 4059 1126 4111 ianr
1143 4059 1212 4112 bona

54 4135 225 4205 exspatiari·
240 4142 325 4205 pates,
359 4136 410 4188 Ed.
440 4153 503 4188 inea
527 4132 608 4186 vetus
636 4134 770 4202 quamodo
797 4133 871 4186 enim
890 4133 945 4185 ista
964 4132 1034 4184 dano
1053 4146 1087 4183 er
1122 4129 1213 4183 aliare

52 4215 142 4278 pates.
179 4207 250 4262 lnde
269 4214 352 4261 etex
369 4207 434 4260 aliis
451 4206 638 4259 varietatibus
656 4205 800 4267 lectionis,
819 4221 887 4272 quas
906 4201 991 4255 affert
1008 4201 1077 4254 Dav.
1121 4202 1214 4256 icero-

54 4297 128 4334 nem
143 4279 293 4348 scripsisse
312 4270 448 4333 coniicio:
469 4293 567 4349 'qnae
590 4276 670 4329 moda
696 4275 755 4327 ista
778 4281 810 4327 le
835 4274 904 4343 bana
921 4267 978 4326 iam
1002 4273 1213 4342 exspoliare

52 4356 182 4420 potest.
204 4379 237 4389 -
274 4352 362 4405 Mada
381 4353 440 4405 iam
458 4358 501 4402 est
519 4351 537 4404 i.
559 4368 586 4420 q.
607 4363 676 4402 nnnc
694 4343 785 4399 iam.“
804 4343 893 4399 Boni.
931 4346 985 4399 Pro
1004 4345 1076 4400 enirn
1095 4350 1213 4417 satians

54 4425 89 4477 in
107 4423 200 4476 tribus
220 4421 307 4476 codd.
328 4423 398 4479 Oxx.
417 4424 492 4475 lllon.
512 4424 537 4478 2.
577 4423 611 4474 In
629 4420 703 4474 Mon.
718 4424 742 4474 l.
763 4418 875 4492 legitur
891 4416 945 4472 ista
965 4417 1039 4472 eninr
1057 4422 1127 4470 tens
1144 4418 1213 4472 bono
