2856 5084
356 275 708 345 umuosrtcms
728 276 789 344 so
809 272 982 358 masan
1002 273 1063 341 Ν.
1230 249 1293 348 ssi

90 489 92 493 .
141 439 208 509 etc]
243 440 384 513 Quicquid
400 441 451 497 bic
468 442 579 520 garriat
587 440 763 508 Gebhardus,
781 439 895 520 liquido
913 438 1204 516 apparetplegendum
1221 456 1292 508 asse,

139 519 177 567 ut
194 513 268 568 enim
285 513 413 585 eorporis
430 541 464 553 -
482 514 526 569 sic
543 512 640 568 animi.
677 513 754 567 Nolo
771 513 826 566 tibi
843 521 904 567 tam
920 513 1029 568 servile
1053 529 1113 567 esse
1130 512 1161 564 in
1183 512 1293 579 eninm,

139 591 173 636 ut
191 584 223 637 in
239 585 478 640 manifestissimis
495 585 627 650 haereas,
647 584 714 653 quia
730 583 802 637 libri
820 599 877 636 non
894 582 932 638 ad
946 583 1064 638 literam
1082 599 1145 636 eae
1188 583 1291 637 beant.

139 652 189 709 Sic
204 655 301 724 paullo
319 657 457 725 inferiusr
478 662 508 711 et
525 662 564 709 ut
581 653 708 724 comario
725 661 766 709 est
790 654 926 724 quaedam
950 661 1017 722 turta
1039 656 1133 723 figura
1156 655 1293 710 mentdro·
1396 661 1398 666 ’

138 739 202 789 rum
219 756 252 774 -
272 727 327 781 sic
343 727 377 781 in
394 729 489 782 animo
506 725 669 796 opinionum
685 724 909 796 iudiciorumque
926 725 1122 795 aequabilitas.

208 795 281 849 thid.
318 797 368 851 Sic
385 797 417 852 in
434 800 530 854 animo
548 797 712 867 opinionum
729 796 952 866 iudiciorumque
969 795 1158 866 oequaottitas
1182 800 1210 850 et
1226 810 1292 850 aon·

138 868 243 921 stantia
268 884 331 921 cum
347 866 481 936 firmitate
508 869 628 939 quadam
645 874 671 922 et
687 868 853 931 stabilitate,
878 867 1011 921 uirtutem
1036 867 1211 937 subsequens,
1242 873 1292 921 aut

83 968 86 973 ·
136 935 255 993 virtutis
275 938 334 996 nim
358 939 372 993 i
375 955 442 1008 psa
464 939 619 1005 continens,
642 936 821 1008 pulchritudo
843 935 978 1004 uocatum]
1015 938 1059 991 lta
1082 938 1238 1024 legendum
1261 945 1292 991 et

137 1006 373 1084 distinguendum
396 1019 454 1076 est3
483 1027 541 1064 non
566 1009 624 1064 sim
648 1009 749 1078 ipsane,
775 1018 810 1063 ut
835 1009 906 1063 libri
924 1008 1028 1079 scripti
1053 1008 1192 1078 editaque.
1229 1008 1292 1062 Hoc

137 1077 250 1133 scilicet
270 1080 353 1147 rult3
380 1079 619 1137 Pulaltritudinem
644 1080 726 1133 illam
750 1080 852 1144 animi,
878 1087 928 1133 aut
954 1080 1046 1149 ipsam
1076 1080 1108 1133 in
1131 1079 1291 1133 virtutibus

136 1150 345 1206 numerandam
371 1168 440 1218 esse,
466 1163 516 1208 aut
531 1151 646 1222 aliquid
663 1169 721 1206 esse
738 1151 880 1206 virtutem
903 1150 1083 1220 subsequens.
1120 1151 1165 1204 lta
1190 1151 1291 1221 paullo

158 1220 228 1285 rius,
257 1221 473 1290 concordantia,
508 1224 616 1294 inquit,
645 1223 815 1293 opinionum
838 1222 872 1276 in
897 1222 1002 1286 animo,
1029 1229 1080 1274 aut
1107 1221 1168 1292 ipsa
1194 1223 1290 1275 virtus

136 1237 343 1362 lampasium
360 1303 412 1361 est,
431 1303 481 1347 aut
498 1294 692 1364 aliquidem
709 1295 892 1376 subseqpens,
920 1309 974 1346 nec
996 1289 1099 1347 tutem
1124 1294 1211 1348 ullam
1228 1307 1291 1365 spe-
1380 1293 1382 1296 ’

137 1361 209 1423 ciem
225 1379 314 1418 suurn.
351 1364 440 1431 Quam
457 1364 508 1417 hic
527 1365 654 1435 appellat
670 1362 799 1434 species,
818 1364 883 1417 illic
900 1363 1031 1416 nominat
1048 1365 1122 1418 uim·
1224 1416 1232 1427 ,

144 1463 146 1467 ¹
208 1433 274 1504 Cap·
295 1438 338 1493 14.
374 1435 434 1490 Nec
456 1451 522 1488 asro
544 1437 575 1488 in
597 1441 708 1488 onmem
724 1435 847 1488 morbum
864 1450 898 1487 ac
912 1432 1152 1503 perturbationem
1177 1429 1290 1490 unimus

135 1504 279 1572 ingeniosi
295 1507 385 1560 cadit.-
411 1522 464 1561 non
482 1505 556 1558 enim
582 1507 673 1559 multa
690 1507 809 1572 efferata
827 1511 852 1557 et
870 1506 1019 1558 immania.-
1044 1506 1180 1574 quaedam
1198 1509 1292 1560 autem

135 1572 318 1630 humanitatis
343 1575 443 1632 ludent
464 1578 586 1645 primam
609 1577 737 1645 aperiero,
765 1581 797 1630 ut
820 1573 1027 1638 misericordia,
1051 1576 1209 1646 aegritudo,
1230 1592 1291 1630 ms-

134 1646 201 1712 tua]
237 1647 319 1712 Vide,
337 1648 462 1713 obsecro,
481 1648 558 1702 illud
575 1647 663 1702 enim:
682 1647 746 1701 Non
763 1647 842 1701 enim
858 1648 944 1702 multo
963 1648 1081 1713 efferata
1099 1655 1125 1702 et
1138 1646 1288 1704 immania.

135 1715 210 1782 Quid
227 1726 291 1770 tum
308 1726 416 1790 postea,
434 1719 458 1771 si
476 1735 534 1774 non
551 1719 639 1773 multa
656 1719 732 1772 sint?
767 1717 814 1772 An
831 1716 939 1772 idcirco
957 1717 1101 1792 ingeniosi
1125 1718 1239 1772 animus
1256 1719 1289 1773 in
1308 1717 1310 1720 ’

135 1804 168 1839 ca
185 1788 287 1843 cadere
304 1806 363 1843 non
379 1793 493 1860 potest?
512 1799 571 1844 esto
590 1796 624 1844 ut
639 1805 731 1858 pauca
746 1789 822 1855 sint3
841 1789 912 1858 quid
926 1789 987 1869 ipsa
1000 1788 1132 1856 paucitas
1142 1787 1289 1860 probibet,

137 1860 309 1927 quominus
334 1861 366 1915 in
384 1878 417 1915 aa
434 1861 534 1917 cadat?
568 1862 651 1915 Etsi
670 1879 703 1916 sa
719 1878 809 1932 pauca
826 1869 893 1913 sunt
918 1858 1028 1925 omnia3
1061 1860 1166 1931 quidni
1182 1859 1215 1915 in
1232 1877 1291 1927 om·¹

135 1943 199 1981 nem
216 1931 340 1983 morbum
358 1932 456 1984 cadat?
492 1932 538 1984 Tu
556 1949 592 1984 ex
610 1930 707 1984 codice
725 1940 776 1984 tuo
793 1931 951 2001 praestanti
974 1947 1107 2000 repones,
1128 1929 1192 1987 Non
1216 1933 1291 1987 enim

133 2002 167 2056 in
184 2003 283 2066 multo,
307 2002 385 2055 cadit
410 2001 532 2056 scilicet.
570 2002 644 2058 Sane
670 2001 818 2072 aliquanto
836 2002 958 2056 melius:
984 2001 1033 2056 sed
1050 2010 1148 2055 tamen
1165 2001 1289 2057 lateram

134 2070 220 2125 lavas.
258 2071 331 2137 Quid
349 2071 447 2126 enim?
466 2091 502 2127 an
520 2073 550 2127 id
568 2074 635 2127 satis
654 2080 705 2138 ast,
723 2071 748 2124 si
766 2071 1008 2148 ingeniosus-non
1025 2072 1106 2126 cadat
1124 2073 1156 2124 in
1172 2073 1289 2129 mulla

135 2139 255 2194 efferata
273 2151 303 2195 et
321 2144 477 2196 immania?
496 2147 628 2214 profecto
645 2159 751 2197 noman
770 2151 799 2199 et
816 2143 930 2198 laudem
948 2142 1090 2218 ingeniosi
1110 2142 1237 2208 amittet,
1253 2143 1289 2201 ,si

133 2213 166 2265 in
183 2213 242 2265 ulla
261 2212 399 2268 eiusmodi
424 2214 521 2281 cadat3
546 2222 595 2268 aut
619 2223 699 2268 certe
720 2213 744 2266 si
768 2214 800 2266 in
817 2213 877 2268 ulla
903 2213 1040 2267 immania
1064 2212 1165 2269 cadere
1182 2221 1291 2284 potest,

133 2283 237 2352 quidni
261 2285 294 2336 in
315 2285 403 2338 multa
430 2293 458 2339 et
481 2285 513 2338 in
535 2285 649 2340 omnia?
676 2285 824 2410 gradatim
841 2285 922 2340 enim
942 2285 974 2338 in
996 2283 1070 2338 vitia
1095 2283 1231 2351 labimur,
1257 2293 1289 2340 et

101 2402 103 2404 .
133 2371 219 2408 nemo
237 2363 357 2424 repente
375 2355 413 2408 sit
429 2357 577 2425 pessimus.
615 2356 675 2410 lllu

130 2425 366 2493 perturbationem
384 2426 513 2491 dixisset,
533 2427 669 2482 continuo
687 2432 824 2480 neutrum
842 2443 934 2500 genus
949 2425 1056 2496 posuit,
1081 2425 1171 2480 multa
1188 2427 1291 2481 immo·

133 2495 205 2548 nia?
239 2497 363 2551 Defendi
380 2506 478 2551 tamen
495 2498 551 2552 hoc
567 2514 648 2568 posse
666 2497 740 2552 scio:
761 2505 789 2551 et
807 2495 832 2551 si
850 2497 885 2552 dc
902 2496 958 2551 boc
976 2513 1035 2550 non
1052 2513 1204 2572 repugnas,
1223 2505 1288 2552 tum

133 2566 260 2640 legerim
276 2567 401 2621 levicula
424 2568 594 2635 mutatione,
619 2568 683 2622 Non
701 2565 776 2622 enim
799 2568 830 2621 in
854 2567 930 2621 ulta
952 2569 1069 2634 efferata
1095 2574 1122 2622 et
1139 2567 1290 2633 immania·

134 2635 187 2692 Sin
205 2639 413 2693 substantivum
431 2640 529 2705 mavis,
550 2657 607 2709 quo
624 2633 696 2694 haec
714 2641 895 2705 referentum
912 2646 978 2694 tum
995 2655 1115 2710 repono.
1130 2638 1193 2696 Non
1210 2639 1290 2696 enim

134 2707 282 2763 invitia
301 2711 420 2776 efferata
440 2716 465 2762 et
483 2713 627 2767 immania.
1154 2736 1156 2739 v

205 2779 277 2833 lhid.
313 2783 339 2834 Ε
356 2780 454 2851 quibus
472 2783 600 2852 quonium
618 2786 758 2851 tamquam
775 2796 791 2835 e
808 2779 982 2850 scrupulosis
998 2778 1104 2836 cotibus
1122 2781 1287 2857 enavigavit

712 2356 800 2409 etiam
818 2369 934 2425 quaero,
952 2371 1015 2420 cur,
1033 2371 1101 2409 cum
1118 2355 1240 2409 morbum
1257 2362 1289 2412 et
1370 2421 1372 2426 ¹

132 2851 235 2915 oratio,
255 2849 384 2920 reliquae
402 2852 604 2921 disputationis
623 2869 732 2907 cursum
756 2857 916 2915 tenesmum
939 2852 1023 2905 nemo
1043 2852 1115 2908 satis
1136 2852 1191 2907 illa
1209 2853 1289 2909 dilu-
1392 2873 1394 2881 ·

131 2920 196 2974 cide
221 2921 376 2976 dixerimus
396 2938 451 2990 pro
477 2941 573 2978 rerum
596 2923 790 2991 obscuritate]
827 2922 901 2989 Quid
925 2922 987 2976 sint
1008 2929 1083 2976 cotes
1106 2923 1168 2977 sire
1193 2930 1291 2978 cautes

133 2993 238 3045 scimus
256 3010 369 3047 omnes:
393 2993 470 3048 unde
489 2995 584 3069 igitur
601 2994 677 3048 illud
695 2993 846 3065 epitheton
867 2994 1047 3060 scrupulosae
1066 2993 1184 3049 cautes?
1210 2993 1286 3064 quod

131 3063 253 3133 perinde
278 3073 320 3117 est
343 3081 377 3116 ac
400 3065 425 3118 si
453 3064 567 3118 Colosso
588 3068 799 3140 Pygmaeorum
821 3071 914 3118 vestes
940 3063 1094 3133 aptaveris.
1130 3065 1288 3134 Scrupulus

132 3133 212 3187 enim
230 3142 273 3186 est
290 3136 407 3204 lapillus
425 3136 572 3199 minimus,
590 3137 683 3207 qualis
702 3137 779 3188 intra
796 3136 926 3188 calceum
938 3135 1014 3188 forte
1032 3135 1164 3192 incidens
1180 3136 1288 3208 pedem

131 3205 207 3257 male
234 3205 353 3258 cruciat.
389 3206 509 3261 Viderat
529 3206 597 3273 hoc,
619 3207 717 3272 oredo,
742 3207 857 3259 Paullus
875 3205 1029 3271 Manutius,
1055 3206 1109 3275 qui
1130 3207 1288 3276 scopulosis

132 3275 237 3341 edidit,
254 3276 367 3329 viderat
376 3278 538 3343 Lambinus,
558 3277 610 3348 qui
628 3276 771 3347 serupoais
791 3295 826 3329 cx
837 3276 1005 3332 coniectura
1013 3276 1169 3333 substituit.
1196 3279 1288 3345 Quam

132 3345 251 3416 quidem
277 3363 342 3402 ineo
365 3348 474 3402 iudicio
501 3350 641 3418 optimam
669 3348 836 3404 Gebhardus
859 3347 908 3400 vel
938 3347 1087 3401 nominare
1116 3349 1287 3434 dedignatus

133 3424 191 3480 est,
208 3426 242 3469 tu
260 3435 374 3489 quoque
392 3419 550 3488 repudiasti
569 3421 749 3482 auctoritate,
767 3417 918 3484 mercdis,
935 3418 1088 3485 Prisciani3
1108 3421 1160 3490 qui
1171 3421 1221 3473 hb.
1233 3421 1283 3473 Vl.

130 3505 160 3558 p.
180 3491 242 3545 713.
278 3489 391 3557 Specus,
419 3491 525 3560 inquit,
549 3489 714 3556 femininum
742 3490 898 3556 moenitum
928 3487 1069 3542 Pacarius
1091 3488 1129 3544 in
1154 3489 1283 3559 Niptris:

130 3559 262 3615 Aduenio
279 3561 469 3630 scrupulosam
486 3577 604 3631 specum.
641 3563 750 3615 Verum
768 3559 802 3625 is,
821 3577 909 3630 quem
933 3559 1101 3613 advocatum
1125 3561 1180 3613 tibi
1201 3578 1285 3633 para·
1348 3610 1350 3618 r

130 3631 180 3693 sti,
211 3631 344 3683 adversus
370 3638 400 3684 te
423 3650 550 3685 caussam
574 3632 659 3686 dicit:
701 3639 816 3686 certum
839 3631 948 3700 quippe
971 3639 1014 3682 est
1037 3632 1216 3686 Priscianum
1242 3632 1285 3685 ibi

131 3700 280 3768 scripsisse
298 3715 470 3767 scruposam:
494 3704 578 3757 locus·
593 3704 672 3758 enim
690 3704 751 3756 inte
772 3718 805 3755 er
822 3709 902 3754 extat
920 3700 994 3772 apud
1011 3701 1140 3758 Nonium
1164 3705 1197 3756 in
1213 3718 1285 3757 roco
1318 3753 1320 3758 .

131 3769 244 3841 Specus,
262 3770 378 3835 Accius,
396 3773 447 3838 ait,
466 3773 544 3849 (lege
563 3772 713 3840 Pacuvius)
731 3720 865 3842 ttiptiiss

238 3842 308 3895 Inde
325 3842 444 3898 advenio
462 3849 579 3899 montem
598 3845 697 3900 Oetam
715 3859 878 3914 scruposam
896 3860 1021 3913 specum.

130 3913 222 3980 Quam
238 3912 395 3966 lectionem
417 3933 513 3968 sanam
537 3932 597 3970 esse
614 3917 664 3970 rel
684 3917 760 3971 ratio
782 3931 892 3979 versus,
919 3914 971 3982 qui
989 3914 1117 3969 senarius
1136 3920 1188 3980 sst,
1212 3913 1284 3968 satis

131 3983 266 4039 ostendit.
304 3985 472 4039 Rectissime
496 3985 590 4061 igitur
615 3988 767 4040 Lambinus
792 3982 976 4051 scruposis
999 3985 1106 4039 cotidus
1136 3987 1282 4055 reposuit;

130 4074 198 4108 nam
215 4054 324 4124 scrupi,
341 4063 413 4111 teste
431 4057 525 4122 Festo,
545 4065 609 4111 sunt
624 4074 727 4127 aspera
745 4070 817 4111 saxa
835 4060 862 4109 et
877 4060 976 4122 petrae
992 4055 1207 4124 austragiorum
1222 4058 1285 4125 pol-

131 4127 207 4181 lutae
225 4128 337 4182 scelere.
374 4127 446 4182 lndc
463 4144 596 4197 scrupeus
615 4138 644 4182 ct
662 4143 810 4199 scruposas
827 4125 1007 4196 aptissimum
1024 4127 1154 4180 cautibus
1172 4127 1284 4198 epithe-

131 4207 191 4252 ton
229 4197 278 4252 Sic
296 4198 437 4272 Virgilius
454 4215 570 4268 scrupea
587 4203 727 4268 medunco,
745 4199 884 4254 Pacuvius
902 4212 1020 4267 scrupea
1038 4213 1120 4266 saxa,
1144 4198 1285 4270 Apuleius

131 4284 291 4338 scruposum
308 4280 416 4337 susum,
435 4273 538 4325 Festus
554 4270 680 4326 Avienus
698 4285 847 4341 scruposas
864 4269 956 4337 rupes,
975 4271 1108 4334 Lucanus
1130 4273 1166 4338 V,
1184 4272 1248 4328 ott.

153 4381 163 4401 .
238 4340 440 4413 Scruposisque
457 4348 581 4410 angusta
597 4350 696 4403 vacam
712 4343 761 4398 udi
779 4341 865 4396 litora
883 4339 966 4395 saxis.
1254 4374 1262 4387 ,.

131 4408 188 4468 Sed
205 4410 240 4468 da
263 4411 320 4468 hoo
341 4417 425 4470 satis:
458 4431 549 4490 pergo
567 4414 603 4469 ad
629 4415 668 4471 id.
684 4415 762 4487 quod
784 4421 885 4468 restat:
913 4428 971 4469 non
999 4413 1078 4469 enim
1094 4413 1191 4486 placet
1209 4411 1284 4466 illud
