2856 5084
206 273 269 338 4110
358 335 362 342 ,
429 290 432 295 ·
599 270 972 337 ADDITAMENTUM

207 439 265 492 tari
292 438 417 492 videtur.
461 436 540 502 Quod
570 444 665 490 autem
694 439 805 508 recepi.
822 438 1024 492 Bentleianum
1050 438 1130 493 cuiue
1151 451 1205 506 pro
1233 452 1365 504 quorum,

206 513 327 565 fortasse
345 508 449 562 melius
467 515 625 576 utrumque
644 509 779 563 suadente
797 508 906 564 Orellio
932 509 1128 574 resecuissem‚
1158 506 1235 578 quod
1253 509 1367 563 factum

207 591 251 636 est
270 583 307 633 in·
323 580 378 633 Ed.
397 579 506 632 Teubn.

278 654 312 704 V.
331 655 374 707 32.
394 653 444 706 9⁰:
476 650 522 703 Aa
539 648 653 719 Scythes
670 650 845 706 Anacharsis
860 653 1019 722 potuitpro
1042 648 1130 704 nibilo
1146 649 1297 717 pecuniam
1316 649 1368 702 du-

208 740 279 788 cere,
298 728 439 783 nostrates
454 719 613 791 philosophi
630 738 682 776 non
698 725 910 792 potuerunt?
932 723 980 776 Sic
992 722 1096 793 optimi
1114 720 1194 783 libri,
1214 737 1251 774 ex
1269 720 1367 790 iisque

207 794 348 859 Klotzius,
367 801 499 847 vertenst
527 793 592 844 Die
609 793 860 864 Philosophen
878 813 938 846 aus
957 809 1112 848 unserer
1129 792 1235 850 Mitte
1253 791 1368 845 bonn-

209 873 264 920 len
291 865 383 917 dieis
414 863 521 917 nieht
551 862 659 916 thun?
692 863 837 930 [uns'ere
864 863 1113 934 Philosophen
1144 861 1295 916 werden
1330 879 1367 915 es

208 936 297 990 doch
315 934 405 987 auch
423 934 512 988 iiber
530 933 608 986 sich
626 951 823 1010 gewonnen
840 934 976 1002 haben]
1008 936 1070 1009 Ego
1089 933 1154 986 dedi
1170 929 1312 1001 poterunt,
1330 941 1367 984 ut

210 1009 242 1060 in
253 1024 286 1059 re
299 1022 357 1058 non
366 1005 457 1078 magis
474 1005 640 1076 praeterite,
660 1023 746 1075 quam
764 1015 913 1076 praesente
932 1013 961 1058 et
979 1008 1091 1058 futurae
1110 1020 1164 1057 nec
1183 1004 1245 1056 sine
1263 1003 1367 1058 decern

209 1079 348 1135 Codicum
367 1076 547 1130 auctoritate.
585 1076 717 1129 iudicent
740 1078 802 1130 alii.
845 1080 912 1130 Non
930 1077 1065 1147 ineptum
1083 1076 1145 1128 dico
1163 1084 1280 1144 tempus
1298 1076 1367 1127 Per·

206 1151 332 1204 fectum:
361 1149 504 1200 Futurum
524 1146 610 1199 etiam
627 1164 705 1200 nunc
722 1151 866 1218 praefero.

270 1222 312 1270 V.
333 1221 376 1275 40.
398 1222 461 1273 116:
492 1217 668 1282 Epicurei
696 1219 785 1273 nostri
809 1220 916 1273 Graece
938 1220 998 1286 fere
1024 1220 1159 1282 nesciunt,
1192 1233 1242 1269 nec
1264 1214 1368 1270 Graeci

208 1289 320 1344 Latine.
357 1288 494 1342 Defendit
518 1287 650 1342 Klotzius
673 1305 776 1343 vocem
797 1291 944 1358 Epicurei,
969 1309 986 1343 a
1012 1289 1161 1343 nonnullis
1186 1289 1320 1352 eiectam,
1351 1305 1367 1340 a

107 1391 108 1394 =
208 1362 289 1416 nobis
307 1357 422 1412 uncinis
440 1359 598 1413 inclusam:
628 1359 711 1412 cuius
734 1361 805 1412 facti
828 1362 955 1414 rationes
979 1361 1046 1414 vide
1068 1361 1101 1412 in
1124 1357 1367 1411 annotationibus.

209 1435 322 1496 Cicero,
342 1431 417 1500 quod
434 1447 503 1484 vere
522 1430 738 1496 contenditKl.‚
758 1449 840 1502 saepe
859 1432 975 1500 quidem
984 1433 1153 1502 Epicureos,
1172 1437 1206 1481 ut
1225 1429 1367 1492 indoctos,

208 1503 396 1577 perstringit:
417 1517 505 1570 quare
523 1501 553 1557 id
570 1500 627 1553 hoc
646 1515 760 1570 quoque
777 1503 842 1555 loco
860 1503 926 1555 fieri
945 1503 1031 1556 facile
1051 1502 1156 1555 credas.
1190 1500 1294 1570 Neque
1314 1516 1368 1574 ego

208 1575 320 1629 alienus
338 1589 434 1633 suma
451 1571 628 1624 restituenda
645 1571 782 1637 lectione,
807 1591 879 1643 quae
899 1581 928 1626 et
951 1573 1067 1642 optimis
1085 1572 1193 1624 nititur
1210 1570 1370 1623 auctorita-

209 1646 288 1699 tibus
304 1650 405 1713 etper
432 1659 461 1695 se
484 1642 615 1695 minime
631 1651 673 1696 est
689 1643 801 1700 absona.
838 1645 916 1696 illud
943 1645 1034 1698 solum
1053 1661 1099 1698 me
1118 1643 1205 1710 etiam
1222 1658 1302 1694 nunc
1320 1640 1370 1694 ad-

208 1716 309 1780 vertit,
328 1713 405 1783 quod
423 1712 499 1765 dixit
515 1713 584 1769 Dav.
604 1713 636 1764 in
653 1713 707 1765 Ed.
727 1719 754 1772 2.
773 1715 849 1784 quod
867 1733 934 1768 eum
952 1733 1036 1785 supra
1054 1733 1082 1785 p.
1103 1718 1163 1771 255.
1183 1712 1370 1783 adscripseri-
1422 1710 1424 1714 ’

209 1804 285 1851 mus,
317 1783 368 1838 hie
392 1791 526 1855 repetere
549 1800 607 1836 non
635 1792 679 1836 est
704 1800 783 1855 opus.
824 1786 859 1838 ln
882 1787 928 1848 iis,
961 1804 1033 1855 quae
1052 1802 1120 1839 mox
1142 1784 1369 1854 subsequuntur,

211 1855 369 1922 [omnesque
384 1855 397 1906 i
403 1855 423 1917 d
439 1869 492 1908 noe.
506 1853 538 1907 in
555 1855 594 1909 iis
612 1855 732 1921 linguis,
748 1872 885 1926 quoenon
903 1856 1098 1925 intelligimus,
1119 1871 1188 1926 quoe
1205 1862 1270 1908 eunt
1289 1854 1371 1907 innu-

209 1926 367 1992 merabiles,
386 1956 418 1968 -
438 1926 521 1980 surdi
535 1925 807 1993 profectovsumuez]
836 1944 936 1980 vocem
958 1928 990 1980 id
1009 1929 1050 1980 ita
1068 1927 1207 1990 defendit,
1234 1935 1268 1978 ut
1287 1926 1370 1996 qnasi

207 1991 407 2056 dvouoioddoc
437 1997 620 2050 existimetur
648 1998 762 2050 locutus
786 1997 898 2064 Cicero,
932 2007 1118 2067 perrecturus
1143 1997 1283 2050 videlicet
1304 2004 1371 2067 post

208 2068 429 2125 innumerabiles
447 2067 542 2123 verbis
556 2071 683 2134 profecto
702 2069 832 2134 facimus,
850 2070 899 2122 vel
916 2069 950 2120 ab
960 2070 1047 2128 initio
1066 2070 1098 2121 in
1115 2077 1213 2122 mente
1230 2068 1258 2122 ei
1277 2069 1371 2121 fuerit

208 2141 350 2195 scribere:
382 2154 525 2207 omnesque
551 2139 584 2192 id
606 2155 657 2191 noe
680 2140 767 2195 iniis
785 2139 901 2207 linguis,
930 2156 999 2209 quas
1022 2157 1074 2194 non
1091 2138 1287 2207 intelligimus,
1300 2155 1371 2208 pro·

210 2215 284 2280 secto
303 2225 405 2274 eumue.
423 2209 521 2262 -illud
544 2210 636 2284 magis
658 2211 783 2274 arridet:
821 2220 851 2264 et
875 2212 936 2280 ipse
961 2211 1061 2264 malim
1079 2211 1194 2266 uncinis
1216 2211 1370 2265 liberatam

153 2281 156 2284 ⁴
208 2283 321 2348 vocem,
338 2298 411 2351 quae
429 2281 454 2332 si
472 2296 530 2332 non
549 2288 592 2333 est
611 2280 769 2348 Ciceronis,
788 2299 841 2335 cur
859 2282 1020 2350 irrepserit,
1040 2298 1125 2335 nemo
1142 2281 1231 2335 iaciie
1248 2280 1369 2334 dixerit.

209 2354 292 2409 lllud
310 2361 405 2404 temen
424 2351 540 2410 silentio
558 2369 691 2421 premere
702 2369 761 2409 non
777 2369 902 2421 possum,
921 2369 979 2405 non
993 2353 1145 2405 admodum
1157 2352 1274 2421 probari
1287 2352 1370 2413 nobis

210 2422 368 2486 disserendi
384 2421 580 2487 acerbitatem,
604 2441 641 2477 ne
660 2424 730 2493 quid
747 2425 864 2509 gravius
881 2424 994 2490 dicam,
1009 2442 1064 2493 qua
1082 2424 1114 2475 in
1131 2424 1317 2477 annotatione
1335 2422 1371 2476 ed

209 2494 242 2549 h.
260 2496 281 2552 1.
302 2511 349 2560 eps
368 2492 506 2567 exagitat,
531 2493 588 2560 qui*
606 2493 641 2546 de
659 2495 825 2565 scriptionis
842 2495 967 2548 veritate
986 2494 1198 2548 dubitaverunt.
1235 2495 1370 2549 Fortasse

210 2567 270 2621 iam
288 2566 349 2637 ipse
367 2580 428 2623 eam
446 2563 598 2634 improbet.
733 2615 736 2620 ,

275 2639 381 2693 ·v.41.
403 2637 462 2691 119.
500 2635 580 2698 Quod
597 2634 625 2689 ei
640 2632 693 2688 bis
708 2633 904 2705 philosophie
924 2668 956 2679 -
984 2642 1013 2692 et
1030 2638 1371 2706 taowneemperieotun
1422 2644 1424 2656 '

211 2713 322 2762 censent
342 2707 502 2772 eapientem.
538 2705 611 2758 Dedi
639 2722 692 2791 ego
711 2725 746 2760 ex
763 2707 875 2778 aliquot
893 2708 990 2773 Codd.‚
1018 2709 1094 2778 quod
1112 2709 1178 2761 inde
1195 2727 1211 2761 a
1229 2707 1392 2762 Lambino·

212 2786 243 2835 ot
262 2777 414 2839 Gebhardo
440 2776 549 2829 editum
577 2785 629 2843 est,
659 2779 684 2831 ei
705 2775 872 2847 philosophi,
903 2795 959 2849 quo
985 2780 1061 2832 fecto
1091 2779 1228 2833 convenit
1249 2779 1372 2848 quidem

198 2849 358 2903 ¹structure
377 2847 460 2902 verbi
478 2853 594 2912 censent,
622 2865 677 2901 nec
700 2866 770 2902 vero
788 2850 976 2904 ἀνακόλουθον
999 2850 1118 2903 tollitur
1136 2867 1202 2902 cum
1221 2856 1372 2905 remaneat

213 2926 248 2975 el.
284 2921 370 2973 Nunc
396 2937 429 2975 re
453 2919 545 2972 denuo
575 2919 752 2972 considerata
775 2920 944 2974 accesserim
971 2921 1081 2974 Klotzii
1104 2929 1133 2974 et
1161 2919 1315 2990 scriptioni
1342 2928 1372 2974 et

212 2993 382 3056 sententiae,
412 2990 464 3059 qui
489 2989 635 3045 existimat
660 3008 787 3065 pergerev
804 2993 929 3046 voluisse
957 2993 1127 3045 Ciceronem
1154 2997 1248 3045 tamen
1280 2990 1372 3046 licet

214 3067 324 3131 semper
341 3063 450 3115 beatum
468 3075 609 3113 censere
627 3061 796 3130 eapientem
815 3063 864 3116 sed
872 3063 1004 3138 longiore
1014 3061 1193 3134 expositione
1205 3063 1372 3128 interiecta,

213 3133 340 3188 omisisse
359 3139 522 3191 accuratam
540 3133 697 3191 sententiae
716 3132 891 3189 iuncturam.
954 3182 955 3186 ,

284 3205 321 3253 V.
339 3206 383 3258 41.
403 3204 469 3257 119:
489 3201 557 3268 quid
573 3202 685 3255 tandem
704 3218 723 3255 o
740 3203 859 3258 Socrate
877 3212 902 3257 et
919 3203 1034 3258 Platone
1049 3204 1233 3273 profectis
1245 3201 1375 3273 philoro-

212 3272 278 3345 pbs'e
296 3271 467 3340 faciendum,
486 3270 573 3326 vides.
594 3303 626 3314 -
658 3274 797 3327 Restituit
815 3275 862 3332 Kl.
882 3275 1039 3328 lectionem
1057 3273 1170 3328 Codicis
1188 3276 1372 3349 Regii-per·

212 3344 307 3412 seclis,
329 3351 483 3410 totumque
510 3342 607 3396 locum
630 3343 671 3396 sic
699 3344 785 3396 distin
829 3347 852 3398 it
879 3354 908 3398 et
934 3346 1072 3415 explicat:
1105 3346 1197 3415 „quid
1224 3347 1337 3400 leodem
1353 3361 1374 3399 a

214 3415 345 3482 Socrate
368 3421 402 3475 et¹
421 3413 538 3471 Platone
568 3414 718 3482 perfectis
751 3415 927 3486 pbzloeoplie
957 3415 1119 3483 faciendum
1148 3417 1250 3470 eides?
1286 3418 1373 3472 Was

213 3484 309 3542 wird
335 3484 394 3546 dir
419 3484 568 3545 dennda
587 3485 773 3550 offenbar,
792 3489 852 3540 des
871 3488 930 3539 die
947 3482 1188 3541 vollendeten
1205 3487 1375 3541 Philoso-

213 3555 308 3628 phen
326 3573 387 3618 aus
405 3555 575 3609 Socrates
594 3556 668 3609 und
686 3574 746 3609 aus
764 3559 894 3612 Plato's
913 3558 1043 3611 Schule
1061 3576 1102 3610 zu
1126 3557 1217 3612 thnn
1235 3558 1373 3612 haben?

210 3629 282 3682 Non
299 3642 374 3702 nego
393 3628 429 3679 e'x
447 3625 598 3687 Ciceronis,
611 3645 665 3686 usu
683 3627 742 3679 dici
761 3630 883 3698 optime:
908 3626 1070 3698 philosophi
1091 3645 1109 3681 o
1128 3629 1245 3684 Soneio
1262 3637 1288 3684 el
1306 3629 1374 3683 Plu·

215 3705 287 3765 tone,
315 3715 369 3750 nec
393 3697 485 3771 magis
508 3712 581 3770 nego
602 3697 745 3764 perfectos
767 3697 948 3769 philosophos
972 3702 1082 3770 optime
1114 3701 1201 3754 scribi
1226 3720 1261 3755 ex
1289 3717 1373 3754 more

215 3769 370 3823 Ciceronis.
409 3770 453 3823 Ita
477 3768 555 3820 enim
579 3777 621 3820 est
648 3768 686 3823 11.
714 3772 739 3824 5.
763 3788 791 3840 p.
817 3776 878 3828 4³9.
918 3771 974 3826 Sed
999 3772 1040 3824 ita
1065 3772 1193 3825 iunctam
1206 3781 1374 3841 «utramque

214 3841 403 3906 locutionem,
436 3846 465 3903 et
489 3837 546 3891 ‘hac
574 3839 691 3908 quidem
718 3842 869 3907 sententia,
898 3842 1115 3896 Ciceronianam
1143 3859 1212 3905 esse,
1240 3844 1374 3897 dubitare

215 3911 312 3966 licoat.
350 3909 470 3964 Accedit
493 3918 608 3962 nostrae
635 3911 790 3982 scriptioni
817 3931 882 3965 cum
910 3931 1015 3966 novem
1043 3914 1107 3965 aliis
1132 3914 1156 3966 is
1183 3913 1290 3976 Codex,
1321 3914 1372 3983 qui

214 3983 305 4057 Regio
323 3982 494 4046 auctoritate
513 3988 542 4031 et
559 3980 685 4036 bonitate
704 4001 757 4053 par
770 3982 822 4051 e'st,
841 3985 989 4038 Gudianus
1001 3985 1125 4052 primus,
1142 3985 1264 4038 totidem
1278 3985 1375 4038 literis

216 4054 353 4109 exhibens
371 4052 516 4121 profectis.
561 4086 563 4091 ,
977 4074 982 4103 ·.
1026 4092 1029 4099 Α

287 4127 321 4181 V.
340 4128 383 4181 41.
406 4126 470 4180 12⁰:
500 4139 627 4178 comeam
651 4140 712 4178 esse
735 4126 973 4184 desiderandi
996 4128 1125 4192 negabat.
1163 4126 1224 4178 Hoc
1241 4126 1376 4179 restituit

216 4194 263 4250 Kl.
284 4213 320 4248 ex
337 4195 423 4251 Codd.
443 4194 560 4264 optimis
588 4205 617 4248 et
639 4197 785 4266 plurimis,
808 4214 861 4269 pro
886 4215 946 4267 quo
964 4214 1070 4251 nosex
1094 4197 1275 4268 paucissimis
1293 4197 1376 4251 dedi·

217 4283 281 4320 mus
300 4264 469 4322 dissidendi.
507 4266 651 4337 obsequar
669 4268 706 4334 ei,
729 4270 865 4328 simulac
877 4268 1009 4323 docuerit
1028 4269 1193 4324 desiderare
1216 4266 1274 4329 dici
1291 4285 1375 4339 posse

216 4337 355 4404 absolute,
375 4339 477 4390 omisso
494 4336 674 4393 Accusativo.

289 4410 385 4466 vstl.
407 4412 472 4485 121:
502 4424 520 4462 a
547 4426 600 4482 quo
624 4425 679 4501 non
703 4413 785 4467 modo
811 4411 926 4482 impulsi
950 4427 1043 4466 mmor
1072 4413 1111 4467 od
1137 4410 1377 4484 philosophas
