2856 5084
208 276 269 355 143
404 270 636 338 CICERONIS
656 216 904 367 TusunnAN.
925 270 1155 338 DISPUTAT.

208 460 273 523 que
295 439 454 521 cuiusque
481 440 613 525 generis
640 439 693 501 vel
724 421 862 501 inanimi
891 439 947 502 vel
974 439 1162 513 animantis,
1190 439 1249 501 vel
1275 442 1363 505 muti

206 523 263 585 vel
295 520 460 605 loquentis
494 524 608 608 origo:
638 541 723 602 quae
750 523 832 599 vita,
862 523 919 602 qui
945 523 1115 598 interitus,
1151 541 1300 605 quaeque
1322 545 1363 587 ex

207 606 273 668 alio
294 607 330 666 in
351 603 441 666 aliud
462 602 659 667 vicissitudo
674 612 770 684 atque
782 604 942 679 mutati05
964 603 1053 666 unde
1070 613 1162 666 terra
1185 616 1219 668 et
1233 604 1362 689 'quibus

243 789 400 862 oequesduo
418 792 489 845 Oxx.
508 788 585 843 Mon.
605 793 631 846 2.
651 789 759 844 habent
777 806 855 861 piae,
874 788 949 844 alius
968 791 1017 844 Ox.
1039 798 1068 844 et
1085 793 1161 847 Mon.
1183 796 1208 847 1.
1234 796 1361 864 quoque.

231 864 312 938 ergit
330 867 404 916 Mon.
425 868 453 918 1.
473 863 562 927 euius,
582 863 688 915 omisso
708 879 768 931 que.
806 863 867 915 Mr.
1019 913 1025 925 ,
1209 926 1211 930 Α
1304 912 1307 917 ,
1356 900 1359 907 ·

277 929 322 986 uel
338 932 460 987 inanimi
484 933 527 985 vel
551 931 722 999 animati]
750 933 888 996 ¹„Veneti
910 931 1082 986 animantius
1100 927 1156 987 'sed
1181 932 1257 986 illud
1281 941 1361 990 certe

206 1020 267 1059 nou
285 1005 402 1057 malum.
422 999 514 1056 iidem
533 1003 642 1057 rectius
662 1004 739 1073 quod
758 1005 904 1072 sequitur:
923 999 968 1056 vel
984 999 1056 1057 muti
1074 999 1118 1057 ael
1135 1003 1281 1071 loquentis,
1301 1021 1362 1058 nou

208 1074 394 1144 eloquentis.“
413 1075 558 1127 Gamerar.
579 1073 693 1137 „Libro
712 1074 808 1144 primo
827 1075 964 1127 annotavi
982 1090 1037 1144 pro
1056 1075 1213 1127 auimatum>
1231 1076 1262 1127 in
1280 1075 1361 1131 MSto

207 1147 269 1221 legi
297 1141 413 1211 animal,
442 1144 520 1214 quod
542 1144 655 1197 Platoni
683 1150 726 1196 est
748 1145 886 1213 ἔμψυχον.
928 1146 984 1197 Hic
1007 1161 1077 1197 vero
1102 1160 1157 1215 pro
1185 1146 1307 1199 animati
1329 1147 1362 1199 in

209 1218 309 1271 eodem
329 1217 405 1273 libro
424 1217 577 1269 animantis
595 1222 640 1268 est
658 1217 812 1285 scriptum,
832 1216 974 1284 quomodo
992 1216 1139 1268 Victorius
1165 1233 1280 1286 quoque
1298 1216 1362 1270 edi-

209 1288 260 1341 dit.
296 1288 404 1340 Vocem
429 1287 521 1360 igitur
544 1287 697 1339 auimatum
723 1284 786 1338 ἀντὶ
803 1291 854 1340 τοῦ
872 1284 1005 1355 ἐμψύχου
1031 1285 1063 1337 in
1086 1284 1229 1340 Cicerone
1253 1290 1361 1341 merito

199 1365 372 1430 suspectam
390 1355 558 1410 habemus.“
594 1357 661 1409 Fre»
678 1356 764 1409 Febr.
1207 1421 1209 1427 y
1353 1402 1355 1407 .

210 1435 213 1441 '
279 1429 325 1481 uel
349 1425 471 1480 inanimi
495 1427 540 1480 uel
557 1425 766 1493 animantis]
804 1424 880 1497 „Sic
905 1430 949 1481 est
975 1427 1006 1480 in
1024 1420 1077 1479 Ed.
1097 1424 1208 1482 Victor.
1227 1423 1360 1483 Vatican-

208 1499 302 1570 tribus
320 1498 439 1551 Palatin.
460 1498 617 1567 prioribus.
655 1498 736 1550 Febr.
757 1499 813 1551 duo
832 1491 952 1551 Palatia.
972 1498 1163 1568 posterioress
1188 1501 1231 1552 vel
1250 1501 1360 1565 ⁴etium

209 1568 322 1623 enimi
345 1569 389 1622 uel
415 1568 597 1624 animantie.“
625 1566 707 1621 Geel.
743 1569 806 1621 Duo
826 1569 895 1622 Oxx.
916 1563 961 1621 vel
978 1560 1110 1633 uoluti,
1138 1587 1213 1622 unus
1238 1569 1361 1624 inanimi

209 1640 298 1694 illia
322 1637 582 1704 animantibus,
607 1638 682 1691 alius
708 1640 821 1692 omittit
847 1639 892 1691 uel
917 1638 987 1692 muti
1012 1656 1079 1691 cum
1098 1639 1166 1692 Cod.
1187 1643 1261 1694 Mon.
1283 1646 1307 1707 l.
1327 1642 1360 1695 in

209 1728 274 1782 quo
292 1719 335 1764 est
360 1710 551 1764 unisnuutiaue
575 1711 718 1778 loquentia.
753 1709 788 1762 In
812 1707 901 1764 Viud.
925 1715 946 1762 Ι.
978 1710 1089 1784 legitur
1115 1710 1160 1764 uel
1183 1711 1359 1780 loquacis.

208 1782 276 1835 Post
294 1781 478 1835 Gebhardum
497 1796 596 1834 omnes
615 1781 768 1834 ediderunt
786 1779 948 1845 animantia,
968 1789 1034 1833 ante
1053 1798 1120 1834 eum
1144 1783 1264 1835 nonnisi
1282 1779 1358 1835 vict.

208 1860 238 1906 et
254 1851 324 1904 Rob.
343 1846 443 1920 Steph.
480 1851 541 1904 Mr.
604 1856 607 1862 “
1245 1871 1247 1874 ·
1397 1896 1400 1906 .

220 1980 224 1988 ,
280 1938 348 1992 patae
366 1923 434 1988 uita,
454 1921 515 1990 qui
532 1921 675 1990 imeritus]
713 1923 796 1976 Quis
812 1921 946 1977 interitus
961 1921 1070 1976 habent
1087 1923 1159 1978 Edd.
1180 1929 1247 1976 ante
1265 1919 1358 1978 Geth.

207 1993 335 2063 itemque
359 1993 428 2045 Dav.
455 1991 571 2061 Reliqui
595 1999 663 2062 post
686 1991 873 2046 Gebhardum
898 1994 1040 2048 dederunt
1066 1996 1127 2063 qui
1156 1993 1303 2047 interitus:
1330 2003 1360 2049 et

208 2066 251 2118 sio
274 2072 317 2117 est
343 2065 374 2116 in
399 2063 487 2116 Godd.
512 2060 587 2138 Reg.‘
610 2063 680 2116 Osx.
705 2063 751 2125 (ut
767 2063 895 2128 ridetur)
920 2066 994 2118 Mon.
1016 2070 1040 2120 1.
1069 2065 1155 2118 narb.
1175 2063 1264 2118 Rehd.
1285 2063 1359 2120 Gud.

208 2134 243 2187 In
263 2133 337 2186 Gud.
360 2136 429 2187 10.
452 2141 495 2187 est
514 2148 601 2202 quae
619 2133 762 2187 interitus.
800 2134 900 2210 Pergit
918 2137 992 2190 Mon.
1015 2140 1040 2190 l.
1069 2153 1136 2190 cum
1163 2135 1271 2191 duobus
1289 2136 1360 2190 Oxx.

208 2222 299 2274 quae
318 2222 359 2258 ex.
386 2203 477 2257 Rehd.
498 2218 618 2272 quaeque
636 2203 676 2257 in
694 2205 753 2258 alio
771 2204 810 2258 ea
828 2207 859 2258 in
877 2206 966 2258 uliud.
1003 2207 1065 2260 Mr.

279 2275 448 2330 vicissitudo
467 2280 551 2343 atque
569 2273 696 2340 mutatio]
732 2274 807 2340 „Ex
824 2274 1026 2352 palingenesia
1044 2274 1237 2352 dogmateque
1254 2275 1360 2348 Pytha·

145 2406 154 2417 Ι
207 2362 303 2423 goras,
325 2349 375 2416 qui
394 2347 469 2416 apud
487 2344 683 2402 Ovidiumsic
700 2345 810 2415 inquit:
1130 2342 1134 2349 ’

374 2416 476 2469 Omnia
494 2421 654 2468 uertuntur:
679 2415 751 2471 nihil
767 2414 884 2470 interit:
912 2416 990 2469 errat
1009 2423 1037 2470 et
1053 2413 1132 2472 illinc

375 2487 437 2539 Huc
455 2484 543 2550 uenit,
563 2481 627 2537 ltine
644 2486 720 2553 illuc,
740 2494 766 2539 et
784 2487 919 2558 quoslibet
937 2495 1050 2554 occupat
1068 2495 1154 2541 ortua.

208 2558 382 2612 Aristoteles
401 2573 515 2627 quoque
534 2558 565 2608 in
584 2556 667 2610 libris
685 2558 720 2611 de
739 2557 931 2611 Generations
955 2565 984 2612 et
1003 2555 1198 2630 corruptione
1223 2558 1304 2613 aliud
1327 2561 1360 2613 in

209 2628 290 2699 aliud
308 2629 496 2680 transmutari
515 2628 640 2690 disserit,
661 2636 689 2680 et
707 2630 925 2699 corruptionem
943 2626 1031 2681 unius
1050 2647 1110 2684 esse
1128 2622 1249 2682 alterius
1268 2647 1359 2704 gene·
1401 2656 1412 2663 ··

208 2702 360 2752 rationem.
400 2697 473 2763 Quin
502 2699 588 2752 eliam
608 2717 623 2750 a
642 2697 749 2752 Seneca
766 2701 907 2770 scriptum
933 2706 976 2752 est
1003 2693 1052 2752 lib.
1072 2703 1098 2757 3.
1135 2696 1356 2763 Quaestionuma

207 2770 413 2822 Elementorum
439 2768 542 2821 alterni
567 2784 697 2821 recursus
723 2777 804 2823 sunl:
833 2770 963 2839 quicquid
989 2769 1075 2824 alteri
1097 2767 1173 2840 peril
1191 2769 1222 2822 in
1240 2773 1359 2824 alterum

208 2840 345 2893 transit.“
364 2838 499 2892 Beroald.
537 2841 571 2892 ln
590 2838 658 2890 Cod.
687 2843 761 2893 Mon.
784 2846 808 2895 1.
839 2847 868 2893 et
885 2857 944 2893 uno
963 2843 1013 2896 Ox.
1033 2848 1077 2895 est
1095 2845 1177 2908 atque
1195 2839 1359 2910 numera·

208 2911 265 2965 tio.
303 2907 395 2964 Locus
415 2909 510 2962 Ovidii
538 2917 581 2964 est
605 2907 795 2982 Metamorph.
815 2911 872 2962 XV.
893 2913 945 2967 165
964 2928 1005 2980 sq.
1035 2910 1204 2965 Aristotelei
1228 2911 1300 2981 libri
1323 2913 1358 2966 de

209 2983 281 3037 Gen.
310 2988 340 3034 et
365 2978 501 3050 corrupt.
536 2982 558 3033 si
582 2978 701 3034 nificare
733 2983 852 3035 videtur
875 2978 1032 3036 Beroaldus
1058 2977 1097 3034 11.
1121 2985 1165 3037 10.
1191 2999 1220 3052 p.
1239 2985 1283 3037 50.
1314 2976 1358 3040 ed.

208 3051 289 3174 {plu
313 3053 406 3175 Lappa
425 3051 549 3123 denique
561 2999 694 3106 {auseae
712 3060 756 3106 est
775 3053 811 3108 N.
833 3052 882 3120 Qu.
899 3052 956 3124 Ι111.
976 3054 1018 3106 10.
1037 3069 1067 3123 p.
1087 3056 1147 3107 lll·
1173 3052 1209 3106 ed
1228 3051 1357 3110 Gronov·

249 3136 311 3175 zer.
385 3138 409 3174 r.

211 3196 216 3259 ᾗ
282 3191 363 3246 Unde
380 3198 458 3244 terra
476 3190 574 3262 aequis
593 3190 698 3246 librata
714 3192 895 3262 ponderibus]
931 3189 1037 3267 Vulgo,
1055 3192 1127 3255 unde
1144 3198 1225 3246 terra
1245 3189 1279 3247 et‘
1293 3186 1358 3263 qui-

208 3263 261 3332 bus
280 3262 386 3315 librata
402 3262 581 3330 pandendum
601 3264 798 3322 incommode:
819 3282 885 3316 nam
905 3264 957 3335 qui
974 3280 1074 3316 rerum
1094 3264 1181 3317 initia
1199 3263 1359 3339 diligenter

208 3333 389 3407 indagabant,
417 3333 493 3385 unde
517 3333 606 3387 tellus
635 3343 710 3388 esset
740 3343 885 3399 concreta,
914 3329 1136 3404 proculdubio
1164 3336 1356 3404 quaerebantt

207 3404 335 3474 adeoque
353 3407 530 3471 ταυτολογίας
547 3421 613 3459 reus
631 3406 718 3459 fieret
736 3401 848 3460 Cicero.
885 3400 945 3458 Nos
965 3400 1059 3480 igitur
1077 3406 1213 3458 eximiam
1231 3405 1358 3459 Eliensis

208 3492 263 3531 sec.
282 3476 440 3528 lectionem
459 3474 568 3539 darnus,
588 3493 676 3544 eaque
695 3493 814 3544 prorsus
832 3482 874 3528 est
892 3490 969 3528 vera.
1006 3474 1042 3527 D.
1312 3536 1317 3542 .

248 3595 250 3599 ,
282 3541 361 3599 Unde
379 3547 654 3618 terru'et‘qus'bus
673 3546 779 3601 libratu
795 3545 1001 3614 ponderituet]
1030 3541 1284 3616 „Nonuassentior
1301 3534 1358 3616 Da·

206 3615 292 3681 visio,
318 3622 344 3669 el
371 3615 465 3684 quidus
485 3618 612 3669 mutanti
639 3619 671 3669 in
701 3610 802 3687 aequis.
847 3613 924 3670 Satis
954 3615 1102 3688 significat
1129 3615 1232 3670 Cicero
1259 3617 1357 3670 verbis

207 3686 280 3739 uude
304 3693 382 3739 terra
399 3683 589 3757 Philosophos
616 3691 732 3756 opeiam
760 3686 880 3751 dedisse,
909 3695 943 3739 ut
970 3696 1186 3760 cognoscerent,
1214 3682 1357 3758 quomodo

207 3765 288 3809 terra
309 3757 403 3810 fuerit
424 3755 558 3818 formata,
586 3753 691 3811 deinde
714 3756 857 3827 quomodo
880 3757 946 3812 fieri
970 3757 1133 3826 possiunt
1155 3777 1184 3812 se
1211 3759 1242 3810 in
1261 3757 1358 3810 medio

207 3830 272 3881 a‘e’re
296 3829 395 3897 quieta
431 3834 461 3880 et
492 3827 611 3880 immota
643 3829 792 3882 sustineat.
830 3826 893 3880 Vid.
927 3843 999 3897 quae
1027 3826 1073 3879 his
1107 3822 1142 3881 de
1166 3829 1252 3882 rebus
1282 3828 1359 3880 dixit

206 3898 287 3951 Plato
310 3894 385 3968 apud
409 3895 560 3952 stobaeum
578 3895 643 3950 nel.
667 3898 757 3970 Phys.-
777 3917 807 3969 p.
830 3901 872 3953 70.
892 3897 922 3951 et
940 3913 1012 3965 quos
1031 3889 1130 3951 laudat
1148 3899 1264 3968 Lipsius
1283 3896 1360 3967 Phy·
1393 3927 1396 3934 ι

207 3968 272 4024 siol.
297 3966 386 4022 Stoic.
413 3971 450 4022 11.
477 3972 520 4024 16.
558 3966 715 4033 cavernae,
745 3987 815 4040 quas
842 3966 874 4021 in
903 3985 979 4038 seqq.
1007 3963 1095 4032 dicit,
1122 3986 1193 4038 aqua
1219 3968 1359 4038 repletae,

207 4039 365 4092 secuudum
392 4035 556 4091 Stoicorum
585 4041 758 4093 sententiam
784 4037 987 4109 aequalitatem
1011 4038 1150 4108 ponderis
1176 4047 1273 4093 terrae
1299 4055 1361 4090 ma·

207 4109 306 4180 risque
332 4108 528 4163 efficiebant.“
554 4105 688 4163 Bouhier.
726 4108 817 4174 „Non
842 4116 905 4162 erat
931 4125 1021 4177 quare
1040 4107 1110 4164 Dav.
1131 4111 1262 4163 omnium
1280 4104 1360 4164 MSS.

206 4188 237 4233 et
261 4181 333 4234 Edd.
363 4179 553 4233 scri'tionem
582 4182 659 4235 corri
683 4180 777 4234 eret.“
795 4176 862 4238 lim.
900 4174 1004 4232 Merito
1029 4179 1176 4233 neminem
1202 4181 1361 4250 obsequen·

206 4258 266 4303 tem
290 4250 406 4302 habuit·
441 4268 487 4303 av.
509 4268 544 4304 ex
563 4248 631 4303 coo.
680 4252 764 4304 liens.
789 4268 845 4307 sec.
865 4248 974 4320 ubique
992 4250 1168 4319 interpolato
1187 4250 1360 4317 Ciceronem

207 4321 364 4405 corrigens.
385 4316 453 4375 Bill.
474 4322 515 4374 eit
533 4318 592 4373 nisi
610 4319 683 4374 velis
696 4319 809 4375 Davisii
830 4321 1062 4374 emendationem
1080 4316 1222 4390 amplecti
1242 4318 1298 4375 vei
1311 4319 1360 4373 ci·

207 4406 308 4445 cerem
325 4392 507 4461 suvroioyluv
526 4390 662 4459 obiicere,
683 4389 912 4448 construendum
931 4408 1006 4446 esse:
1033 4393 1106 4445 unde
1133 4399 1160 4446 et
1177 4394 1274 4461 quibus
1288 4408 1360 4464 pon·
