2856 5084
218 276 281 340 274
533 320 537 333 .
571 270 784 336 RICHARDI
810 271 1034 358 BENTLEII⁸

220 455 309 510 aequo
328 439 423 492 animo
440 439 542 504 ferret,
574 453 632 491 non
658 438 723 490 dico
748 438 858 512 corrigi
882 445 931 490 aut
956 437 1100 510 castigari,
1134 437 1252 491 sedvel
1276 438 1374 494 doceri

221 513 395 582 quicquam?
421 509 565 579 Equidem
582 526 629 561 me
648 510 834 561 commemini
853 509 885 559 in
903 508 1101 630 pravissimam
1120 518 1149 561 et
1168 509 1374 578 inexpiabilem

219 583 279 635 viri
296 583 363 634 satis
381 580 444 631 noti
462 576 652 632 offensionem
671 579 840 632 incurrisse:
866 597 906 630 nu
919 581 977 630 lain
1000 579 1086 631 aliam
1109 580 1144 632 ob
1163 597 1284 644 causam,
1317 580 1374 632 nisi

221 651 297 723 quod
315 659 485 721 corruptum
502 659 602 721 poetae
622 650 726 703 Graeci
746 651 845 702 locum
869 649 1099 715 mandaverim,
1130 668 1216 720 quem
1235 651 1287 702 ille
1306 659 1373 703 anto

121 753 124 767 ι
219 723 434 784 sollicitaverat,
463 722 550 774 illusis
575 721 705 775 omnibus
731 721 822 774 iratis.
860 720 991 788 Scilicet,
1017 721 1121 776 audere
1140 739 1314 791 quemquam
1332 739 1375 774 sa-

217 811 297 864 pere,
317 794 366 846 ubi
385 794 434 845 illi
451 792 505 845 tali
532 801 561 845 et
578 799 659 844 tanto
684 791 813 861 desipere
837 793 1007 866 contigerat,
1035 791 1143 844 iniuria
1166 800 1229 845 erat
1250 809 1308 844 non
1333 794 1375 844 fe-

218 865 315 919 renda.
352 865 397 928 Tu
414 880 494 928 vero,
517 881 590 916 cum
608 863 769 927 humanius,
793 862 959 927 modestius,
976 863 1177 930 verecundius,
1203 870 1267 931 tum
1286 863 1374 925 etiam

218 931 374 1006 sapientius
392 935 486 991 multo
504 944 534 989 ct
551 941 630 988 recta
648 933 724 1002 quod
742 934 823 988 siunt
839 934 886 985 via
904 948 967 989 rem
985 931 1167 1004 reputavisti.
1204 932 1279 998 Quid
1296 933 1375 988 enim

218 1006 272 1058 tibi
291 1007 418 1060 obfuerit
436 1005 511 1076 apud
529 1022 632 1075 aequos
650 1004 861 1069 aestimatores3
885 1004 909 1055 si
928 1004 999 1074 quid
1016 1005 1092 1056 mihi
1111 1010 1176 1076 apte
1195 1006 1227 1056 in
1246 1014 1374 1057 mentem

217 1079 343 1143 venerit,
361 1085 392 1132 te
407 1076 540 1145 fortassis·
555 1075 712 1151 effugerit?
739 1090 843 1147 nempe
861 1075 926 1128 aliis
943 1076 1169 1131 correctionibus
1187 1076 1374 1145 subtilissime

219 1149 388 1224 excogitatis
406 1147 515 1201 abunde
533 1148 589 1200 hoc
607 1163 786 1269 compensas:
806 1164 910 1221 nempe
928 1145 984 1200 hoc
1003 1146 1081 1199 idem
1099 1147 1252 1212 Victorios,
1276 1151 1375 1200 ilianu-

218 1220 284 1286 tibs‚
304 1220 464 1284 hambinos,
489 1219 639 1281 Gruteros,
658 1235 674 1270 a
689 1216 729 1270 ios
741 1215 897 1290 effugeret:
915 1223 945 1270 at
963 1235 1032 1287 quos
1046 1219 1145 1271 viros?
1164 1219 1265 1284 quibus
1284 1235 1374 1288 nupe-

182 1353 184 1357 γ
218 1307 285 1343 rum
304 1290 495 1344 Gruterianae
513 1289 647 1342 editionis
665 1297 846 1341 recoctorem
860 1306 1061 1352 annumerare,
1080 1295 1107 1342 et
1125 1289 1216 1343 stellis
1234 1293 1374 1342 maculam

136 1383 144 1431 χ
217 1377 353 1429 sporgere
371 1361 512 1425 candidis,
539 1359 613 1433 mibi
639 1377 707 1413 saue
730 1359 836 1433 religio
863 1367 915 1415 eet.
952 1359 1010 1413 Hos
1029 1360 1108 1412 inter
1132 1379 1202 1431 quos
1220 1370 1254 1412 tu
1272 1362 1313 1412 ita
1332 1377 1375 1412 se-

218 1433 326 1500 queris,
345 1439 380 1482 ut
397 1448 478 1501 saepe
497 1447 543 1483 eos
562 1431 753 1498 consequaris,
765 1442 856 1500 'saepe
875 1429 1032 1495 antecedas,
1056 1430 1152 1500 siquid
1169 1431 1223 1484 tibi
1241 1440 1291 1484 aut
1309 1447 1376 1500 pec-

218 1512 315 1555 catum
333 1504 410 1555 forte
428 1510 479 1555 aut
495 1518 553 1554 non
574 1509 758 1570 perspectum
777 1502 879 1565 fuerit,
902 1505 961 1556 nou
978 1501 1100 1555 verebor
1126 1519 1162 1555 ne
1179 1521 1197 1554 a
1214 1519 1261 1554 me
1279 1502 1376 1554 admo·

218 1572 296 1633 uitus
313 1573 470 1627 mordearis
488 1581 518 1625 et
535 1581 628 1625 mutes
648 1573 791 1640 colorem3
814 1572 928 1636 nedum,
948 1572 1024 1642 quod
1042 1571 1159 1640 quidam
1177 1574 1272 1626 facere
1290 1573 1376 1638 solet,

218 1643 361 1715 rumperis
380 1641 498 1708 invidia,
525 1643 584 1699 bile
611 1650 641 1697 et
663 1642 734 1697 felle
757 1644 943 1708 intumescas,
962 1661 1015 1712 pus
1039 1643 1163 1712 denique
1182 1651 1211 1696 et
1228 1660 1377 1696 venenum

218 1713 249 1769 in
268 1715 472 1784 immerentem
491 1712 627 1770 effundas.
665 1712 853 1779 Quamobrem
869 1721 937 1767 nota
954 1713 1028 1767 mihi
1048 1722 1077 1766 et
1094 1721 1220 1784 spectata
1238 1722 1288 1766 tua
1306 1731 1379 1783 pro-

217 1783 306 1841 bitate
325 1787 457 1856 confisus,
476 1783 588 1854 opellae
606 1782 676 1837 huic
695 1784 780 1852 quam
798 1802 814 1835 a
832 1801 877 1837 me
894 1782 987 1858 exigis
1005 1801 1122 1839 manum
1141 1784 1199 1839 iam
1218 1784 1375 1847 admove03

217 1855 336 1926 candide
361 1857 511 1926 libereque
536 1855 752 1926 impertiturus,
782 1854 879 1923 siquid
906 1854 940 1906 in
966 1854 1092 1908 lectione
1122 1854 1213 1907 semel
1237 1854 1377 1912 duntaxat

217 1926 322 1999 iterata
343 1927 556 1984 observaverim
592 1924 663 1990 (scis
688 1925 767 1977 enim
788 1943 845 1978 una
868 1925 994 1983 alterave
1017 1925 1130 1978 diecula
1152 1923 1209 1983 boc
1233 1925 1376 1995 quicquid

218 2006 261 2052 est
278 1996 354 2069 mihi
373 2007 474 2052 natum
493 1996 563 2062 esse)
591 1995 668 2066 quod
685 2003 735 2048 aut
752 1995 788 2049 ad
804 1995 959 2052 verborum
976 1997 1148 2052 sententiam
1172 2005 1222 2049 aut
1240 1996 1376 2049 dictionis

216 2066 374 2138 puritatem
392 2077 517 2141 spectet:
554 2084 620 2120 nam
638 2066 809 2121 minutiores
827 2066 892 2119 illas
916 2067 1078 2134 varietates,
1110 2083 1181 2136 quae
1200 2083 1295 2138 neque
1313 2082 1376 2123 sen-

217 2156 281 2193 sum
304 2157 400 2212 neque
422 2155 585 2211 sermonem
611 2138 767 2206 quicquam
790 2137 935 2200 afficiunt,
961 2137 1014 2191 alii
1040 2138 1163 2205 cuidam,
1194 2141 1246 2209 qui
1269 2139 1301 2190 in
1318 2135 1375 2192 hoc

217 2218 362 2267 mustaceo
379 2210 538 2267 laureolam
556 2207 679 2277 quaerit,
699 2207 800 2263 lubens
817 2207 962 2278 relinquo.

486 2441 559 2505 an
599 2435 825 2494 prunum
859 2407 1112 2498 marum

289 2560 307 2598 *
326 2565 395 2635 Gap.
415 2570 440 2649 i.
477 2565 514 2619 Et
532 2563 760 2644 meliusjuemur
777 2567 805 2615 et
823 2561 979 2629 leutius]
1004 2563 1099 2617 Codex
1118 2565 1258 2630 Gallicus,
1277 2564 1374 2638 lolius.

220 2635 509 2791 supepqqiqcnqvtqq:
524 2637 1057 2771 bibrubpllldelirbebbrlantiqaissimam
1075 2705 1126 2758 sit
1145 2723 1160 2758 e
1178 2705 1268 2763 doctis
1284 2724 1377 2775 genoe

216 2775 386 2916 podlffitffl
402 2823 501 2916 locum
520 2859 555 2899 ex
571 2845 609 2896 iis
628 2861 699 2909 esse,
728 2845 762 2898 de
790 2845 893 2914 quibus
918 2845 949 2896 in
972 2845 1030 2899 fine
1049 2802 1237 2903 Praefatiouis
1259 2852 1376 2903 monuit

346 2916 533 2983 Gaisfordius,
552 2916 646 2984 aliv-
666 2915 708 2968 Cl.
727 2916 858 2979 Bardili.)

288 2987 308 3024 ‘¹‘
327 2989 398 3042 lbid.
435 2987 525 3042 Araia
543 2984 633 3040 enim
657 2987 718 3052 fere
737 2986 886 3041 0000οΧ
903 2995 967 3054 post
984 2989 1103 3045 Romam
1120 2992 1259 3045 conditam
1277 2989 1378 3047 Liuias

218 3061 344 3125 fabulam
369 3059 461 3124 dedit]
496 3057 591 3111 Codex
620 3056 751 3110 onmium
774 3059 949 3110 veterrimus
976 3075 1034 3112 non
1060 3062 1191 3135 agnoscit
1217 3060 1301 3115 enim.
1337 3064 1378 3116 Et

130 3140 132 3145 “
220 3129 329 3182 rectius
347 3129 433 3192 abest,
452 3145 521 3180 cum
537 3143 604 3180 mox
622 3136 759 3196 sequatur
777 3128 878 3196 igitar.
916 3130 1031 3196 Contra,
1051 3130 1160 3186 excidit
1178 3149 1214 3184 ex
1232 3132 1379 3196 codicibus

218 3199 343 3270 primum
367 3196 466 3252 Livius
482 3197 542 3266 pri
547 3212 619 3248 mus
636 3198 762 3263 fabulam
776 3199 868 3264 dedit,
892 3201 933 3252 sic
951 3210 1049 3254 noster
1065 3203 1098 3253 iu
1114 3203 1204 3254 Bruto
1223 3219 1249 3256 c.
1267 3201 1376 3259 xv111:

219 3269 318 3329 Livius
334 3267 382 3339 qui
402 3269 544 3338 primus
562 3269 686 3331 fabulam
704 3266 808 3335 docuit,
828 3277 856 3320 et
875 3269 990 3337 ibidem,
1017 3273 1049 3325 Ie
1067 3272 1115 3342 qui
1137 3274 1278 3339 primas
1297 3275 1378 3340 fabu-

188 3339 192 3346 ’
220 3341 276 3397 lam
296 3341 382 3394 dedit.
417 3341 460 3392 Et
482 3338 594 3392 Gellius
611 3339 702 3394 XVII.
721 3341 771 3396 21:
803 3339 944 3396 Primus
966 3343 1088 3397 cronium
1114 3342 1146 3395 1,.
1172 3342 1270 3398 Livias
1290 3350 1376 3411 potia

220 3410 331 3480 fabulas
349 3411 571 3478 docerellomae
588 3410 684 3479 coepit.
721 3410 807 3465 Certe
831 3411 888 3463 nisi
912 3427 1037 3470 revoces,
1055 3415 1130 3466 illud
1151 3415 1272 3482 priseae,
1298 3418 1378 3470 clau·

221 3483 298 3538 dicat
316 3491 345 3536 et
361 3482 473 3538 laborat
491 3481 640 3535 Ciceronis
656 3482 879 3554 argumentatio.
1046 3523 1048 3526 >
1240 3539 1242 3542 ,

293 3552 360 3623 Cap.
381 3556 406 3608 2.
445 3551 544 3607 Omtio
567 3551 693 3616 Catonia,
720 3551 751 3603 ia
780 3567 834 3620 quo
857 3552 990 3607 obiecit
1016 3563 1047 3607 ut
1069 3555 1221 3624 probrum]
1258 3557 1376 3628 Repono

222 3621 335 3676 obiicit.
363 3621 413 3676 Sic
432 3624 510 3676 enim
528 3622 603 3675 solet
619 3623 732 3675 Noster.
752 3622 833 3675 luna
850 3623 899 3675 lv.
917 3626 966 3680 33:
988 3626 1063 3681 Quae
1083 3629 1117 3680 de
1135 3643 1229 3682 amore
1247 3628 1376 3683 iubenum

222 3691 357 3748 scribit
375 3692 507 3746 Alcaeus.
531 3693 568 3744 ·V.
588 3695 617 3747 3:
640 3691 677 3746 Ut
695 3693 831 3747 scribit
847 3693 977 3747 Ponticus
995 3696 1171 3754 Heraclides.

291 3758 310 3831 ξ*
329 3760 400 3818 Ibid.
421 3762 496 3824 ¹Nec
514 3769 615 3830 tamen,
627 3760 660 3815 si
683 3762 743 3829 oui
764 3765 877 3832 magnis
895 3764 925 3817 ia
949 3766 1019 3824 ealle
1041 3770 1072 3824 itt
1089 3787 1121 3823 eo
1137 3786 1241 3836 gerere
1259 3770 1376 3824 exerite.

221 3843 298 3904 runt,
321 3850 376 3891 aon
401 3832 475 3888 satie
493 3833 663 3894 Graecorum
680 3833 793 3900 gloriae
819 3783 1038 3904 respondemur]
1074 3839 1169 3895 Codex
1191 3842 1379 3907 veteri-Imus,

222 3905 281 3961 Nec
307 3911 399 3963 tameo
421 3903 491 3972 ric,
516 3906 582 3975 qui¹
601 3906 712 3972 magnis
739 3905 864 3973 tegentis
887 3915 943 3960 cet.
981 3908 1076 3977 Atque
1100 3911 1142 3964 ite
1168 3912 1326 3964 Vaticanus·
1340 3921 1379 3966 'et

222 3969 365 4035 Palatinus
377 3975 540 4034 ,Gebhardi
569 3977 666 4031 Recte.
704 3977 766 4033 Nec
785 3985 881 4031 tanen
899 3977 953 4035 sic:
968 3979 1005 4049 in
1024 3997 1057 4035 eo
1077 3995 1177 4037 rerum
1195 3990 1290 4046 status
1307 3984 1380 4037 licet

144 4053 145 4056 ’
223 4047 255 4100 in
270 4047 353 4113 nullo
371 4045 483 4116 bonore
499 4055 565 4103 tum
582 4054 675 4114 essent
691 4050 801 4116 politae,
826 4056 856 4101 et
873 4066 964 4118 paene
981 4049 1014 4103 iu
1032 4052 1147 4120 probro.

274 4113 312 4167 .*
329 4117 401 4173 ibid.
437 4119 654 4184 decertemus,
679 4116 713 4172 ei
736 4116 863 4183 Fabio]
898 4119 995 4177 Codex
1013 4120 1143 4193 Gallicus
1166 4123 1409 4180 mentuscae.

222 4204 329 4258 semus,
423 4254 427 4260 ι
582 4232 594 4257 ,
1073 4244 1075 4249 ,

224 4331 227 4334 ⁴
292 4256 401 4332 *ibid
436 4259 501 4316 Non
517 4262 619 4328 multos
636 4257 721 4314 etiam
737 4260 812 4328 opud
828 4275 878 4316 nos
898 4263 1017 4326 tataros.
1031 4262 1241 4332 Polycleteo
1262 4267 1380 4321 etPor·

222 4322 459 4402 rbosioeeloiase]
473 4331 588 4391 :Etiam
606 4331 696 4385 codex
714 4331 840 4400 optimus
857 4333 1025 4402 Polyclitos:
1047 4334 1141 4390 nihilo
1164 4343 1262 4393 tamen
1279 4338 1379 4395 minus

223 4397 395 4472 Polygnotos
419 4416 485 4461 cum
504 4409 555 4469 *tot
578 4401 651 4454 viris
677 4401 849 4459 doctissimis
879 4405 910 4457 in
935 4412 1047 4458 textum
1067 4405 1210 4462 adscisco.
1224 4405 1379 4463 Tsetzae

478 4533 483 4547 r

479 4556 484 4582 l
