2856 5084
221 269 284 338 sno
320 354 323 361 Ι
574 264 791 331 ascusam
817 242 1025 330 sauram

214 448 318 504 qtaern:
333 432 382 486 a:
400 446 486 500 paene
504 428 537 483 in
553 434 713 486 manniam
730 432 909 496 mortiferum
926 430 1000 486 illud
1017 436 1111 484 tenens
1132 430 1269 498 pacatam.
1308 435 1373 486 Mox

218 521 273 575 pra
292 505 443 558 ascendere
460 502 556 554 Codex
574 503 705 556 Gallicus
722 504 876 556 escendere.
1264 525 1265 531 κ

289 576 356 644 cap.
377 577 421 629 30.
459 572 600 642 Numqui
617 590 647 626 se
663 574 797 626 humanis
814 573 896 626 vitiis
912 571 1187 638 contaminavissent,
1206 581 1281 626 etse
1299 578 1370 627 tatas

217 645 385 699 libidinibns
403 643 554 708 dedissent,
574 645 673 713 quibem
691 647 806 706 caecati,
825 644 908 697 velut
925 645 1084 698 domesticis
1106 644 1188 696 vitiis
1215 650 1297 712 atqve
1319 646 1371 707 fla-

214 717 302 784 gitiis
319 733 348 769 se
366 715 592 785 inquinavissent,
619 719 663 768 uel
680 715 748 782 Rep.
774 715 914 768 motando.
928 715 1045 780 fraudes
1063 712 1248 780 inexpiabiles
1271 732 1370 768 :conce-

237 787 335 852 issent,
354 786 393 840 iis
412 787 521 839 devitem
539 786 673 854 quoddam
690 788 748 839 iter
765 802 833 851 esse,
849 786 988 839 seclusam
1006 801 1024 836 a
1042 784 1163 838 concilio
1182 786 1305 852 deornm]
1334 785 1369 837 In

215 803 263 908 iis
280 857 376 910 verbis
394 873 452 908 non
469 858 511 909 ita
529 857 630 908 multis
648 865 695 908 ter
709 865 850 926 quaterve
871 873 891 907 a
909 855 1131 908 dormitantibus
1156 856 1283 909 librariis
1302 873 1369 926 pec-

216 936 312 980 catum
331 945 389 980 esse
406 929 546 997 suspicer.
584 926 640 980 Sed
657 927 786 997 primum
804 942 946 996 apponam
962 927 1113 1000 integrum
1124 927 1231 992 lacum,
1249 934 1283 978 ut
1292 926 1368 978 mihi

215 999 371 1083 legendsun
388 998 520 1063 videtur3
546 998 663 1049 tuende
681 997 793 1050 ratione
813 997 1043 1050 emendationum
1062 997 1227 1051 vidalianus.
1265 997 1366 1051 Satiba

216 1071 318 1153 igitur,
336 1069 409 1122 Nam
428 1071 475 1136 qni
493 1085 523 1121 se
541 1068 617 1120 imm
625 1068 752 1122 unibus
769 1067 855 1120 vitiis
873 1067 1145 1132 contaminavissent,
1167 1074 1230 1122 ant
1248 1083 1279 1120 se
1297 1074 1369 1121 totos

207 1139 384 1194 vlibidinibns
399 1138 654 1204 dedidissent,
673 1139 771 1208 quibas
788 1138 900 1203 coecati,
918 1140 974 1192 vel
987 1138 1150 1193 domiai:
1165 1141 1306 1205 stapris
1325 1145 1368 1190 at·

215 1228 268 1280 qne
282 1210 410 1278 argeti:
432 1226 463 1263 se
484 1209 716 1278 inquinavissent,
742 1210 788 1262 vel
808 1226 865 1277 rep.
886 1211 1019 1263 violanda
1043 1210 1161 1274 tractes
1183 1209 1368 1278 inexpiabiles

215 1282 411 1351 concepissent,
428 1282 469 1335 iis
487 1281 596 1333 deviam
614 1281 750 1348 quddam
768 1280 824 1332 iter
843 1297 902 1334 esse
921 1289 976 1334 etc:
1012 1281 1170 1349 Principia,
1194 1281 1273 1333 illud
1292 1280 1367 1349 quod

209 1354 303 1427 ¹uulgo
321 1355 418 1405 lemur
440 1349 569 1404 inmanis
593 1351 675 1405 vitiis
694 1368 779 1420 quain
802 1352 960 1405 sententiae
979 1351 1193 1416 aduersumsit,
1221 1360 1254 1402 tu
1273 1351 1368 1403 consi-

214 1423 291 1476 dera.
328 1423 403 1475 Nam
422 1431 501 1474 certe
518 1420 640 1475 tamma
657 1425 728 1476 vitia
741 1431 823 1486 sunt,
850 1440 922 1492 qliae
946 1423 979 1474 in
997 1421 1127 1491 quemvis
1152 1421 1303 1474 hominem
1321 1439 1366 1474 ca-

162 1514 164 1518 *
211 1493 296 1558 dunt,
315 1511 388 1562 quae
406 1501 525 1544 naturae
542 1492 683 1546 humanae
701 1493 892 1547 imbecillitas.
903 1512 919 1545 a
937 1510 966 1544 se
980 1492 1136 1544 defendere
1157 1500 1190 1545 et
1217 1492 1365 1561 depellere

212 1579 273 1617 uon
302 1572 406 1634 potest.
443 1563 561 1615 Ovidius
586 1565 661 1617 Fast.
685 1564 709 1627 1,
734 1583 761 1620 r.
782 1566 849 1620 Ἣ.
878 1563 913 1616 de
938 1562 1137 1616 Astranouniae
1166 1564 1365 1616 inventoribus

213 1633 345 1705 imaeue,
364 1643 511 1702 tanquam
529 1637 615 1702 supra
633 1635 787 1686 mortalem
805 1634 998 1686 conditionem
1016 1635 1134 1699 enectis,

380 1704 526 1758 Credibile
544 1710 583 1757 est
599 1704 668 1758 illas
682 1708 795 1772 pariter
812 1705 949 1772 vitiisque
965 1703 1096 1773 decioque

461 1776 555 1828 Altius
573 1774 706 1827 humanis
724 1775 881 1828 evomuisse
898 1781 987 1842 caput.
1039 1798 1041 1801 ·

212 1844 303 1915 Atqui
326 1844 383 1899 lucc
400 1845 464 1898 laco
483 1862 541 1898 non
564 1846 600 1899 de
624 1847 815 1900 mediocribus
842 1853 872 1896 et
890 1843 1070 1919 ignoscendis
1094 1843 1175 1896 vitiis
1191 1843 1363 1899 Ciceronem

210 1917 294 1986 loqui
307 1918 496 1969 *manifestum
515 1925 570 1969 est:
600 1917 671 1969 hinc
689 1916 767 1970 enim
784 1915 1151 1984 mortaliumturpissimos
1177 1923 1207 1968 et
1225 1918 1364 1970 contami·

211 1988 373 2040 ratissima:
395 1988 487 2057 ponit,
512 1988 596 2039 illinc
616 1988 788 2040 castissimos
807 1987 1071 2054 sanctissimosque:
1102 2002 1231 2054 quorum
1257 1987 1309 2039 lias
1329 1989 1363 2040 ad

210 2057 331 2110 deorum
356 2058 434 2110 sedes
457 2067 536 2111 recta
558 2059 602 2111 ire
625 2067 688 2142 post
712 2064 844 2121 inertem,
873 2057 940 2110 illas
962 2059 1021 2110 iter
1044 2057 1160 2109 devium
1182 2074 1361 2126 capesseret

211 2128 303 2182 basus
326 2129 437 2182 sedibus
456 2147 544 2198 quam
562 2145 684 2181 maxiem
711 2127 865 2179 diversum.
901 2129 984 2200 nego.
1001 2127 1105 2201 igitur,
1135 2128 1211 2196 quod
1228 2129 1359 2196 proxime

210 2199 249 2251 ad
270 2199 412 2253 libiarum
438 2200 613 2270 scripturam
633 2197 751 2250 videtur
781 2196 916 2252 accedere
938 2197 1157 2251 ttmmantbu:
1183 2198 1269 2264 vitiis,
1304 2215 1360 2268 quo

212 2269 342 2340 epitheto
361 2271 496 2323 Horatius
514 2271 695 2323 uaster'usus
715 2276 756 2320 est
774 2268 904 2320 Sermon.
924 2269 964 2334 11,
982 2272 1008 2324 4.
1028 2288 1056 2320 v.
1077 2273 1119 2324 76.

377 2342 504 2393 immane
520 2346 563 2392 est
578 2339 685 2390 uitium
703 2340 773 2391 dare
790 2337 885 2390 nsitlia
902 2347 984 2393 terna
998 2343 1126 2396 ‚macella

210 2413 280 2464 aton
296 2410 376 2494 lego,
395 2417 457 2464 ant
474 2425 504 2462 se
522 2415 594 2465 totos
611 2416 665 2464 etc.
702 2411 768 2463 Non
782 2409 864 2462 enim
882 2411 1005 2476 eosdem,
1033 2412 1081 2464 sed
1105 2411 1232 2465 diuersas
1250 2413 1362 2465 iutelli-

206 2479 272 2556 'gitq
292 2498 414 2550 priores,
433 2480 594 2543 sceleratos,
613 2478 770 2545 fraudibus,
787 2481 908 2550 rapinis,
927 2482 1057 2535 caedibus
1074 2492 1248 2556 grassantes:
1266 2493 1362 2552 postc-

60 2562 64 2569 ‘
142 2561 145 2564 '
212 2551 315 2616 riores,
333 2551 520 2620 voluptarias,
539 2549 590 2616 qui
610 2551 708 2602 ventri
730 2558 759 2603 et
775 2551 862 2624 gulae
881 2561 910 2603 et
927 2553 1093 2619 lihidinibus
1110 2553 1248 2607 serviunt.
1273 2553 1362 2607 Certe

211 2619 283 2676 haec
300 2621 373 2675 vitia
391 2619 596 2690 quedammodo
616 2621 759 2673 contraria
777 2630 853 2687 sunt,
880 2640 934 2676 nec
951 2623 1038 2676 facile
1063 2623 1095 2673 in
1112 2640 1201 2675 uuum
1225 2623 1363 2676 eundem-

208 2709 269 2761 ·que
285 2692 435 2751 tremissem
454 2689 569 2742 cadunt.
606 2691 683 2764 Lege
709 2691 811 2745 deiude
838 2693 1068 2755 dedidissent
1094 2709 1160 2744 cum
1178 2693 1306 2745 Victoria
1332 2704 1363 2748 et

207 2763 312 2824 codice
330 2780 367 2817 ex
385 2760 445 2815 tuis
461 2759 592 2824 meliore,
618 2761 696 2828 quad
721 2771 750 2814 et
767 2761 817 2814 hie
845 2772 874 2816 et
891 2780 973 2831 saepe
997 2763 1068 2814 alias
1085 2779 1238 2832 perperam
1256 2764 1363 2818 immu-

214 2835 290 2886 tavit
315 2830 490 2885 Gebhardus.
527 2829 639 2884 Dedere
662 2832 740 2883 enim
763 2833 854 2885 snaius
877 2833 947 2902 quid
972 2841 1006 2887 et
1036 2832 1245 2906 significantius
1269 2844 1361 2901 notat,

212 2920 299 2973 quarn
325 2902 412 2963 dare;
439 2916 493 2970 pro
519 2902 631 2969 captivo
657 2919 685 2954 se
704 2903 827 2967 tradere,
850 2903 885 2958 in
903 2902 1075 2954 servitutem
1092 2903 1233 2967 addicere,
1253 2907 1362 2958 manci·

211 2974 306 3042 pure.n
326 2971 521 3031 Gonfirmatur
545 2970 601 3023 hoc
629 2980 658 3024 et
677 2990 712 3025 ex
736 2972 870 3025 adiuncto
897 2979 967 3025 totas
986 2971 1170 3026 dedidissent:
1195 2975 1236 3026 sic
1254 2978 1360 3029 Noster

211 3044 246 3097 de
264 3041 388 3116 Legibus
407 3042 445 3105 11,
465 3043 490 3096 2.
527 3040 585 3094 Pro
610 3058 666 3110 qna
689 3041 773 3109 mari,
809 3049 836 3099 el
858 3041 905 3095 oni
928 3058 979 3096 nos
1003 3051 1079 3096 totos
1102 3043 1204 3097 dedere
1224 3047 1357 3100 debemus.

209 3112 254 3164 Ad
271 3111 404 3166 Atticum
422 3112 471 3176 lX,
490 3115 516 3167 4.
537 3111 594 3165 Sed
610 3118 710 3177 tamen,
728 3129 762 3165 ne
780 3128 823 3164 me
841 3120 934 3165 totum
953 3114 1128 3182 aegritudini
1145 3115 1254 3181 dedam,
1273 3119 1359 3173 sumai

208 3179 282 3235 mibi
297 3183 434 3255 quasdam
458 3187 597 3248 tamqnam
619 3185 720 3245 θέσεις.
754 3182 870 3237 Tuscul.
890 3183 924 3247 V,
943 3187 988 3240 39.
1024 3184 1100 3238 Huic
1124 3186 1250 3240 discendi
1276 3205 1358 3256 qnae-

209 3253 342 3322 rendique
368 3250 481 3306 divinae
509 3253 693 3308 delectationi
714 3261 775 3306 toto
800 3267 830 3305 se
848 3251 941 3307 animo
968 3255 1153 3322 dedidissent3
1183 3258 1232 3310 ubi
1251 3258 1358 3313 iterum

209 3333 310 3379 contra
327 3324 488 3377 victorium
507 3332 536 3378 et
562 3332 626 3387 tuas
653 3324 765 3377 codices
783 3323 967 3389 Gebhardum
984 3327 1111 3396 sequeris
1136 3329 1209 3381 male
1224 3329 1358 3398 interpo-

208 3393 318 3455 lantem
337 3393 489 3463 dedissent,
527 3393 665 3462 Sequitur
683 3394 825 3464 deinceps
846 3396 951 3455 Quibus,
966 3396 1081 3461 caecati,
1100 3398 1182 3451 velut
1200 3400 1356 3455 domesticis

208 3465 289 3521 vitiis
306 3473 388 3536 utqnce
405 3463 529 3537 flagitiis
547 3481 578 3518 se
589 3456 829 3537 inquinavissent:
851 3465 907 3535 hoc
924 3475 978 3532 est,
1004 3466 1100 3536 quibus
1118 3485 1168 3520 seu
1194 3470 1356 3537 sceleribus,

208 3535 268 3588 'sive
280 3534 451 3589 'libidinibus
473 3535 551 3600 (nam
569 3534 604 3593 ed
619 3543 777 3604 utrumque
794 3535 850 3588 hoc
868 3536 1007 3601 refertur)
1034 3538 1107 3593 velat
1133 3540 1294 3592 domesticis
1313 3543 1356 3594 vi-

207 3607 256 3658 tiis
275 3614 329 3665 etc.
366 3606 448 3674 Quid,
468 3605 585 3669 malum,
605 3604 679 3665 illud
696 3606 791 3659 velat?
815 3624 851 3658 au
869 3607 986 3674 scelera,
1006 3608 1129 3676 fraudes,
1153 3611 1271 3681 rapinae
1289 3621 1355 3664 sunt

206 3676 359 3734 domestica
376 3677 468 3729 vitia?
493 3676 583 3727 immo
600 3692 670 3729 vere
686 3676 760 3730 haec
778 3683 811 3729 ut
829 3677 972 3731 &duecte
987 3687 1020 3730 et
1034 3679 1179 3748 disparata
1195 3691 1354 3751 ponuntur.

204 3747 246 3802 Le
267 3764 284 3801 a
305 3765 373 3822 erge
391 3746 537 3799 levissima
550 3746 721 3813 mutatione,
737 3748 796 3801 vel
813 3748 973 3803 marsnae
985 3749 1123 3818 flagitiis,
1140 3752 1191 3805 rel
1202 3754 1356 3821 republica

205 3766 350 3873 adunas.
386 3816 507 3884 Alioqui
531 3816 670 3885 impedita
691 3835 808 3888 prorsus
832 3820 925 3873 oratio
948 3829 1007 3885 est,
1024 3816 1132 3890 'neque
1160 3822 1272 3876 exitum
1300 3825 1355 3876 sibi

203 3890 324 3959 reperit.
346 3889 439 3952 ,Haec
457 3884 575 3955 quidem
593 3889 773 3954 emendatio,
791 3896 947 3960 utcumque
973 3891 1024 3942 fiat
1050 3893 1164 3957 ceteris,
1187 3893 1275 3968 longe
1292 3912 1357 3947 cer-

203 3960 314 4014 tissima
334 3967 394 4020 est,
425 3956 472 4009 se'd
499 3957 578 4009 aliud
599 3959 670 4025 quid
693 3959 780 4012 etiam
805 3969 903 4012 restat.
943 3962 1017 4015 vide
1032 3965 1114 4015 enan
1138 3963 1223 4028 illud,
1251 3965 1356 4019 Quibus

202 4031 334 4087 uitiiset
359 4026 524 4081 letaidau
543 4032 662 4093 emen,
685 4031 735 4084 »vai
759 4031 916 4086 domemcis
941 4032 1027 4087 vitiis
1050 4050 1086 4088 ae
1113 4033 1355 4103 inquinavissent:

201 4100 291 4168 Quam
309 4099 426 4173 frigide,
446 4116 532 4168 quam
550 4099 670 4170 illepide
688 4102 737 4154 hic
756 4103 901 4172 repetitur
918 4103 993 4157 illud
1008 4103 1113 4158 aa'tiid
1140 4124 1176 4161 aa
1191 4105 1354 4175 quidquam

199 4172 342 4242 sapit-aut
358 4169 521 4244 elegantiae
542 4179 596 4223 ,aut
610 4173 712 4241 copiae
730 4173 900 4231 Tullianae!
933 4173 1124 4243 Quamobrem
1149 4185 1200 4231 aut
1212 4176 1355 4252 legerim,

198 4240 360 4296 amanen
380 4244 489 4311 stupris
509 4247 593 4312 atque
611 4242 749 4310 flagitiis,
775 4251 826 4297 aut
851 4240 1003 4299 ardentm
1021 4244 1143 4316 neqnv'tio
1171 4254 1251 4318 atque
1268 4247 1354 4316 dagi-

197 4311 264 4438 ssic:
289 4311 345 4365 illa
366 4312 448 4367 esim
472 4313 551 4383 apud
575 4314 713 4375 Nestum
736 4334 797 4370 una
823 4333 890 4369 cum
917 4317 1037 4391 flagitiis
1063 4333 1121 4373 nou
1149 4319 1239 4374 semel
1258 4318 1356 4372 iuncta

227 4399 344 4458 ‘Unus'
710 4429 713 4433 .
1051 4430 1055 4437 .
