2856 5084
201 278 263 346 21⁴
393 274 625 345 CICERONIS
646 275 894 341 TUSCULAN.
916 274 1147 340 DISPUTAT.

200 462 327 523 versae,
350 464 443 506 more
464 443 592 520 doctae,
622 445 825 526 parsimonia
856 441 1076 521 delectantur,
1107 450 1147 503 ut
1177 439 1218 503 de
1245 441 1354 504 Lace-

202 524 385 588 daemoniis
417 528 529 610 paullo
559 523 636 588 ante
668 526 820 591 diximus.
869 526 1047 589 Persarum
1084 543 1103 585 a
1129 522 1356 606 Xenophonte

200 612 311 671 victus
333 612 525 692 exponitur:
549 629 630 693 quos
652 611 751 692 negat
771 608 814 670 ad
838 628 957 690 panem
989 607 1149 668 adhibere
1178 609 1355 688 quicquam

201 700 337 773 praeter
358 693 573 758 nasturcium.
604 692 818 771 Quamquam,
842 693 870 753 si
889 690 1049 772 quaedam
1071 692 1172 749 etiam
1196 693 1356 752 suaviora

201 783 321 835 natura
342 774 518 848 desideret,
542 795 639 856 quam
661 774 766 834 multa
787 792 827 833 ex
848 783 939 835 terra
960 773 1202 854 arboribusque
1213 775 1356 858 gignun-

97 885 99 890 ·
200 863 272 936 tur,
298 877 398 940 quum
432 858 526 938 copia
553 857 654 928 facili,
682 865 753 916 tum
783 858 950 921 suavitate·
981 858 1206 940 praestantia!
1239 852 1355 928 ,Adde

202 1046 305 1098 omisso
323 1047 412 1112 nudo,
432 1053 557 1115 quatuor
575 1043 655 1109 Oxx,
681 1044 879 1113 quodammodo
898 1062 973 1098 unus
991 1044 1055 1110 Ox,
1073 1045 1129 1098 duo
1148 1045 1200 1097 alii
1219 1046 1354 1114 quomodo

201 1133 269 1169 cum
286 1119 355 1192 Reg.
376 1117 449 1170 Gud.
471 1121 495 1170 1.
513 1118 541 1170 2.
561 1133 647 1183 quam
664 1115 820 1168 lectionem
838 1123 930 1168 ortam
949 1134 1008 1169 esse
1028 1134 1063 1169 ex
1083 1115 1152 1186 quod
1168 1117 1249 1170 modo
1267 1133 1354 1168 nemo

200 1204 260 1243 non
277 1187 357 1240 videt
375 1204 411 1241 ex
427 1187 671 1258 pronuntiationis
688 1186 878 1260 negligentia.
915 1187 1022 1240 Vocem
1039 1203 1067 1252 a,
1086 1203 1166 1256 ⁴quae
1186 1203 1243 1239 non
1261 1195 1302 1238 est
1321 1188 1355 1238 in

200 1258 274 1310 Edu.
294 1258 384 1311 Gebh.
403 1259 487 1311 Verb.
501 1257 688 1322 GronTbn,
705 1258 819 1312 uncinis
838 1258 957 1311 inclusit
977 1259 1023 1312 Or.
1045 1258 1148 1314 addens
1167 1258 1260 1309 abesse
1280 1274 1355 1323 eam,

200 1329 226 1380 si
242 1327 312 1381 fides
330 1330 523 1392 collatoribus,
542 1346 557 1380 a
576 1328 642 1381 eod.
662 1331 730 1404 Reg.
752 1337 781 1381 et
797 1329 945 1398 plerisque
963 1331 1033 1396 (sex)
1053 1329 1124 1382 oux.
1144 1337 1174 1380 et
1191 1328 1355 1398 saepissime

199 1414 302 1451 rocem
319 1399 434 1468 alienus
453 1400 528 1467 apud
545 1398 714 1453 Ciceronem
740 1417 808 1454 cum
835 1400 962 1469 simplici
980 1400 1112 1452 Ablativo
1140 1400 1278 1455 construi.
1316 1401 1357 1451 Et

200 1469 257 1521 hoc
279 1470 396 1536 quidem
418 1470 520 1522 verum
541 1478 592 1526 est.
629 1471 673 1525 Ita
697 1471 756 1523 Oic.
777 1471 811 1523 de
834 1470 899 1523 Dit.
920 1472 943 1523 Ι.
964 1475 1008 1526 38.
1027 1473 1078 1526 82:
1105 1471 1225 1522 alienum
1252 1470 1357 1524 aarum

200 1538 349 1592 maiestate
367 1556 427 1606 aua,
446 1541 495 1592 ubi
512 1541 571 1591 vid.
592 1549 680 1593 nostr.
701 1559 766 1592 ann.
786 1559 814 1610 p.
836 1545 895 1596 188.
916 1541 976 1594 add.
997 1542 1060 1593 Tib.
1076 1541 1198 1593 Gracch.
1219 1558 1263 1610 ap.
1275 1540 1355 1596 Gall.

201 1615 227 1676 7,
247 1614 296 1666 19:
317 1612 438 1664 alienum
457 1612 596 1678 dignitate
613 1612 659 1664 rei
675 1611 813 1678 publicae.¹
847 1611 902 1664 Sed
919 1628 977 1664 non
993 1613 1089 1663 minus
1112 1629 1203 1682 saepe,
1229 1612 1279 1663 sed
1297 1629 1357 1664 sae-

178 1716 179 1722 .
199 1681 380 1750 pinsetiam,
397 1682 514 1752 scripsit
528 1683 628 1735 Cicero
647 1681 753 1735 alr'enue
771 1699 799 1743 a,
819 1699 912 1752 neque
930 1683 1046 1737 silentio
1067 1682 1230 1735 collationis
1249 1683 1356 1735 codicis

199 1751 277 1826 regii
289 1753 557 1821 'oxoniensiumque
575 1753 687 1822 aliquot
703 1753 849 1805 fidendum
867 1754 991 1806 videtur.
1021 1754 1073 1804 Est
1092 1761 1171 1805 certe
1185 1769 1208 1804 a
1228 1755 1259 1804 in
1268 1753 1354 1805 Ccdd.

198 1821 290 1894 Regio
309 1823 467 1875 simillimis
491 1824 652 1892 ceterisque
671 1824 774 1876 nostris
801 1824 940 1876 erunibus.
980 1823 1071 1888 Quare
1089 1825 1204 1876 uncinis
1224 1841 1287 1876 eam
1305 1841 1357 1876 vo.

106 1944 109 1948 Α
199 1893 448 1954 solemniaeum.
485 1893 567 1947 Solus
592 1894 658 1948 cod.
686 1899 760 1948 Mon.
782 1898 807 1948 1.
831 1903 898 1962 past
916 1910 934 1947 a
953 1901 1056 1947 natura
1082 1895 1184 1947 inserit
1208 1911 1262 1969 qua
1289 1896 1373 1948 ante‘

199 1963 360 2016 nunidem
378 1983 445 2029 cum
486 1981 551 2018 xan.
571 1965 710 2031 D.,habet
723 1971 883 2034 quaerent
906 1981 959 2035 pro
985 1973 1148 2034 quaerunt.
1186 1965 1230 2018 Ad
1247 1985 1275 2018 v.
1297 1983 1358 2018 arn-

196 2037 277 2101 pliua
295 2035 422 2086 Handius
438 2036 470 2086 in
487 2036 652 2088 Tursellino
670 2037 693 2088 l.
711 2053 740 2105 p.
751 2036 811 2090 nel.
833 2050 874 2101 sq.
895 2044 1001 2100 monet,
1021 2046 1119 2089 nostro
1137 2037 1201 2089 loco
1221 2054 1282 2089 eam
1300 2052 1355 2107 pro

97 2112 100 2116 ’
199 2106 378 2157 substantivo
395 2107 517 2175 positam
535 2107 664 2180 intelligi
690 2122 769 2176 posse
788 2106 867 2158 alirtd
890 2106 1017 2173 amptius.
1054 2109 1090 2159 ln
1109 2125 1187 2176 seqq.
1208 2107 1262 2159 duo
1282 2109 1353 2160 Oxx.

200 2192 267 2227 cum
294 2175 378 2227 Vind.
399 2182 424 2231 1.
444 2182 469 2232 2.
495 2177 602 2230 babent
628 2179 794 2231 universo
818 2191 904 2227 more.
936 2177 1018 2228 Vind.
1046 2182 1070 2231 1.
1099 2179 1131 2228 in
1158 2179 1216 2230 line
1241 2180 1356 2248 periodi

199 2245 288 2299 habet
306 2246 371 2300 dixi
391 2248 593 2317 prediximus.
630 2247 770 2315 Sequitur
795 2263 862 2298 mox
888 2248 925 2300 in
947 2245 1125 2314 Xenophonte
1146 2265 1200 2317 pro
1219 2249 1244 2301 ‘a
1262 2250 1358 2303 Xeno-

196 2315 300 2385 phonte
319 2319 350 2369 in
367 2320 502 2382 uno-Ox.
519 2323 592 2371 Mon.
614 2319 638 2368 l.
666 2317 764 2369 Duisb.
800 2317 836 2371 In
859 2317 947 2373 Rehd.
971 2320 1113 2388 scriptum
1138 2329 1180 2371 est
1205 2320 1357 2373 Persarum

201 2405 263 2444 rea
282 2405 300 2441 a
317 2388 400 2453 Xen.,
418 2391 450 2441 in
468 2389 756 2456 Marb.'Xenofonte.
794 2389 848 2441 Pro
867 2389 956 2442 victua
979 2390 1090 2464 legitur
1112 2389 1221 2444 iunctus
1235 2393 1357 2461 populus

144 2480 146 2483 ·
201 2459 235 2515 in
251 2476 309 2514 uno
328 2461 395 2516 Cod.
416 2461 466 2514 Ox.
504 2462 564 2514 Mr.

274 2552 347 2604 Quos
371 2554 457 2617 negat
483 2549 522 2600 ad
542 2546 656 2616 panem]
692 2548 754 2600 Hoc
778 2547 868 2599 tradit
893 2548 1051 2617 Xenophon
1074 2549 1234 2619 Cynopaed.
1260 2549 1309 2601 lib.
1331 2550 1355 2602 1.

136 2622 139 2626 ’
200 2637 262 2690 cap.
282 2622 332 2689 ΙΙ.Ι
355 2619 377 2684 §.
398 2624 422 2675 8.
462 2616 656 2688 Hieronymus
686 2620 718 2669 in
744 2617 840 2671 Jovin.
869 2618 918 2669 lib.
940 2619 978 2671 ll.
1004 2637 1068 2692 pag.
1096 2623 1157 2675 367.
1200 2620 1358 2673 Persarum

186 2693 284 2759 ,regis
303 2691 375 2760 Gyri
391 2693 477 2743 tritam
493 2688 645 2757 Xenophon
664 2697 722 2741 octo
740 2687 920 2741 voluntinidue
939 2690 1071 2757 explicat,
1088 2689 1204 2757 polenta
1222 2697 1248 2742 et
1274 2706 1358 2743 aar.

202 2762 300 2814 dumo
318 2769 344 2814 et
361 2762 422 2813 sate
439 2776 472 2812 ac
488 2775 561 2825 pane
579 2760 688 2814 cibario
707 2775 754 2812 coe
773 2774 900 2836 araneas
917 2759 1055 2814 victitare.
1087 2762 1159 2815 Vide
1177 2763 1214 2812 sis
1234 2761 1357 2813 eundem

201 2833 234 2885 in
251 2833 381 2885 Danielis
400 2848 460 2900 cap.
478 2831 703 2883 Vll..nostrum
723 2830 828 2883 defin.
857 2829 906 2886 lib.
926 2831 965 2885 11.
986 2847 1047 2901 cap.
1067 2833 1111 2887 28.
1138 2841 1168 2885 et
1186 2832 1358 2885 Strabonem

109 2943 113 2950 .
194 2903 252 2959 lib.
276 2903 333 2954 XV.
358 2919 392 2971 pa
416 2943 423 2955 .
449 2903 525 2955 1067.
563 2900 669 2966 Quibus
692 2909 788 2953 autem
813 2900 848 2953 de
878 2903 969 2953 causis
992 2902 1135 2956 arrideret
1166 2903 1356 2967 nasturcium,

201 2973 315 3026 docebit
333 2919 432 3026 διώξω
450 2971 481 3022 in
505 2965 644 3039 κάρδαμα.
680 2971 716 3028 D.

267 3076 337 3129 quos
354 3067 439 3126 negat
464 3060 502 3112 od
517 3061 618 3126 panem
642 3041 960 3129 adbibere'qui‘equam]
989 3059 1057 3118 Cori.
1077 3059 1150 3112 Gud.
1168 3059 1255 3111 habet
1273 3056 1355 3111 adli·

201 3131 267 3186 bere
290 3133 432 3212 quicquam
454 3131 492 3182 ad
512 3146 621 3213 panem.
658 3131 759 3215 „Quqd
783 3131 891 3183 dicitur
914 3132 944 3186 h.
964 3130 984 3186 l.
1009 3129 1160 3209 quicquain-
1180 3129 1218 3182 ad
1241 3143 1353 3195 panem,

200 3201 320 3254 Graecis
346 3209 389 3252 est
411 3217 587 3270 προςφαγιον
611 3219 631 3252 s.
656 3210 824 3271 προςοψημα
843 3239 846 3242 -
863 3202 907 3254 Cf.
937 3200 1088 3256 Gasaubon.
1115 3201 1148 3252 ad
1172 3198 1355 3260 Athenaeum

201 3271 329 3354 VII.-p··
347 3274 408 3328 296.
428 3274 466 3324 E.
494 3290 537 3342 ap.
564 3271 796 3357 §chweighaeus.
821 3271 926 3354 T31v.
949 3288 983 3355 ⁸p.
1009 3269 1075 3324 15ss
1101 3267 1215 3322 Setaea.
1241 3297 1274 3305 —
1311 3269 1355 3321 De

183 3346 354 3413 quartarum
375 3343 451 3412 quod
470 3343 588 3396 Graec1s
607 3352 655 3396 est>
667 3343 821 3412 aapdapar,
843 3341 902 3392 vul.
922 3339 1043 3392 Fischer
1060 3340 1095 3392 ad
1112 3341 1182 3393 Xen.
1203 3340 1309 3410 Cyrop.
1330 3341 1354 3392 l.

92 3412 94 3419 '
200 3412 228 3467 2·
247 3412 273 3465 8.
293 3428 320 3479 p.
340 3405 384 3468 14.
405 3431 491 3480 quem
508 3413 605 3466 laudat
621 3413 717 3467 Kiihn.
745 3412 802 3464 -Ad
819 3429 882 3464 rem
900 3410 932 3461 in
950 3428 1027 3480 seqq.
1047 3409 1118 3462 facit
1140 3412 1225 3464 etiam
1243 3411 1356 3462 Nonius

200 3481 329 3534 Marcell.
348 3501 378 3552 p,
397 3487 459 3539 395.
480 3483 522 3538 ed.
542 3485 677 3544 Merserii
695 3483 782 3551 (Lips.
804 3481 909 3547 Hahn.)
929 3481 979 3550 qui
997 3480 1075 3532 hunc
1093 3481 1229 3533 Varronis
1247 3483 1356 3546 locum,

201 3568 238 3605 ex
255 3551 331 3605 libro
350 3555 400 3622 qui
418 3554 575 3623 inscriptus
594 3563 636 3606 est
655 3555 722 3606 Cato
742 3571 762 3604 s.
783 3552 817 3604 de
835 3552 935 3604 liberis
954 3552 1115 3616 educandis,
1134 3552 1232 3605 affert:
1252 3549 1357 3605 Persae

198 3628 317 3690 propter
343 3625 561 3677 exercitationes
583 3625 707 3692 pueriles
731 3623 856 3677 modicas
883 3639 943 3674 eam
966 3627 1030 3674 sunt
1059 3624 1197 3676 consecuti
1225 3621 1356 3688 corporis

201 3692 367 3759 siccitatem,
392 3700 424 3745 nt
447 3711 532 3762 neque
552 3702 692 3762 spuerent,
723 3709 804 3759 neque
827 3699 1049 3758 emungerentur,
1073 3694 1216 3757 sufficione
1241 3709 1355 3761 corpore

202 3771 302 3818 essent.
324 3795 357 3806 -
401 3763 436 3815 ln
463 3765 530 3818 Ood·
557 3767 632 3817 Mon.
654 3771 678 3819 1.
705 3764 843 3815 scribitur
859 3761 1049 3816 'nostratium
1093 3765 1193 3837 Pergit
1223 3764 1295 3817 Gud.
1322 3767 1354 3819 21

201 3850 271 3902 quae
289 3833 402 3905 inquam
414 3852 472 3904 pro
492 3851 672 3904 quamquam
699 3835 775 3887 idem
794 3834 941 3887 ardoribus
958 3851 1011 3904 pro
1031 3835 1237 3904 arboribusque.
1274 3835 1354 3886 Unus

200 3907 252 3960 Ox.
280 3921 334 3976 pro
359 3920 437 3972 quam
454 3906 540 3959 habet
562 3907 642 3975 quod.
680 3906 715 3961 In
738 3904 827 3958 Rehd.
851 3905 989 3962 scribitur
1013 3907 1183 3961 nascentum
1206 3907 1242 3958 al.
1263 3920 1357 3958 nasce-

202 3977 278 4032 ram.
316 3977 377 4033 Mr.
533 3981 536 3993 ¹
697 3997 699 4002 ⁸

272 4049 433 4115 cumcupiu
451 4047 543 4114 faciti,
563 4054 619 4100 tum
642 4046 780 4103 suauitate
803 4046 993 4114 praestantia]
1030 4045 1174 4113 „Videtur
1199 4046 1356 4120 legendum

202 4125 259 4172 tum
277 4113 419 4172 suauitate
440 4119 682 4186 praestanti.“
718 4117 839 4171 Lancia.

273 4189 341 4241 Cum
366 4189 444 4257 copia
466 4189 572 4255 facilia,
599 4197 656 4242 tum
679 4186 818 4241 suauitate
842 4185 1046 4257 praestantia}
1067 4187 1111 4239 Ita
1129 4188 1173 4240 cl.
1197 4188 1353 4240 Bentleius.

200 4258 297 4331 Vulgo
313 4259 412 4323 Γασὲἱὶς
431 4261 506 4330 quod
525 4260 549 4310 si
566 4263 727 4313 retineatur
742 4267 806 4329 post
824 4259 1020 4328 reponendum
1034 4256 1201 4327 praestanti,
1222 4259 1357 4328 quemad-

200 4330 317 4386 modum
335 4331 406 4381 fecit
427 4331 460 4381 D.
482 4331 644 4383 Lambinus.
681 4331 770 4386 Duc..
1289 4364 1290 4367 κ

272 4415 333 4455 curn
350 4397 431 4466 copia
450 4402 540 4466 facili,
561 4407 618 4454 tum
637 4401 777 4452 inaurare
797 4393 988 4470 presumtio]
1026 4399 1230 4464 „Commodam
1248 4395 1356 4453 babent
1377 4443 1378 4446 ,
