2856 5084
522 273 653 338 nunu
674 274 718 349 v,
748 275 799 342 so.
970 262 975 273 ’
1173 278 1233 346 les

82 439 209 524 aliquid
222 440 379 503 habeant:
401 439 673 527 namthistonis²
695 441 891 522 Pyrrhonis,
913 441 1040 504 Herilli
1054 442 1232 506 nonnullo-

45 581 46 586 ,
82 544 225 605 rumque
245 523 391 585 aliorum
412 531 632 592 evanuerunt.
676 524 724 584 Hi
745 523 825 606 quid
846 525 975 607 possint
997 524 1161 603 obtinere,
1182 526 1233 588 vi·

80 605 231 682 deamus,
265 608 396 670 omissis
422 605 560 685 Stoicis,
594 624 737 687 quorum
769 608 850 668 satis
891 605 1012 686 videor
1047 605 1233 670 defendisse

79 690 286 752 sententiam.
329 690 371 750 Et
393 688 691 769 Peripateticorum
712 687 845 769 quidem
864 691 1028 771 explicata
1047 707 1146 750 causa
1164 699 1231 752 est:

79 778 216 853 praeter
227 771 507 854 Theophrastum,
523 779 556 834 et
576 771 606 834 si
623 772 681 850 qui
694 771 792 833 illum
813 773 919 834 secuti
939 771 1138 834 imbecillius
1153 771 1232 834 hor-

81 959 126 1012 ria
144 959 291 1013 Ciceronis
308 922 373 1013 loca
391 959 535 1034 congessit
552 956 640 1010 Aldus
659 971 746 1027 nepos
764 959 799 1013 ad
817 957 899 1013 effic.
919 959 969 1011 lib.
989 961 1011 1012 I.
1040 976 1100 1029 cap.
1119 961 1146 1015 2.
1163 955 1241 1012 Nos

83 1049 118 1084 ex
137 1029 201 1082 aliis
220 1032 384 1084 auctoribus
402 1030 542 1083 nonnulla
559 1031 748 1099 proferemus.
780 1032 874 1084 Nemo
893 1047 958 1082 sane
976 1047 1035 1084 non
1052 1030 1144 1096 novit,
1163 1032 1235 1100 Pyr·

82 1102 205 1155 rhonem
227 1103 296 1155 boni
321 1101 459 1170 malique,
483 1100 547 1154 veri
571 1101 694 1170 falsique
719 1101 875 1154 discrimen
897 1101 1053 1154 sustulisse.
1090 1100 1247 1155 Aristonis.

82 1181 213 1225 mentem
238 1172 293 1224 sic·
306 1173 427 1242 exponit
449 1171 582 1226 Laertius
607 1171 656 1227 lib.
679 1171 743 1226 vlt.
770 1171 792 1238 5.
815 1175 874 1235 16⁰.
910 1173 1040 1244 Ἀρίστων
1068 1171 1084 1225 ὁ
1112 1176 1233 1232 Χῖος-

80 1243 155 1303 τέλος
172 1245 272 1314 ἔφησεν
290 1235 361 1298 εἶναι
378 1243 408 1296 ed
427 1236 589 1312 ἀδιαφόροις
608 1241 710 1313 ἔχοντα
729 1243 779 1315 ζῇν
797 1238 868 1313 πρὸς
885 1243 918 1294 ed
937 1243 1037 1315 μεταξά
1063 1242 1159 1313 ἀρετὴς
1188 1244 1233 1296 καλ

80 1314 183 1377 κακίας,
210 1313 283 1383 μηδὲ
309 1309 439 1382 ἡντινοῦν
464 1313 494 1367 ἔν
518 1315 611 1374 αὐτοῖς
634 1313 811 1382 παραλλαγὴν
834 1315 1031 1378 ἀπολείποντα,
1055 1314 1111 1369 ἀλλ’
1138 1316 1232 1379 lutere

80 1383 128 1437 ἐπὶ
151 1378 265 1438 πάντων
287 1385 391 1455 ἔχοντα.
430 1384 562 1438 Clemens
585 1383 797 1437 Alexandrinus
810 1385 926 1439 ,Strom
947 1387 986 1439 11.
1011 1402 1075 1460 pag.
1096 1387 1158 1442 tet.
1198 1386 1237 1449 Π

79 1455 118 1522 δή
134 1470 179 1508 σοι
195 1458 343 1527 Ἀρίστωνα
360 1455 551 1524 καταλέγοιμις
581 1453 665 1515 Τέλος
683 1448 778 1516 οὗτος·
798 1453 870 1510 εἷναι
896 1456 947 1522 τὴν
965 1452 1137 1526 ἀδιαφορίαν
1161 1452 1230 1524 ἔφη·
1260 1482 1263 1503 ;

79 1527 111 1578 τὸ
130 1523 163 1579 di
180 1521 337 1598 ἀδιάφορον
355 1526 449 1586 ἁπλοῖς
467 1521 626 1594 ἀδιάφορον
643 1523 794 1579 ἀπολείπει.
833 1528 909 1580 Haec
936 1535 1034 1581 tamen
1057 1526 1164 1579 clarius
1183 1541 1233 1578 ex·

78 1597 238 1666 plicantem
261 1599 302 1650 fas
329 1598 371 1660 sit
398 1597 498 1651 audire
523 1596 665 1651 Tullium.
682 1598 813 1650 nostrum
840 1597 891 1650 lib.
918 1596 956 1650 11.
987 1595 1073 1649 head.
1101 1613 1161 1666 cap·
1185 1597 1230 1651 42.

78 1668 185 1734 Aristo,
204 1685 264 1723 cum
282 1668 408 1724 Zenonis
427 1668 528 1734 frehset
547 1667 674 1732 auditor,
702 1684 734 1721 re
749 1668 879 1737 probarit
897 1683 939 1733 ια,
968 1682 1040 1737 qnae
1058 1664 1109 1721 ille
1127 1665 1231 1732 verbis,

79 1737 154 1792 nibil
170 1756 229 1792 esse
245 1740 353 1805 bonum,
377 1739 437 1794 nisi
459 1740 595 1804 virtutem,
624 1754 707 1807 neque
730 1741 842 1805 neotum,
871 1737 930 1793 nisi
948 1739 1022 1808 quod
1039 1736 1141 1791 virtuti
1158 1741 1231 1792 esset

78 1810 268 1864 contrariam.-
285 1810 317 1864 in
334 1810 435 1866 mediis
453 1826 487 1864 eo
504 1816 651 1875 momenta,
671 1824 741 1932 puae
759 1809 838 1863 Zeno
860 1807 956 1876 voluit,
981 1809 1060 1863 nullu
1084 1823 1145 1861 esse
1169 1822 1236 1861 een«

79 1879 145 1932 suit.
184 1880 258 1933 Huic
275 1896 409 1933 summum
427 1882 523 1934 bunion
546 1886 598 1946 eet,
626 1879 656 1934 in
692 1880 719 1933 is
736 1880 817 1933 rebus
842 1886 973 1934 neutram
996 1879 1155 1947 innantem
1172 1894 1231 1931 mo·

78 1953 149 2016 reri,
169 1966 238 2020 quoe
255 1947 407 2020 ἀδιαφορία
425 1951 459 2004 ab
477 1952 538 2018 ipso
557 1950 675 2004 dicitur.
702 1949 810 2020 Pyrrho
829 1957 923 2006 cutem
941 1965 975 2004 ια
993 1966 1027 2003 ne
1046 1950 1153 2002 sentire
1171 1948 1232 2017 pni-

79 2021 142 2075 dem
169 2020 338 2089 sapientem3
376 2038 446 2091 quoe
475 2018 574 2087 ἀπαθῆ
605 2019 801 2086 nominantur.
846 2021 895 2075 Sic
928 2020 1047 2073 absurde
1077 2018 1228 2073 Gruterus.

78 2094 165 2167 Lege,
185 2107 255 2159 quoe
272 2086 395 2145 ἀπάθεια
412 2092 584 2155 nominatum
602 2099 636 2144 ut
653 2092 739 2145 habet
755 2094 804 2145 Ms.
825 2091 938 2148 Cantab.
958 2091 1045 2144 simul
1068 2107 1101 2144 ac
1117 2096 1231 2143 veteres

78 2163 157 2216 editi.
193 2162 303 2216 Herilli
320 2163 427 2218 bonum
445 2163 487 2217 sic
505 2161 591 2216 effert
609 2162 687 2216 idem
705 2163 836 2217 Clemens
860 2162 956 2216 verbis
981 2179 1009 2216 se
1034 2159 1173 2216 uentibus.
1195 2155 1235 2210 Ἠ

79 2232 113 2286 sd
130 2234 255 2305 ‘Hptlloo
274 2233 313 2294 εἶς
329 2233 417 2303 μέσον
435 2231 605 2354 παράγοῧιις
625 2235 663 2286 Td
683 2234 739 2287 κατ’
757 2228 907 2303 ἐπιστήμην
926 2234 983 2305 ζῇν,
1002 2180 1078 2294 iiior
1102 2224 1173 2283 εἶναι
1190 2233 1230 2283 rt·

77 2308 163 2371 θησιν
184 2305 316 2374 Ἥριλλος.
354 2305 519 2357 Lactantius
570 2304 610 2355 iv.
636 2304 706 2355 Inst.
730 2304 780 2355 lib.
801 2304 854 2358 111.
881 2321 941 2372 cap.
962 2308 987 2359 7.
1024 2299 1134 2354 Herilli
1159 2315 1232 2352 sum-

78 2390 148 2428 mum
166 2377 261 2428 bonum
280 2381 320 2428 est
339 2373 470 2428 scientia.
495 2372 567 2426 Vide
587 2382 617 2425 et
634 2373 714 2444 Epit.
734 2391 766 2426 ca
789 2411 795 2424 .
820 2371 948 2445 mm.
973 2390 994 2443 p
1033 2408 1041 2425 .
1064 2373 1107 2427 te.
1144 2370 1231 2424 heer-

77 2446 153 2497 tium
170 2446 316 2510 vl1‚165.
338 2453 368 2497 et
384 2443 568 2497 Ambrosium
586 2441 668 2497 effic.
688 2443 739 2496 lib.
760 2391 798 2498 h.
818 2461 879 2515 cap.
899 2444 937 2496 11.
957 2460 985 2495 n.
1024 2481 1030 2495 .
1068 2442 1105 2495 D.

148 2534 190 2586 Hi
216 2534 285 2603 qnid
309 2529 421 2600 possint
446 2531 579 2598 obtinere,
606 2530 772 2599 videamus]
807 2534 887 2587 Unus
913 2531 964 2586 Ox.
988 2531 1038 2586 He
1061 2529 1231 2601 quid,a1ius

78 2622 146 2657 cum
169 2608 244 2658 Mon.
265 2607 291 2660 2.
318 2602 444 2672 liquid,
470 2603 544 2659 Mon.
563 2606 591 2658 l.
616 2604 655 2656 In
680 2602 757 2672 quid,
782 2601 880 2655 Duisb.
901 2602 947 2657 Hi
955 2601 969 2655 e·
992 2603 1060 2673 quid
1079 2606 1228 2670 possunt.

77 2678 151 2729 bion.
173 2680 196 2731 l.
216 2677 362 2742 optinere.
399 2673 501 2726 Utitur
519 2673 621 2729 Cicero
649 2672 792 2727 obtinendi
813 2675 901 2728 verbo
926 2690 967 2740 ea,
986 2690 1064 2744 ¹quae
1089 2672 1140 2725 hic
1158 2671 1231 2724 obti-

77 2756 138 2813 net,
157 2747 307 2811 sententie,
326 2747 388 2797 fere
407 2761 521 2814 semper
538 2760 605 2796 eum
623 2744 711 2797 verbo
727 2760 832 2812 posse
850 2743 1014 2809 coniuncto,
1043 2743 1130 2797 etiam
1147 2741 1229 2808 alibi,

77 2817 171 2869 veluti
196 2818 228 2870 in
254 2819 337 2869 Verr.
356 2816 395 2867 11.
414 2817 441 2868 3.
461 2819 502 2870 71.
532 2823 604 2868 extr.
636 2814 672 2868 de
695 2815 780 2870 Finn.
807 2815 844 2871 11.
867 2816 912 2869 22.
938 2815 988 2870 Ν.
1013 2816 1057 2871 28.
1094 2811 1230 2866 imitatur

76 2887 252 2942 Arnob.1V.
274 2889 333 2942 133.
358 2894 431 2938 extr.
457 2900 603 2954 possumus
622 2884 754 2951 obtinere,
780 2885 887 2952 fotrum
911 2899 979 2949 esse,
1008 2882 1083 2952 qnod
1110 2880 1228 2936 dicitur.

77 2960 113 3011 ln
130 2958 214 3011 Vind.
235 2961 260 3011 l.
282 2965 324 3010 est
342 2957 484 3011 omissisi
516 2954 593 3010 itur
611 2953 730 3020 stettin
753 2957 786 3008 in
804 2955 878 3009 Gud.
899 2957 928 3010 2.
956 2953 1128 3008 nidiomne.
1159 2951 1228 3006 God.

76 3032 150 3085 Mon.
171 3029 256 3082 habet
274 3027 362 3097 quod
379 3028 469 3088 satim
524 3027 593 3078 uisb.
613 3025 725 3078 omittit
744 3042 865 3095 ραονιιαι,
883 3024 1040 3100 pergitque
1059 3021 1230 3077 sententiam

76 3099 151 3155 satis
176 3099 273 3152 videor
297 3096 468 3164 defendisse.
504 3099 634 3171 Pergunt
657 3096 728 3150 Edd.
753 3095 830 3153 Vict.
856 3095 924 3149 Rob.
950 3094 1049 3165 Steph.
1074 3102 1104 3149 et
1128 3093 1226 3153 Herw.

80 3173 162 3227 teto:
191 3176 218 3223 et
237 3167 463 3237 Peripateticis,
488 3182 632 3236 qnorum
651 3166 764 3236 quidem
782 3194 816 3205 —
855 3183 907 3220 uae
925 3167 1044 3220 videtur
1062 3165 1229 3229 coniectura

76 3241 163 3294 tacita
181 3239 319 3304 Victorii,
336 3247 464 3292 ceterum
482 3256 499 3290 a
516 3237 632 3291 nemine
648 3247 724 3308 post
747 3237 814 3293 illas
879 3237 904 3289 d.
925 3244 1051 3308 recepta,
1079 3241 1174 3306 neque
1191 3233 1230 3284 li-

76 3311 135 3363 bris
154 3311 267 3364 collatis
285 3310 462 3362 confirmata.
500 3310 554 3361 Pro
573 3307 714 3374 explicata
733 3308 788 3363 duo
808 3309 876 3362 Oxx.
895 3306 1003 3371 habent
1019 3305 1115 3359 sat-is
1139 3302 1229 3372 expli·

76 3388 152 3445 cota3
170 3380 255 3438 Vind.
277 3385 300 3434 l.
321 3381 485 3448 explanatae
509 3396 545 3432 ex
564 3378 656 3453 glossa
672 3378 807 3443 hominis,
832 3377 959 3448 quinon
984 3385 1064 3441 reete
1082 3375 1229 3449 intellige-

77 3461 124 3505 ret
142 3452 326 3516 sententinn3
355 3459 397 3502 est
416 3450 532 3502 enimi.
553 3468 580 3518 q.
600 3465 658 3501 non
676 3451 812 3513 abstrusa,
839 3447 935 3501 facilis
954 3447 1117 3512 intellectu,
1145 3462 1229 3514 expe·

78 3523 146 3578 dita.
183 3524 227 3575 lta
245 3521 305 3575 Cic.
324 3538 379 3591 pro
397 3520 512 3573 Plancio
530 3522 561 3573 l:
581 3518 679 3584 facilis
696 3526 723 3572 et
741 3517 880 3588 'explicata
897 3533 989 3573 causo.
1017 3515 1093 3587 Epp.
1112 3516 1147 3569 ad
1164 3513 1226 3569 Att.
1301 3559 1304 3565 .

75 3597 103 3657 9,
123 3595 154 3647 lt
173 3594 273 3647 literae
291 3597 364 3656 tuoe,
384 3591 479 3662 quibus
496 3588 570 3644 nibil
585 3596 677 3659 potest
695 3605 762 3653 esse·
774 3588 951 3658 explicatius,
971 3585 1045 3657 nihil
1063 3584 1229 3657 perfectius.

77 3662 178 3734 Pergit
203 3662 271 3717 Cod.
290 3661 381 3714 Rehd.
405 3660 517 3715 adbuc
537 3667 652 3728 praeter
679 3658 824 3742 Theopbr,
851 3653 906 3718 duo
933 3660 1003 3727 Qxx.
1022 3656 1100 3713 Gud.
1120 3662 1145 3715 2.
1169 3658 1230 3724 per
1305 3679 1308 3683 ·

81 3747 216 3818 Tbeopbr.
247 3766 283 3802 ex
307 3764 461 3818 perperam
478 3749 559 3805 leeto'
580 3749 751 3819 compendio
768 3749 847 3803 P'l'R.
869 3749 966 3809 ⁴Unus
984 3751 1035 3804 Ox.
1063 3746 1174 3802 omittit
1192 3741 1229 3810 ei,

78 3822 157 3891 quod
179 3827 293 3889 poterat
314 3835 557 3887 supervacaneum
579 3820 674 3873 videri
697 3820 797 3886 alicui,
823 3820 875 3890 qui
896 3820 1090 3873 urbanitatem
1114 3824 1144 3870 et
1170 3813 1230 3867 ele·

99 3892 206 3944 antiam
230 3907 297 3942 usus
320 3889 463 3941 formulae
480 3889 508 3942 si
525 3890 574 3959 qui
594 3907 653 3944 non
672 3891 861 3965 intelligeret.
899 3891 935 3942 ln
962 3889 1069 3942 duobus
1088 3888 1158 3941 Oxx.
1182 3891 1229 3936 est

78 3961 244 4017 imbecilius.
282 3959 324 4011 De
343 3958 542 4027 Theophrasto
560 3959 728 4015 Beroaldus:
756 3960 853 4026 „run
870 3959 921 4012 hic
938 3958 1132 4011 nobilissimus
1148 3953 1229 4008 Peri·

77 4033 287 4104 patetieorum,
318 4030 370 4098 qui
394 4029 426 4080 in
448 4027 525 4083 libro
551 4029 585 4084 de
603 4031 684 4084 beatu
709 4031 771 4083 vite
794 4030 920 4151 scripsit,
943 4029 1060 4081 beatum
1083 4041 1141 4080 esse
1154 4039 1228 4107 'non

78 4120 170 4174 posse,
189 4103 240 4172 qui
259 4101 418 4164 crucietur,
439 4098 546 4168 quique
565 4100 597 4152 in
613 4101 713 4154 dolore
731 4101 776 4153 sit.
813 4100 856 4152 Do
870 4116 932 4153 ores
951 4099 1030 4152 enim
1047 4111 1177 4166 corporis
1196 4095 1228 4146 in

79 4173 161 4295 mali3s
179 4180 313 4225 numerat
331 4179 360 4224 et
378 4171 511 4222 forttmae
529 4170 709 4246 naufragia.“
728 4171 799 4228 Vid..
811 4170 896 4223 Tusc.
916 4171 950 4223 V.
970 4173 996 4226 8.
1015 4170 1059 4225 24.
1078 4164 1183 4220 Acadd.
1203 4165 1227 4218 1.

83 4248 124 4300 lo·
162 4246 187 4298 5·
224 4245 285 4297 Mr·
730 4292 733 4297 ,
880 4265 885 4276 ’

151 4313 266 4369 horrent
285 4315 411 4369 dotorem
428 4318 455 4366 et
473 4309 671 4379 reformidant]
707 4311 877 4366 (iod-Vind.
899 4315 924 4367 l.
952 4308 1068 4365 horrent
1089 4314 1118 4363 et
1137 4307 1230 4372 refor-
1294 4311 1296 4315 ’

81 4385 190 4441 initiant
218 4386 348 4440 dolorem.
378 4383 466 4438 Marb.
491 4390 516 4436 et
542 4381 751 4449 formidant.
787 4382 889 4437 Rarius
908 4381 995 4442 verbo
1020 4380 1147 4452 simplici
1164 4395 1230 4433 usus
