2856 5084
515 284 783 367 eternitas.
1174 287 1237 354 aaa

84 453 215 515 beator¹
235 453 307 515 sine
338 451 476 513 notione
507 471 624 514 rerum
660 471 726 514 non
761 450 891 514 licebat.
949 446 1058 532 Atque
1088 451 1144 512 hic
1180 454 1236 515 vir

84 534 243 617 impediri
263 536 363 597 etiam
385 536 488 595 animi
510 536 614 595 aciem
629 534 788 616 adspectu
801 533 976 595 oculorum
991 533 1236 596 arbitrabatur:

87 625 121 678 ct
141 636 241 699 quum
263 617 322 678 alii
343 636 451 699 saepe,
473 616 560 697 quod
581 615 779 700 antepedes
803 624 898 690 esset,
917 634 985 677 non
1006 614 1171 694 viderent,
1193 618 1237 678 il-

154 805 181 854 et
199 800 262 856 sine
278 803 413 857 varietate
431 801 563 868 colorum]
581 802 650 855 Dav.
670 802 702 854 in
719 803 773 855 Ed.
793 805 819 857 2.
837 801 928 854 edidit
946 809 972 855 et
990 804 1024 856 ei
1045 801 1123 856 eine.-
1151 806 1236 874 quod,

82 879 117 923 ut
133 873 223 938 vides,
255 876 423 927 retractavit
448 875 479 924 in
497 874 549 926 Ed.
569 877 595 929 3.
632 874 705 925 Eam
721 888 802 936 vero,
831 890 916 941 quam
937 873 969 924 in
986 874 1039 926 Ed.
1059 877 1084 930 3.
1110 875 1237 944 protulit

83 943 277 996 coniecturam
300 945 441 1009 Davisius,
472 944 606 1013 probavit
623 943 712 996 Bouh.
738 944 870 1014 probavit
888 944 959 996 item
975 945 1134 1005 Nissenius.
1172 946 1236 1020 Ego

83 1029 142 1064 non
159 1015 303 1083 improbo:
336 1015 384 1068 sed
407 1015 566 1067 necessaria
589 1030 648 1066 non
672 1022 723 1067 est.
758 1015 895 1067 Ceterum
917 1013 1057 1068 habetet
1081 1017 1184 1085 cipro
1208 1021 1237 1068 et

82 1085 153 1148 siae,
183 1094 300 1154 praeter
321 1087 401 1158 Reg,
429 1085 517 1137 etiam
539 1084 613 1138 Gud.
632 1089 663 1148 l;
690 1084 738 1136 sed
764 1085 850 1139 blarb.
878 1091 907 1137 et
923 1083 1013 1137 Rehd.
1033 1085 1140 1138 habent
1166 1083 1237 1140 elai

15 1165 16 1168 ’
82 1154 154 1220 aiae,
180 1158 256 1207 Mon.
276 1160 302 1210 l.
328 1157 447 1208 caritate
469 1172 522 1225 pro
549 1157 696 1220 uarietate,
723 1154 801 1207 idem
823 1155 930 1208 dicebat
954 1154 1007 1227 pro¹
1032 1156 1138 1210 licebat.
1174 1157 1237 1208 Duo

83 1225 154 1278 Oxx.
174 1225 315 1277 omittunt
333 1227 429 1278 omnia
448 1226 513 1278 inde
531 1243 547 1276 a
564 1225 689 1279 colorum
707 1243 798 1295 usque
816 1226 851 1278 ad
869 1227 965 1279 aciem.
1003 1228 1037 1280 ln
1054 1230 1129 1280 Mon.
1147 1229 1172 1281 2.
1194 1234 1238 1279 est

81 1296 190 1348 ratione
217 1311 270 1364 pro
296 1296 416 1359 notione,
444 1296 571 1366 itemque
599 1296 631 1347 in
656 1296 747 1347 tribus
767 1299 837 1350 Oxx.
873 1295 909 1348 ln
928 1297 996 1353 God.
1019 1297 1107 1350 Rehd.
1125 1297 1238 1371 legitur

82 1365 127 1417 At
145 1363 198 1431 bic,
218 1366 250 1417 in
267 1369 341 1420 Mon.
355 1372 378 1422 l.
399 1365 444 1420 dic
460 1367 537 1422 oiri.
569 1366 715 1420 scribitur
732 1364 869 1435 impediri
886 1367 1000 1420 animi
1017 1367 1120 1420 etiam
1138 1367 1236 1434 aciem,

81 1435 182 1505 peiore
206 1436 306 1489 ordine
334 1438 366 1489 in
383 1438 455 1489 Edd.
480 1447 551 1490 vett.
576 1446 642 1490 ante
668 1436 736 1489 Dav.
764 1439 891 1507 itemque
917 1438 948 1490 in
966 1438 1037 1490 Edd.
1055 1437 1140 1490 Verb.
1160 1437 1234 1491 Lall.

83 1506 158 1558 Oliv.
196 1508 345 1560 Meliorem
365 1507 500 1561 exhibent
520 1509 606 1565 Codd.
630 1506 706 1561 MSS.
734 1509 788 1559 nisi
815 1507 892 1578 quod
915 1509 947 1560 in
969 1509 1060 1561 Rehd.
1080 1510 1132 1578 qui
1154 1508 1238 1561 traii-

82 1593 149 1629 cere
167 1585 242 1629 amat
261 1578 407 1644 vocabula,
430 1588 473 1632 est
491 1578 579 1632 aciem
597 1579 681 1632 etiam
700 1578 792 1631 animi
798 1597 807 1645 3
827 1587 856 1631 et
874 1579 906 1630 in
919 1579 993 1636 Gud.
1012 1579 1121 1632 excidit
1139 1579 1235 1632 aciem.

42 1666 55 1721 j
82 1647 205 1716 Scripsit
229 1649 330 1702 Cicero
354 1649 489 1718 impediri
511 1651 612 1716 ettam,
642 1651 661 1701 i.
687 1667 712 1702 e.
741 1667 799 1702 non
828 1650 911 1703 modo
936 1666 995 1702 non
1024 1650 1133 1724 augeri.
1167 1649 1236 1705 cod.

80 1720 157 1770 ldon.
177 1719 603 1788 1.habetaspecmocutoram.
629 1721 703 1775 Gud.
726 1725 749 1776 1.
770 1727 912 1791 aspectas.-
939 1722 989 1773 sed
1011 1721 1140 1775 correxit
1157 1735 1237 1774 erro-

82 1804 147 1841 rem
165 1789 264 1843 eadem
282 1809 391 1843 manus.
428 1793 490 1848 Mr.

152 1856 293 1926 impediri
311 1863 394 1914 etiam
414 1863 507 1916 animi
524 1862 629 1928 aciem]
666 1863 746 1915 Hanc
765 1863 799 1916 ob
818 1880 931 1916 causam
954 1862 1046 1915 oculis
1064 1880 1093 1915 se
1111 1863 1237 1933 privasse

82 1928 205 1995 dicitur3
234 1930 403 1983 Plutarchus
428 1941 525 1984 tamen
548 1950 611 1985 rem
637 1949 695 1986 non
714 1935 756 1985 ita
773 1950 802 1985 se
819 1933 951 1984 habuisse
970 1933 1127 1985 contendit.
1163 1934 1236 1986 Vide

31 2023 33 2026 ’
81 2000 246 2073 Menagium
264 2001 299 2052 ad
318 2003 429 2054 Laertii
447 2003 495 2054 lx.
516 2001 538 2067 §.
558 2003 665 2067 XLIII,
684 2007 710 2058 3.
739 2006 845 2056 Noster
863 2003 897 2055 de
915 2001 982 2053 Fin.
1002 2002 1099 2054 lint.
1120 2019 1180 2071 cap.
1192 2005 1237 2058 29.

81 2070 266 2124 Democritus
295 2069 378 2136 (cem
402 2073 513 2139 falcone
538 2074 759 2141 quaereremus)
786 2073 894 2127 dicitur
920 2071 1010 2125 oculis
1042 2087 1072 2126 oe
1096 2075 1236 2146 privatae.

80 2142 159 2215 Lego
178 2157 243 2194 vere
260 2141 369 2206 falcone
386 2160 441 2196 noa
461 2159 637 2212 quaerentum
669 2144 745 2196 hanc
764 2145 842 2197 enim
859 2143 1088 2212 disquisitionem
1107 2144 1238 2197 sibinen

80 2212 508 2352 iiili⁹¹²l³ioi⁵⁵⁹oliiili
523 2214 915 2351 {saturabuntur
931 2213 1239 2348 1121221111

191 2320 198 2334 ·
245 2321 251 2336 ·
325 2321 332 2336 ·
1063 2321 1071 2347 a

10 2357 12 2365 “
80 2353 281 2422 cogitationem
305 2355 463 2408 admontis
481 2355 790 2422 cogerentpuritatem,
818 2354 876 2406 sios·
893 2353 985 2406 oculos
1011 2354 1127 2407 eruisse.
1164 2355 1237 2408 Vide

81 2433 112 2476 et
129 2424 180 2479 lib.
200 2423 239 2475 ll.
260 2425 338 2476 advs.
357 2426 454 2478 Jovin.
473 2444 501 2496 p.
522 2428 584 2482 365.
621 2425 817 2495 Porphyrium
840 2427 903 2496 περὶ
926 2421 1037 2492 ἀποχῆς
1063 2425 1112 2479 lib.
1132 2427 1154 2480 1.
1175 2443 1235 2498 cap.

10 2554 15 2562 ,
80 2497 125 2549 30.
146 2502 176 2546 et
193 2494 341 2568 Agellium
361 2497 395 2562 X,
417 2500 459 2550 17.
496 2497 532 2552 D.

153 2564 221 2617 (lum
240 2565 272 2616 hi
290 2581 371 2633 saepe
395 2567 466 2636 qaod
489 2574 555 2622 ante
577 2568 751 2634 perterreret
773 2585 828 2622 non
845 2569 991 2636 viderent]
1021 2566 1069 2621 Sic
1088 2568 1131 2622 Cl.
1151 2569 1238 2622 Bent-

80 2633 165 2698 leius,
198 2644 231 2686 ut
253 2633 284 2688 lsi
309 2636 344 2688 ad
370 2638 468 2690 oculos
494 2641 667 2694 referantur.
703 2640 798 2712 Vulgo
821 2656 883 2694 cam
905 2641 957 2692 alii
975 2655 1056 2708 saepe
1075 2640 1147 2709 qaod
1171 2646 1238 2693 ante

79 2705 165 2774 pedes
183 2713 255 2760 esset
273 2723 329 2760 non
346 2709 482 2761 viderint.
507 2710 546 2762 At
563 2710 688 2764 viderent
707 2718 749 2762 est
767 2713 798 2762 in
807 2713 876 2785 Reg.
896 2710 1043 2763 Pithoean.
1065 2719 1094 2763 et
1105 2711 1178 2765 bled.
1198 2711 1235 2764 D.

154 2783 179 2829 et
198 2793 280 2845 quum
297 2777 369 2832 atis·
394 2795 529 2847 saepe-
548 2796 605 2833 aaa
629 2778 768 2845 viderent]
804 2783 871 2834 Non
888 2782 1021 2851 probavit
1038 2781 1157 2846 Davisii,
1187 2781 1238 2834 vel

80 2846 178 2915 potius
199 2847 326 2901 Bentleii
357 2850 586 2904 emendationem
614 2848 677 2915 (di)
700 2852 900 2921 Wopkensius
924 2852 946 2902 1.
971 2868 996 2903 c.
1014 2847 1055 2921 ⁴1).
1079 2853 1132 2906 114
1157 2850 1236 2915 (158.

81 2918 196 2984 Hand),
224 2936 317 2988 neque
340 2920 469 2989 placebat
493 2939 525 2974 ea
549 2921 713 2974 Bouhierio.
751 2922 806 2976 Sed
829 2939 883 2976 nec
907 2922 960 2975 alii
979 2938 1026 2975 eos
1050 2923 1128 2973 viros
1146 2923 1237 2974 secuti

81 2995 157 3040 sunt.
194 2988 234 3040 Et
260 2990 373 3044 merito.
417 2991 491 3056 Quid
513 3001 609 3045 autern
636 2992 690 3044 sibi
714 2992 787 3045 vetit
804 2992 874 3044 Dav.
899 2992 996 3044 dicens
1023 3009 1053 3044 se
1078 2993 1238 3045 restituisse

12 3084 15 3087 ·
80 3057 209 3112 viderent
237 3076 274 3112 ex
299 3061 385 3114 Godd.
411 3062 513 3126 tribus,
542 3080 610 3114 curn
630 3062 719 3135 vulgo
745 3063 845 3116 edatur
866 3061 1000 3127 viderint,
1031 3063 1138 3127 nescio,
1169 3079 1239 3116 cum

81 3146 179 3182 omnes
206 3130 278 3182 Edd.
307 3131 431 3185 habeant
453 3132 588 3186 viderent.
627 3131 762 3184 Attamen
787 3136 874 3187 etiarn
892 3133 1045 3203 Wopk.1.
1066 3150 1090 3185 o.
1110 3134 1238 3188 viderint

80 3201 197 3271 scripsit
213 3202 303 3275 vulgo
321 3202 392 3275 legi,
411 3205 596 3273 correxitque
615 3203 749 3268 viderent,
769 3204 818 3256 vel
835 3213 865 3258 et
883 3221 950 3256 cum
968 3204 1019 3255 alii
1038 3220 1133 3273 saepe,
1161 3205 1238 3274 quod

82 3276 146 3323 ante
166 3272 251 3340 pedes
275 3271 337 3338 ait,
366 3291 419 3327 noa
443 3273 615 3328 viderint.
653 3273 710 3327 Sed
729 3283 771 3326 est
792 3277 911 3327 fortasse
938 3272 1062 3328 uiderint
1085 3291 1238 3344 operarum

81 3358 181 3394 errore
199 3344 231 3393 in
249 3343 302 3395 Ed.
328 3345 450 3398 Gruteri
474 3345 696 3420 Hamburgensi,
728 3362 799 3413 quae
823 3363 900 3398 nunc
919 3345 955 3397 ad
972 3362 1088 3396 manum
1106 3362 1165 3398 non
1184 3354 1235 3399 est.

80 3413 135 3533 Ppo
154 3412 208 3465 alii
230 3413 285 3468 duo
306 3415 377 3473 on.
401 3415 509 3468 habent
532 3416 609 3482 aliis,
636 3432 710 3468 unus
732 3415 837 3470 videret
864 3432 918 3486 pro
941 3413 1079 3480 sideream
1114 3416 1188 3468 Gud.
1208 3421 1234 3470 l.

81 3499 99 3535 a
112 3482 161 3537 iis
185 3500 220 3537 ae
244 3503 266 3537 e.
303 3487 365 3538 Mr.

30 3542 33 3550 ’
152 3501 306 3622 quodpante
326 3557 412 3624 pedes
434 3557 532 3624 esset]
561 3557 631 3622 „Sic
656 3557 787 3616 ordinavi
811 3575 846 3611 ex
868 3556 991 3610 Victorii
1016 3555 1070 3609 Ed.
1089 3556 1159 3608 Pall.
1188 3573 1232 3626 pr.

80 3630 149 3675 tert.
171 3625 263 3692 quint.
284 3627 367 3679 Febr.
404 3630 498 3701 Vulgo
518 3630 677 3697 prodesset
704 3635 769 3682 ante
792 3629 885 3696 pedes.
918 3630 1136 3698 'Propert'aate
1151 3629 1235 3697 pedes

79 3694 174 3747 caecis
192 3693 299 3747 lucebat
316 3697 416 3750 semita
440 3698 527 3752 nobis.
564 3699 682 3754 Terent.
700 3699 823 3769 Adelph.
842 3698 904 3752 Act.
925 3699 979 3752 111.
1000 3716 1037 3752 so.
1057 3701 1090 3755 3:

247 3766 322 3818 Istuc
339 3774 379 3820 est
396 3782 504 3836 sapere,
523 3786 579 3823 non
597 3771 668 3837 quod
685 3772 849 3839 antepedes
867 3771 946 3824 alodo
965 3776 1007 3824 eat

252 3835 365 3902 Videre,
384 3840 434 3891 sed
452 3842 536 3894 etiam
553 3842 613 3906 illa,
633 3856 704 3910 quae
721 3844 816 3908 futura
835 3849 907 3895 aunt.

79 3907 155 3959 Fero
179 3913 213 3957 ut
232 3906 337 3959 Graeci
362 3909 417 3978 πρὸ
444 3910 551 3975 ποδῶν,
575 3907 630 3982 πρὸ
659 3918 769 3982 χειρῶν.
793 3921 827 3964 ut
853 3910 1017 3980 Sophocles.
1054 3909 1121 3961 ldeo
1139 3908 1234 3960 minus

80 3977 203 4029 assentio
222 3977 292 4028 Pall.
312 3995 369 4030 seo·
393 3986 458 4030 tert.
479 3982 770 4051 repraesentantibus:
797 3983 869 4050 quod
891 3986 954 4034 ante
978 3985 1059 4042 esset,
1083 3994 1137 4030 non
1155 3979 1233 4032 vide-

80 4046 174 4102 rent.“
200 4046 283 4102 Geth.
323 4048 467 4102 Scribitur
491 4052 650 4120 quodeaset
669 4052 832 4119 antepedes
851 4051 883 4101 in
899 4050 970 4102 Edd.
991 4053 1019 4101 P.
1040 4048 1073 4100 A.
1091 4049 1123 4100 Β.
1144 4048 1173 4105 0.
1194 4049 1231 4100 M.

20 4119 22 4121 ’
79 4120 114 4170 1..
133 4117 196 4170 Asc.
217 4124 242 4172 1.
262 4122 288 4175 2.
312 4120 382 4172 Ven.
407 4129 497 4173 nostr.
521 4123 602 4174 dunt.
628 4122 693 4174 Ald.
720 4121 802 4174 Boul.
827 4120 890 4174 Gar.
916 4120 1014 4190 Steph.
1044 4119 1141 4173 Herw.
1162 4123 1186 4173 1.
1206 4120 1233 4173 2.

78 4190 160 4242 Brut.
179 4188 257 4258 sylb.
277 4190 391 4246 Lambb.
411 4190 498 4247 Goth.
517 4192 613 4257 Laod,
638 4192 670 4244 in
696 4193 781 4246 Godd.
807 4207 866 4244 non
889 4192 969 4243 item.
1006 4191 1117 4242 Habent
1140 4196 1232 4243 essent

80 4259 166 4312 Godd.
184 4261 253 4335 Reg.
273 4260 347 4314 Gud.
370 4266 394 4316 1.
414 4265 488 4315 Mon.
509 4267 533 4317 1.
572 4264 607 4315 ln
626 4263 698 4315 Gud.
718 4265 743 4317 2.
771 4263 799 4314 le
821 4263 881 4313 itur
899 4261 1061 4328 antepedes
1080 4260 1139 4314 eiua
1156 4267 1232 4313 esset.

80 4329 125 4382 Ad
142 4332 313 4385 sententiam
332 4335 409 4386 conf.
430 4333 464 4385 de
481 4333 578 4387 Divin.
598 4333 637 4399 11,
658 4337 700 4399 13,
719 4335 768 4389 30:
792 4365 793 4369 =
828 4334 975 4387 emocra'tus
998 4338 1090 4390 tamen
1118 4347 1171 4386 noa
1188 4330 1232 4384 ab·

79 4400 147 4454 acite
165 4408 298 4472 nugatur,
316 4409 347 4459 at
363 4402 511 4475 physicas:
540 4421 598 4474 quo
615 4421 723 4480 genere
741 4403 818 4458 nihil
835 4403 1029 4479 arrogantius:
