2856 5084
370 283 805 348 EMENDATtontns-nn
825 284 996 364 LIBRUM
1018 286 1042 349 1.
1221 288 1283 354 tet

207 445 228 499 *⁷
241 450 312 506 Ibid.
352 450 390 504 llt
408 432 503 519 cygni,
532 450 582 518 qai
599 466 653 503 non
677 448 736 502 sine
762 464 846 504 conso
863 447 993 516 Apollini
1010 448 1098 503 dicati
1114 459 1209 516 sont,
1234 456 1284 507 sed

136 522 209 589 qnod
226 522 260 572 ab
278 537 309 573 eo
328 520 529 576 divinationem
546 519 647 574 babere
670 521 829 586 uideantur,
864 535 926 588 qna
949 520 1130 588 procidentes,
1158 523 1228 593 quid
1253 525 1285 579 itt

135 599 222 645 morte
239 592 306 645 boni
322 591 374 658 sit,
391 608 454 645 cnm
470 597 554 645 cama
574 598 601 644 et
618 591 759 659 oomptate
775 592 997 655 moriantur,
1016 594 1059 645 sic
1076 595 1232 647 omnibus
1251 603 1285 649 et

135 663 216 716 bonis
238 670 264 716 et
290 664 466 725 doctisasse
490 663 656 729 faciendam.
692 663 777 716 Plura
794 662 845 714 hic
863 671 938 727 sunt,
966 679 1039 730 quae
1062 680 1149 715 :nanu
1175 667 1285 719 medica

135 734 278 808 indigent.
298 735 395 787 Primo
412 737 486 788 sint
501 732 617 798 babent,
636 749 695 786 non
714 741 789 796 sunt,
808 733 919 786 codices
937 734 1030 785 nostri
1047 750 1154 787 omnes.
1176 735 1284 790 Deinde

133 820 273 875 proquo
292 813 372 858 recte
391 812 423 856 tu
443 822 478 857 ex
496 805 663 858 coniectura
679 803 784 874 qnasi
802 805 926 873 reponis.
964 805 1029 856 Mox
1052 819 1106 874 pro
1129 807 1287 859 morian-

136 883 208 941 tur,
227 876 303 943 quod
322 875 438 928 Codices
454 874 603 940 exhibent,
630 875 820 959 ego-corrigo
844 876 1062 940 moriantur,
1090 878 1179 928 etsie
1198 878 1288 930 codex

133 951 201 999 tuus
218 945 402 1000 Batiolensis:
425 947 469 999 Ut
486 947 578 1014 cygni,
597 946 641 998 sie
658 960 768 999 onmes:
786 961 845 997 uno
862 962 941 1011 vero,
959 945 1004 998 sic
1019 944 1155 1010 loomines3
1178 954 1207 1000 et
1226 949 1287 1001 sine

135 1017 221 1071 dubio
239 1016 408 1100 legendum:
428 1016 472 1069 sic
488 1015 693 1077 bominibus
710 1016 790 1069 bonis
808 1022 835 1068 et
854 1016 943 1071 doctis
960 1032 1019 1069 esse
1036 1017 1197 1080 fodendum.

205 1081 313 1140 *Ibid.
353 1089 430 1143 Quod
454 1085 501 1139 bis
527 1102 610 1156 saepe
635 1104 687 1140 asa
705 1088 791 1152 osuit,
818 1089 984 1155 quiquam
1011 1088 1116 1141 ocrim
1132 1088 1223 1142 scedis
1240 1091 1288 1143 de-

134 1156 271 1225 ficientem
288 1160 373 1213 solem
389 1158 574 1224 intuerentur,
586 1164 625 1210 'nt
644 1164 781 1226 aspectum
800 1157 911 1211 omnino
931 1156 1103 1225 omitterent]
1139 1161 1227 1213 Recte
1237 1179 1288 1214 ve·

133 1237 211 1282 terss
234 1232 327 1283 nostri
353 1231 533 1294 deficientem,
560 1245 629 1294 non,
653 1238 687 1280 ut
713 1229 870 1294 recentior,
901 1229 1104 1294 deficientibus:
1142 1231 1218 1299 quod
1251 1248 1287 1284 ex

127 1300 225 1370 ipsius
242 1300 367 1354 Socratis
384 1301 480 1353 verbis
498 1308 577 1369 patet
600 1300 631 1350 in
648 1301 774 1352 Platonis
800 1300 949 1353 Phaedone
971 1301 1011 1369 (p.
1027 1304 1073 1356 aa.
1090 1301 1134 1363 d.)
1158 1302 1192 1352 ad
1214 1319 1287 1370 quae

133 1370 184 1423 bic
203 1371 322 1440 respicit
331 1371 452 1424 Cicero:
466 1372 504 1439 pv)
523 1366 655 1438 πάθοιμι,
674 1371 745 1441 ὅπερ
764 1370 792 1423 οἱ
813 1373 891 1423 TON
906 1372 1029 1427 ΗΛΙΟΝ
1043 1375 1288 1425 ΕΚΛΕΙΙΙΟΝΤΛ

135 1445 305 1512 θεωροῦντες
330 1443 376 1495 καὶ
399 1442 585 1511 σκοπούμενοι
606 1436 757 1510 πάσχουσι.
783 1441 998 1511 διαφθείρονται
1019 1442 1072 1514 γάρ
1090 1444 1144 1496 ’που
1167 1444 1236 1496 ἔνιοι
1253 1443 1287 1497 τοὶ

135 1513 256 1580 ὄμματα,
276 1512 325 1566 ἐὰν
344 1508 382 1581 μὴ
402 1511 432 1566 ἐν
449 1509 540 1578 ὕδατι,
559 1513 576 1580 ἢ
595 1511 626 1564 ἓν
644 1532 699 1566 τινι
714 1507 828 1576 τοιούτῳ
841 1518 999 1566 σκοπῶνται
1016 1514 1068 1580 τὴν
1082 1513 1175 1566 εἰκόνα
1191 1512 1285 1568 αὐτοῦ.

97 1626 101 1630 .
129 1584 271 1636 ,Ceterum
298 1584 437 1654 impedita
458 1593 506 1637 est
531 1583 633 1648 oratio,
667 1585 767 1636 et·vel
794 1584 868 1635 illud
890 1599 1003 1650 qaam,
1027 1593 1060 1635 ut
1086 1585 1231 1637 Manutius
1251 1594 1286 1638 et

135 1654 288 1707 Lambinus
308 1656 451 1717 viderunt,
469 1654 528 1718 vel,
546 1660 661 1707 retento
679 1669 773 1722 quam,
798 1654 972 1706 eiiciendum
991 1655 1049 1706 erit
1071 1660 1123 1719 ατς
1151 1662 1180 1707 et
1203 1671 1287 1724 prae-

134 1732 212 1778 terea
231 1726 397 1791 notandum,
426 1725 456 1778 ed
476 1723 551 1776 uenit
573 1724 623 1776 hic
640 1725 767 1792 perfecti
785 1725 931 1793 temporis,
955 1740 1013 1776 non
1036 1727 1192 1794 praesentis
1216 1742 1284 1791 esse,

134 1812 201 1848 nam
214 1795 330 1864 :alioqui
348 1796 501 1848 dicendum
521 1803 593 1847 esset
611 1795 776 1848 intueantur
795 1804 825 1847 et
843 1794 981 1847 omittant.
1309 1801 1312 1808 '

203 1861 223 1899 *
240 1867 311 1919 Ibid.
349 1867 445 1935 Itaque
463 1866 600 1930 dubitans,
621 1865 864 1932 circumspectans,
883 1864 1033 1931 haesitans,
1059 1867 1147 1918 multa
1165 1869 1286 1920 adverso

132 1943 278 2001 reuertens,
309 1943 441 2006 tanquam
467 1936 498 1989 in
522 1943 585 1988 rate
610 1937 641 1989 in
668 1939 744 1988 mari
767 1936 902 1989 immenso
925 1944 1019 1989 naara
1043 1935 1154 1989 oebitar
1172 1939 1284 2004 oratio]

133 2009 179 2060 Ex
206 2016 269 2061 toto
293 2007 344 2059 filo
371 2017 400 2059 et
423 2007 520 2058 colore
542 2007 629 2059 facile
652 2014 695 2058 est
718 2007 862 2074 divinare,
890 2007 1050 2076 desumpta,
1063 2005 1135 2060 baec
1161 2023 1222 2060 esse
1249 2024 1286 2060 ex

130 2082 216 2150 poeta
233 2077 357 2147 quodam
374 2078 477 2132 veteri.
513 2079 569 2130 Pro
587 2084 730 2130 reuertens
749 2078 838 2129 codex
852 2085 954 2129 noster
971 2077 1119 2130 recentior
1143 2092 1283 2133 renuens.

132 2150 214 2216 Vide,
233 2167 269 2201 an
286 2149 328 2201 sic
347 2152 413 2201 satis
428 2147 579 2201 'cornmode
598 2149 632 2200 ad
649 2147 826 2207 Trochnicosv
841 2147 936 2221 redigi
955 2155 1075 2217 queant:
1302 2144 1306 2149 ’

297 2252 330 2263 -
350 2221 447 2289 ltaque
467 2220 607 2285 dubitans,
625 2218 865 2286 circumspectans,
883 2216 1036 2283 tresanus,

299 2293 392 2344 Malta
411 2293 530 2343 adunca
548 2306 687 2355 reverens,
707 2295 838 2359 tanquam
855 2289 928 2342 ralis
945 2289 977 2342 in
993 2289 1127 2342 immenso
1145 2290 1231 2356 mari,

295 2362 402 2414 Nostra
420 2358 529 2421 veditur
544 2361 623 2413 ratio
638 2391 675 2409 η-
690 2380 729 2408 τ-

131 2435 183 2486 ubi
206 2448 336 2485 reverens
359 2439 472 2484 vetuste
497 2447 552 2500 pro
574 2437 710 2483 mensas.-
739 2439 773 2482 ut
797 2431 950 2484 Terentius
974 2429 1104 2496 ³[Pborm.
1128 2433 1156 2496 2,
1178 2436 1204 2495 1,
1228 2432 1282 2499 34».

130 2504 220 2571 „Non
237 2504 406 2558 simultatem
423 2519 512 2554 msam
527 2500 655 2554 reuereri
672 2501 818 2554 saltem?“
844 2503 929 2554 Ratio
947 2510 1044 2554 autem
1061 2516 1128 2553 cum
1145 2503 1283 2556 iarnbino

130 2577 208 2650 lege,
227 2591 285 2626 non
302 2573 406 2638 oratio,
431 2580 466 2623 ut
488 2572 567 2624 codd.
591 2571 704 2625 habent.
742 2574 816 2625 Nam
841 2573 876 2625 de
901 2573 1005 2624 inentis
1032 2572 1093 2624 acie
1116 2589 1194 2625 nunc
1212 2575 1282 2648 agit,

132 2663 206 2716 quae
231 2646 281 2697 diu
304 2644 524 2712 contemplando
548 2642 690 2695 hebescit:
720 2660 806 2712 ([ααιῃ
830 2643 865 2695 ob
889 2660 1000 2695 causam
1027 2642 1110 2708 (nota
1128 2644 1159 2696 sd
1179 2643 1284 2714 itaque)

132 2717 210 2770 ratio
235 2724 333 2770 nostra
355 2716 475 2776 dubitat,
502 2714 633 2766 haesitat.
671 2715 710 2766 Et
730 2722 895 2783 praeterea,
927 2715 949 2765 si
978 2731 1043 2784 pars
1067 2715 1206 2767 versiculi
1229 2724 1282 2782 est,

127 2805 227 2896 smmi
240 2794 371 2909 iiiirmi
385 2787 565 2922 rinirffisl'tsii’aiiat
580 2785 911 2922 iiiwaiiquabmbbtestate
934 2853 1074 2923 legitima]
1110 2857 1211 2909 Nostri
1230 2859 1283 2912 Go-

130 2929 209 2982 dioes
228 2944 333 2992 omnes,
353 2933 403 2978 ent
421 2926 460 2977 ab
480 2924 584 2992 aliqua.
715 2964 717 2968 .
1254 2952 1256 2958 ·

128 3042 131 3049 .
202 2995 222 3034 ’¹‘
247 2999 313 3068 Cap.
342 3001 384 3051 31.
420 2996 572 3049 secernere
599 2999 690 3048 antem
715 3011 733 3047 o
756 3011 870 3063 corpore
895 2996 1027 3065 animam,
1061 3013 1111 3050 nec
1139 2995 1283 3068 quiequam

132 3070 212 3125 uliud
231 3077 286 3122 est
304 3085 400 3138 quum
418 3067 502 3120 emori
520 3065 651 3132 discere]
682 3065 707 3117 A
724 3066 870 3118 veteribus
888 3067 994 3118 duobus
1011 3069 1117 3120 nostris
1135 3069 1212 3122 abest
1230 3077 1283 3124 est

126 3156 248 3210 paam:
267 3141 343 3192 unde
361 3146 443 3191 certo
462 3137 678 3199 emendandum,
696 3135 910 3205 necquicquam
926 3137 1007 3191 aliud
1022 3139 1151 3192 estmori
1164 3142 1280 3195 discere.

127 3213 158 3265 ,Ε
173 3211 238 3264 vice
256 3211 319 3264 Est
337 3210 369 3261 in
387 3206 462 3262 MSS.
483 3215 525 3260 est
541 3206 725 3259 tralatitium.

201 3278 220 3317 ’¹‘
237 3283 309 3334 ibid.
346 3281 424 3334 Satis
443 3279 552 3348 quidem
570 3285 599 3331 ta
617 3280 646 3332 in
666 3276 873 3344 Consolatione]
905 3279 992 3331 Notri
1010 3278 1066 3332 duo
1083 3289 1196 3335 veteres
1215 3299 1282 3337 con·
1359 3300 1364 3311 ι

132 3353 255 3416 sinnius,
280 3352 357 3406 Satis
375 3357 410 3403 tn'
423 3351 543 3419 quidem.

202 3424 274 3476 Ibid.
314 3423 411 3478 Veniet
428 3427 534 3488 tempus
553 3419 719 3484 (moriendi)
737 3426 765 3471 et
783 3420 893 3488 quidem
903 3418 1049 3484 celeriter:
1068 3428 1096 3474 el
1113 3421 1173 3474 sire
1188 3431 1282 3476 retru-

129 3492 230 3558 ctabis,
248 3494 308 3547 sive
325 3493 504 3564 properabis:
532 3492 606 3544 eolat
623 3493 696 3544 enim
715 3491 814 3557 aetas]
850 3492 938 3544 Recte
963 3491 1080 3559 quidem
1097 3508 1175 3546 nunc
1190 3495 1281 3570 vulgo

128 3565 229 3620 editur
250 3565 433 3617 retractabis:
460 3580 528 3615 oum
552 3571 664 3614 veteres
688 3562 828 3614 editiones
855 3569 884 3614 et
908 3560 1021 3614 codices
1044 3562 1157 3632 aliquot
1178 3565 1235 3618 scri
1256 3566 1281 3618 ti

130 3635 292 3690 retardabis
307 3635 477 3686 habuerint:
503 3633 579 3703 quod
600 3640 698 3683 natum
715 3632 832 3685 videtur
853 3648 891 3685 ex
916 3631 969 3684 iiio
996 3632 1088 3689 altero
1104 3650 1226 3704 propera
1251 3637 1280 3700 ‘s,

131 3707 181 3760 cui
199 3706 310 3757 scilicet
328 3705 505 3757 contrarium
530 3713 559 3756 et
574 3699 722 3756 ἀντίθετον
740 3703 910 3772 :ponendum
933 3703 1087 3756 videbatur
1107 3708 1281 3761 retardabis.

130 3779 267 3831 Ceterum
291 3791 350 3827 uno
372 3775 459 3826 aerbo
477 3775 615 3826 -ieliciter
641 3775 785 3837 restituto,
814 3774 849 3826 de
873 3775 964 3827 altero
991 3783 1054 3827 erat
1082 3778 1280 3851 cogitandum.

133 3848 207 3914 Quid
226 3845 304 3898 enim
323 3853 364 3897 est
380 3845 544 3914 properabis
559 3845 596 3896 ad
613 3848 755 3897 mortem?
772 3845 828 3896 hoc
846 3853 926 3897 certe
944 3852 988 3896 est
1004 3846 1197 3898 voluntariam
1205 3863 1283 3900 mor-

128 3929 193 3973 tem
213 3925 278 3970 ante
301 3917 378 3970 diem
400 3916 455 3966 sibi
478 3929 635 3967 arcessere:
655 3916 737 3984 quod
759 3915 815 3967 hoc
839 3916 901 3983 ipso
927 3914 992 3966 loco
1009 3922 1111 3965 auctor
1135 3923 1282 3986 tamquam

132 3990 274 4055 illicitum
298 3985 497 4039 et'nefarium
523 3985 645 4037 damnat.
690 3985 764 4050 Quid
789 3988 880 4056 ergo?
915 3983 1061 4051 equidem
1076 3986 1281 4108 corriqendum

132 4069 214 4131 puto,
232 4061 291 4112 sive
307 4056 486 4120 retractabis,
513 4057 572 4109 sios
589 4055 862 4123 obtemperabis:
887 4054 963 4123 quod
985 4053 1010 4104 si
1033 4070 1153 4124 compen
1174 4058 1233 4109 iose
1252 4065 1282 4110 et

132 4149 200 4184 cum
216 4134 237 4183 P
255 4138 344 4200 optep.
365 4127 524 4198 scripseris,
548 4142 627 4178 more
652 4127 683 4177 in
700 4127 847 4178 veteribus
861 4124 947 4185 libris
973 4133 1101 4194 recepto,
1125 4128 1281 4180 minimum

127 4203 314 4256 aberraverit
326 4221 342 4254 a
358 4201 477 4274 vulgata
493 4197 628 4249 lectione.
665 4197 830 4249 narratore
846 4204 943 4248 autem
959 4203 992 4247 et
1009 4196 1200 4264 obteneperare'
1214 4208 1282 4252 sunt

130 4275 216 4344 plane
233 4274 387 4327 sntitbeta:
419 4280 448 4324 et
467 4269 609 4325 sententia
626 4268 743 4340 exurgit
767 4266 920 4337 aptissima.
957 4266 1146 4336 Moriendum,
1175 4270 1281 4340 inquit,

132 4346 205 4412 erit:
231 4362 280 4398 seu
298 4345 398 4414 iniquo
418 4343 513 4396 animo
536 4349 567 4393 et
585 4337 729 4413 ingratiis,
756 4340 816 4391 sive
835 4353 925 4406 aequo
952 4344 981 4388 et
1000 4336 1141 4407 libenter3
1168 4358 1217 4393 seu
1235 4356 1282 4394 re·

130 4434 201 4470 uuae
227 4426 257 4470 et
284 4416 494 4490 tergiverseris,
526 4413 587 4466 siae
612 4427 710 4481 pareas
738 4419 768 4463 et
794 4423 905 4462 morem
927 4423 1019 4480 geras.
1064 4411 1128 4464 Huc
1155 4413 1282 4482 apposite

960 4517 1025 4580 19*
