2856 5084
215 279 278 348 288
304 224 305 227 ¹
565 274 781 341 RICHARDI
802 276 1013 342 BENTLEII
1048 292 1053 313 ³

216 446 319 511 solent,
344 443 478 506 sedavit,
502 442 580 512 quod
604 443 721 519 longius
745 443 821 496 abest
847 461 864 495 a
881 441 960 497 vivit.
998 445 1087 497 Porro
1109 442 1178 496 ordo
1198 442 1230 494 in
1248 458 1371 513 sequen-

216 517 293 570 tibus
319 513 370 568 hic
397 522 454 567 est:
486 528 597 569 neeesse
623 521 673 582 est,
701 518 820 569 caeleste
843 520 871 568 et
892 513 1017 594 divinam
1041 512 1091 580 sit,
1115 514 1148 568 ob
1172 529 1287 583 eamque
1308 531 1370 568 rem

220 594 368 642 namnam.
1299 616 1302 620 ·

155 697 157 701 .
287 657 354 727 Cap.
374 656 418 722 28.
454 654 517 708 Non
534 657 607 708 valet
625 661 735 711 tantam
752 657 872 721 animas,
890 662 921 709 vt
939 655 1063 727 seipsum
1085 655 1146 725 ipse
1171 653 1287 722 videat]
1324 655 1370 710 lta

217 737 280 800 post
297 727 459 780 Viator-ium
477 725 658 782 Gebhardus:
678 728 727 781 sed
744 728 844 797 inepta
861 726 951 780 lectio
970 735 1012 781 est
1032 735 1061 780 et
1082 727 1237 781 lutulenta.
1273 726 1370 780 Codex

215 808 282 852 tuus
299 798 434 867 scriptus,
452 803 484 850 at
501 797 625 865 seipsam
641 800 744 852 videat.
780 797 912 873 corrige,
935 805 966 850 vt
984 813 1018 852 se
1035 799 1113 868 ipse
1138 799 1242 863 videat,
1270 798 1370 854 Gemi-

171 902 174 910 =
216 870 296 923 natio
315 870 347 921 in
365 869 445 922 Mstis
463 875 530 920 nata
547 875 590 921 est
607 886 623 921 a
640 869 779 923 varietate
796 868 940 922 lectionis.

288 940 303 974 *
322 942 389 993 Post
405 936 567 994 Gebhardvs
585 940 668 994 adde:
692 938 779 992 etita
798 939 884 994 codd.
903 937 1003 993 nostri.

287 1005 397 1068 *thid
437 1009 503 1066 Vim
528 1015 611 1076 certe,
638 1010 832 1078 sagacitatem,
859 1009 1031 1075 menmriam,
1059 1015 1171 1075 motam,
1194 1011 1367 1065 celerita-

217 1089 281 1137 tem
298 1080 384 1147 videt]
421 1081 480 1135 Gur
503 1081 584 1150 quasi
602 1081 656 1135 duo
676 1090 705 1134 et
723 1081 839 1134 diversa
853 1089 993 1134 memorat
1016 1081 1111 1151 primo
1128 1087 1239 1147 motam,
1262 1081 1366 1135 deinde

215 1151 407 1208 celeritatem?
439 1151 496 1204 nisi
519 1152 606 1218 forte,
634 1169 724 1221 quum
746 1156 848 1205 motum
870 1152 961 1218 dicat,
989 1151 1103 1204 tardum
1129 1159 1172 1206 est
1194 1152 1365 1226 languidum

215 1224 378 1298 significet:
397 1221 473 1292 quod
490 1221 712 1291 ineptissimum.
746 1223 835 1276 Vetus
857 1230 956 1277 noster
972 1222 1170 1275 Britannicus:
1198 1229 1283 1288 motu,
1298 1239 1367 1276 non

216 1303 329 1354 motam.
366 1296 481 1363 Repone
499 1292 674 1346 certissime:
692 1294 893 1361 tagacitatem,
911 1295 1084 1359 memoriam,
1102 1297 1216 1355 motus
1234 1292 1367 1347 celeri-

216 1373 324 1420 tatem
340 1364 426 1419 videt.
464 1362 513 1416 Sic
539 1363 627 1429 infra,
655 1381 715 1433 cap.
734 1367 779 1421 29.
804 1364 855 1416 ubi
880 1364 953 1418 haec
970 1366 1032 1418 fere
1050 1360 1242 1434 repetuntur:
1272 1365 1315 1418 sic
1332 1379 1367 1417 ea

216 1436 353 1490 memoria
376 1449 482 1498 rervm,
512 1440 538 1486 et
560 1433 716 1489 inventione
742 1442 769 1489 et
794 1437 994 1491 celeritate
1020 1441 1134 1489 motae
1157 1433 1214 1488 vim
1239 1433 1369 1490 divinam

216 1505 317 1568 mentis
333 1504 487 1574 agnoscito.

222 1609 234 1642 ς
288 1572 396 1632 *.1bid.
431 1574 541 1629 Deinde
567 1573 758 1632 conversionis
781 1575 951 1632 celeritatem
974 1574 1093 1643 tantam]
1130 1575 1246 1629 Codices
1272 1576 1368 1630 nostri

216 1664 324 1714 omnes,
349 1644 442 1701 Dein
463 1646 668 1702 conversionis:
687 1655 728 1718 ,et
750 1664 829 1703 mox:
860 1648 968 1702 dimum
991 1661 1033 1700 ac
1063 1642 1198 1709 noctium:
1233 1663 1302 1712 non,
1332 1654 1369 1700 ut

217 1720 441 1783 vulmatvn.¹
810 1761 813 1764 ,

271 1734 513 1850 gIbiqulobvm
539 1793 633 1842 terrae
658 1815 692 1826 -
716 1787 823 1842 dnobus
847 1784 909 1841 oris
937 1783 1108 1842 distantibus
1132 1783 1315 1841 habitabilem
1341 1795 1370 1842 et

216 1861 329 1926 cultam,
349 1875 465 1928 pisarum
483 1860 585 1925 altera,
604 1874 688 1929 paam
704 1874 755 1913 nos
772 1857 925 1925 incolimus,
946 1859 997 1912 svb
1015 1873 1068 1912 ave
1090 1857 1184 1926 posita
1213 1858 1252 1912 ad
1268 1857 1368 1914 stellae

215 1937 327 2001 septem,¹
340 1931 414 1984 vnde

382 2033 416 2044 -
434 1997 561 2068 horrifer

219 2119 223 2126 .
380 2071 527 2140 Aquilonis
544 2070 654 2129 stridor
669 2073 784 2140 gelidas
800 2071 917 2128 molitur
933 2070 1033 2140 nivea]

214 2144 304 2198 Recte
322 2151 356 2196 tu
374 2143 501 2213 quidem,
520 2159 608 2212 quem
625 2141 676 2194 alii
694 2161 785 2195 unum
803 2145 997 2207 Trochaicum
1021 2145 1160 2207 fecerant,
1188 2140 1220 2193 in
1239 2141 1366 2196 senarios

215 2213 400 2285 dispertitum
424 2230 484 2266 esse
504 2212 633 2278 voluisti,
660 2219 776 2266 auctore
794 2213 965 2268 Censorino.¹
998 2212 1078 2279 Quod
1104 2219 1134 2265 et
1158 2212 1289 2265 eNonio
1315 2213 1368 2267 eli·

216 2302 281 2338 cere
299 2284 448 2355 potuisses,
468 2283 519 2353 qui
538 2300 574 2335 ex
591 2281 673 2336 Accii
689 2283 852 2338 Philocteta
869 2279 910 2338 sie
929 2285 1010 2350 citat,
1028 2283 1088 2338 nbi
1108 2280 1233 2350 horrifer
1250 2283 1368 2353 Aquilo·

214 2357 262 2411 nis
281 2363 335 2408 etc.
362 2356 418 2410 sed,
438 2353 516 2406 aliud
540 2361 628 2407 restat
650 2353 750 2420 maius,
781 2355 858 2425 quod
881 2363 910 2410 et
927 2356 1039 2438 priores
1065 2369 1162 2406 omnes
1186 2361 1215 2405 et
1232 2362 1261 2407 te
1279 2355 1366 2428 fugit.

215 2424 294 2480 Illud
313 2425 391 2477 enim
412 2423 606 2493 contemplare
624 2425 719 2491 modo,
737 2426 788 2478 snb
807 2441 860 2480 aee
872 2432 971 2494 posita
988 2426 1027 2478 ad
1045 2425 1142 2477 stellas
1159 2429 1271 2492 septem.
1302 2425 1367 2490 Qui,

215 2496 342 2561 obsecro,
361 2495 516 2549 verborum
534 2495 624 2564 ordo?
641 2512 714 2565 quae
732 2504 828 2550 autem
846 2497 975 2550 locutio?
1010 2495 1097 2549 Certe
1119 2493 1175 2548 hoe
1197 2510 1255 2547 non
1280 2493 1368 2548 habet

216 2566 344 2620 indolem
363 2565 568 2620 Ciceronianae
586 2565 730 2619 dictionis.
749 2567 897 2620 Nimirum
917 2566 1034 2620 ethaeo
1053 2581 1166 2635 quoque
1184 2564 1265 2617 Accii
1280 2565 1368 2618 verba

216 2635 292 2702 sunt,
311 2652 369 2689 non
387 2637 494 2690 bullii:
514 2644 544 2689 et
561 2636 602 2688 sic
620 2637 699 2689 locus
719 2645 761 2690 est
779 2637 1007 2712 distinguendus,
1035 2644 1065 2690 st
1081 2636 1118 2689 ad
1134 2653 1188 2706 pet·
1204 2634 1368 2690 lamborum

216 2707 404 2782 redigendus:
425 2709 547 2764 Quarum
565 2710 665 2773 altera,
684 2713 766 2776 paam
783 2722 834 2761 nos
856 2707 1013 2772 incolimus,

381 2778 439 2834 sm
458 2793 510 2830 ane
526 2779 621 2847 posita
639 2778 678 2831 vd
695 2779 795 2831 stellas
813 2785 925 2848 septem,
945 2777 1018 2833 unde
1034 2773 1158 2842 horrifer

235 2865 238 2868 ·
333 2884 343 2894 -·
382 2847 528 2919 Aquiloni
548 2846 657 2901 stridor
674 2848 787 2915 gelidas
804 2848 920 2904 molitur
933 2848 1022 2911 nives.

285 2919 360 2975 ibid.
398 2920 507 2975 (loetum
525 2919 687 2984 mitescere,
707 2919 823 2972 arbores
840 2921 1023 2986 frondescere,

467 2989 549 3045 Vites
565 2989 725 3052 laetiscere,
740 2989 882 3058 pampinis
897 2990 1057 3058 pubescere,

464 3057 552 3113 Romi
568 3060 717 3113 baccarum
733 3061 861 3119 abertate
878 3059 1088 3126 incurviscere]

216 3133 264 3192 Ex
281 3130 366 3184 libris
385 3128 501 3198 scriptis
518 3128 552 3180 hi
570 3128 707 3182 nitescere
735 3130 880 3194 exhibent,
910 3131 958 3183 illi
975 3131 1128 3185 mitescere.
1163 3131 1246 3184 Prius
1269 3132 1302 3183 in
1319 3149 1370 3186 ve-

216 3200 302 3256 tustis
321 3199 493 3254 editionibus
512 3199 664 3266 insederat,
690 3201 833 3269 posterius
851 3202 957 3271 arripit
976 3201 1150 3256 Gebhardus.
1187 3201 1247 3267 Quo
1272 3210 1369 3256 tamen
1418 3217 1421 3224 ·

216 3273 280 3325 iure
299 3271 416 3326 deloco
435 3286 484 3323 suo
503 3269 640 3323 deiicitur
657 3270 732 3323 illud
749 3271 851 3341 prius?
874 3288 941 3325 cum
960 3281 989 3325 et
1006 3289 1123 3325 versum
1140 3273 1369 3326 numerosiorem

217 3342 325 3397 efficiat
343 3351 372 3395 et
386 3339 595 3413 ποιητικώτερον
615 3341 663 3408 sit,
682 3349 712 3394 et
728 3343 844 3412 placere
862 3343 962 3397 debeat
979 3343 1029 3397 vel
1047 3343 1081 3396 ob
1100 3343 1175 3396 illud
1190 3343 1321 3396 Lucretii
1333 3343 1369 3396 de

217 3413 317 3468 eodem
332 3421 466 3484 ⁴tempore
483 3428 588 3466 verno:
741 3442 743 3446 =
872 3436 876 3448 =

466 3509 500 3520 —
518 3483 571 3537 tibi
586 3497 684 3537 suaves
700 3485 833 3540 Daedala
850 3487 932 3541 tellas
963 3507 965 3514 ·
994 3501 996 3504 ·

383 3551 528 3608 Submittit
545 3554 643 3618 tiores:
668 3553 721 3609 tibi
737 3557 831 3612 rident
849 3572 970 3626 aeqnora
984 3557 1075 3626 ponti,

220 3673 221 3678 ,
385 3625 580 3694 Placatnmque
597 3625 673 3678 nitet
691 3627 800 3694 diffuso
818 3628 922 3682 tantine
938 3629 1059 3680 caelum.

217 3695 296 3751 illud
313 3694 495 3749 veroadhuc
512 3695 605 3765 peius,
632 3696 708 3766 quod
726 3715 793 3751 cum
809 3698 1105 3769 priores'edidissent,

169 3782 171 3787 ’
274 3816 278 3823 ,
386 3764 467 3822 Vites
484 3766 626 3820 laetificae
642 3767 785 3838 pampinis
799 3769 960 3837 pubescere:

215 3837 266 3891 hic
285 3845 367 3892 etex
384 3836 471 3890 unico
490 3837 607 3906 quidem
624 3839 727 3891 codice
740 3839 869 3892 admittit
885 3838 917 3891 in
941 3847 1064 3907 textum,

466 3909 548 3964 Vites
565 3908 727 3974 lentiscas-e,
743 3909 888 3979 pampinis
901 3911 1057 3979 pubescere.

215 3981 367 4052 Perperam
389 3981 529 4052 profecto.
568 3979 640 4033 Cum
665 3980 743 4034 anim
769 3982 801 4033 in
826 3981 876 4033 vul
913 3989 943 4035 ta
968 3981 1105 4049 lectione,
1137 3983 1173 4038 de
1196 3984 1282 4038 rebus
1306 3986 1369 4040 illis

215 4053 346 4128 aingnlis,
372 4055 459 4116 caeto,
487 4048 646 4117 arboribus,
676 4048 788 4119 vitibus,
812 4060 912 4119 rantes,
939 4052 1091 4122 segetibus,
1110 4054 1243 4123 fontibus,
1269 4059 1369 4125 pratis

213 4140 304 4176 unum
328 4124 466 4176 duntaxat
483 4118 631 4174 ¹habeatur·
646 4123 888 4190 pronuntiatum:
916 4121 966 4176 hic
983 4125 1156 4179 inconcinne
1173 4124 1230 4180 duo
1248 4127 1369 4181 adhibet

166 4195 174 4239 .'
213 4193 249 4247 de
265 4193 383 4259 vitibus,
397 4189 556 4258 laetiscere,
578 4199 608 4250 et
624 4192 781 4260 pubescere:
808 4211 881 4265 quae
906 4197 1074 4249 tamensvix
1099 4205 1148 4249 aut
1170 4194 1285 4250 nevix'
1302 4199 1371 4266 qui·

213 4264 279 4319 dem
296 4266 375 4322 inter
397 4280 427 4316 se
450 4260 597 4318 differunt.
612 4288 616 4317 ;
634 4262 695 4318 lam
719 4266 963 4335 quod1sxistimat
983 4276 1041 4320 'eost
1058 4267 1176 4333 codices,
1202 4268 1235 4320 in
1262 4267 1369 4338 quibus

122 4403 136 4408 ,Ι
168 4376 170 4380 ,
213 4345 305 4390 uetat
322 4331 485 4399 laetificare,
508 4333 687 4404 patrocinari
710 4334 831 4392 lectioni
856 4356 873 4391 a
889 4353 927 4390 aa
940 4336 1088 4391 inductae:
1114 4353 1315 4409 quamxprsre
1339 4348 1370 4393 et

213 4407 297 4463 nullo
314 4403 441 4459 iudicio?
476 4403 587 4472 Quanto
603 4404 811 4463 verisimilius
835 4423 871 4462 cx
888 4405 980 4462 divisa
1005 4407 1187 4483 diphthongo
1212 4409 1370 4478 laetificae,

230 4505 270 4546 g.
923 4523 928 4531 ,
