2856 5084
27 335 29 339 .
128 254 170 321 ss
316 251 1074 320 o1osnoN1srusoumN.n1srursr.

130 417 317 483 sert-intus?
345 420 432 485 Quid
453 419 559 483 verul
580 423 685 500 illum,
707 441 805 503 quem
825 417 1023 501 libidinibus
1044 419 1292 482 inflammatum

112 511 164 565 'ot
185 505 352 565 furentem
374 503 537 581 videmus,
560 511 671 566 omnia
699 503 818 566 rabide
851 510 1061 585 appetentem
1088 521 1166 562 cum
1193 504 1292 564 inex-a

129 586 244 667 plebili
260 585 462 667 mpiditates
498 600 607 669 doque
628 581 821 649 affluentius
839 588 1027 667 voluptates
1044 583 1193 666 undique
1205 585 1291 646 heu*

130 670 209 746 rint,
235 686 273 731 eo
284 670 421 753 gravius
435 609 676 752 ardentiusque
694 672 875 749 sitientem,
897 688 1008 729 nonne
1024 675 1118 729 r'eots
1136 669 1291 729 miserri-

130 760 221 813 mum
234 751 379 813 dixerisl
394 751 501 816 uniat
513 755 619 815 elatus
630 754 687 813 ille
704 754 854 829 levitate,
866 753 1022 832 inanique
1038 752 1166 812 laetitia
1179 751 1290 811 exona

130 843 205 895 tens
227 842 260 895 et
289 843 417 896 temere
445 839 601 920 gestiens,
624 855 735 896 nonne
762 843 856 896 tanto
887 835 1058 909 miserior,
1087 834 1291 915 quantosibi

130 916 267 979 videtur
296 916 447 978 beatior?
500 917 590 1005 Ergo
615 927 654 978 nt
680 917 715 977 hi
738 919 866 992 miseri,
895 918 943 978 sic
974 924 1093 977 contra
1114 917 1164 976 illi
1185 916 1289 995 besti,

131 1014 212 1079 quos
236 999 318 1060 nulli
340 1009 447 1061 metus
469 1009 611 1076 terrent,
634 1001 746 1061 nullae
768 997 999 1085 aegritudines
1029 997 1186 1075 exedunt,
1215 999 1290 1059 nnl-

129 1084 180 1143 lae
203 1082 359 1142 libidines
382 1085 534 1159 incitant,
557 1084 665 1144 nullae
688 1084 800 1144 futiles
823 1083 969 1142 laetitiae
997 1082 1196 1142 exsultantes
1216 1081 1290 1142 lan-

130 1164 244 1251 guidis
277 1167 495 1249 liquefaciunt
525 1166 762 1248 voluptatibus.
806 1165 851 1227 Ut
873 1166 975 1225 maris
998 1165 1104 1249 igitur
1125 1165 1291 1244 tranquil·

147 1293 533 1301 *οη-Μ*
540 1282 1073 1301 -ῃ---ι--ψο--Ζ--Ι--η-

130 1360 249 1420 recepta
266 1352 391 1474 legtione
408 1360 526 1423 praeter
544 1351 758 1422 antiquissimos
774 1351 894 1404 Codices
913 1349 1016 1403 merito
1042 1358 1099 1402 stat
1122 1350 1236 1404 Nonius
1259 1352 1292 1405 in

131 1422 247 1477 elidere.
317 1461 324 1476 .

204 1492 340 1558 eliditur]
376 1495 427 1546 Est
455 1493 622 1547 debilitatur
643 1494 674 1545 in
698 1492 766 1546 cod.
794 1492 904 1558 Duisb.,
938 1492 1110 1563 quistsmeu
1128 1506 1215 1561 supra
1233 1492 1291 1547 lits.

131 1563 218 1615 habet
243 1564 370 1628 eliditur,
403 1574 437 1617 nt
459 1583 529 1618 vera
548 1565 695 1618 Ciceronis
718 1580 817 1616 manus
845 1565 957 1638 glossae
982 1565 1078 1616 locum
1096 1563 1233 1629 obtineat,
1261 1573 1292 1618 et
1314 1627 1317 1633 Ι

152 1635 224 1704 losse¹
246 1636 276 1687 in
305 1636 441 1688 orationis
465 1636 571 1691 seriem
595 1644 711 1707 recepta
735 1644 879 1705 appareat.
917 1636 952 1687 ln
970 1634 1059 1688 Rehd.
1081 1644 1123 1687 est
1141 1635 1239 1701 aliter,
1259 1637 1293 1689 iu

160 1706 186 1758 d.
205 1708 234 1758 P.
254 1708 389 1760 eluditur.
427 1706 472 1759 Ad
494 1724 578 1759 usum
596 1707 679 1759 verbi
697 1705 820 1760 eliciendi
843 1707 880 1757 cf.
901 1725 985 1776 supra
1004 1707 1041 1758 ll.
1064 1711 1110 1761 11:
1139 1713 1238 1775 poetae
1258 1732 1294 1751 ι·-

133 1793 234 1832 neruos
252 1777 366 1831 uirtutis
385 1778 434 1832 eli
439 1779 458 1830 d
465 1785 540 1845 unt;
566 1778 618 1830 111.
638 1781 684 1834 34:
705 1777 812 1844 stirpes
829 1777 1027 1844 aegritudiuis
1046 1804 1079 1815 -
1098 1777 1293 1832 elidendae

133 1853 214 1902 sunt:
234 1849 283 1900 nbi
301 1848 357 1901 vid.
379 1868 444 1901 ann.
465 1858 552 1901 nour,
568 1849 634 1901 Cod.
654 1848 743 1902 Rehd.
759 1849 871 1901 omittit
890 1850 1008 1913 tandem,
1027 1866 1100 1900 nnus
1120 1849 1170 1902 Ox.
1189 1865 1295 1903 vocem

133 1935 195 1973 non.
232 1920 315 1972 Alius
339 1937 407 1972 mox
435 1919 502 1976 Qui
525 1934 598 1973 veru
627 1937 694 1972 cnm
720 1920 793 1972 oud.
813 1921 839 1974 2.
885 1919 960 1975 Quid
987 1919 1098 1972 omittit
1122 1919 1190 1972 Cod.
1215 1919 1293 1994 Aug.

131 1991 216 2043 Verb.
238 2009 272 2043 ex
290 1990 347 2045 MS.
368 1992 463 2044 nescio
483 2008 540 2061 quo
559 1992 591 2042 in
609 2008 700 2065 marg.
726 1994 862 2057 furentem
887 2006 963 2044 esse
981 1991 1121 2054 usnemun
1144 2008 1221 2043 unns
1239 1990 1292 2045 Ox.

133 2064 269 2127 furentem
286 2061 363 2114 radi
368 2063 387 2114 d
393 2081 407 2115 e
424 2062 559 2128 videmus,
578 2063 629 2132 qui
639 2070 701 2130 post
719 2064 811 2115 onznia
829 2062 939 2113 omittit
953 2077 1052 2114 vocem
1070 2061 1121 2114 hio
1139 2062 1292 2116 intrusam.

133 2133 217 2185 Alius
237 2133 286 2184 Ox.
307 2150 374 2185 cum
393 2136 467 2186 Mon.
489 2140 512 2191 1.
534 2143 562 2187 et
581 2135 653 2189 Gnd.
672 2133 759 2186 habet
776 2132 884 2200 rapide.
910 2130 977 2184 cod.
996 2133 1080 2185 Vind.
1100 2136 1127 2188 2.
1156 2139 1294 2201 expeten-

133 2210 196 2256 teut.
234 2202 314 2256 Unus
333 2204 384 2257 Ox.
405 2213 435 2258 et
452 2202 509 2258 MS.
538 2205 570 2256 in
588 2221 678 2288 marg.
700 2203 783 2257 verb.
804 2220 870 2256 cnm
887 2200 940 2255 Ed.
959 2202 1030 2255 Vsu.
1050 2202 1110 2256 Alt.
1131 2212 1160 2256 et
1182 2200 1236 2256 Ed.
1261 2207 1292 2259 Ρ.

132 2273 340 2342 inexplicabili,
365 2272 438 2329 Mon.
461 2281 484 2330 l.
514 2274 698 2345 enimpiebali,
722 2293 796 2327 unus
815 2274 864 2327 Ox.
886 2282 915 2326 et
936 2268 1012 2326 liud.
1033 2276 1058 2329 2.
1087 2267 1220 2342 explebat
1237 2291 1294 2344 pro

132 2342 298 2414 inexplebili
304 2365 313 2410 ς
332 2349 475 2416 posterior
489 2365 605 2419 quapro
642 2363 755 2417 noque.
776 2345 951 2398 Advorbinm
970 2344 1130 2415 affluentias
1146 2345 1295 2410 (iunctum

132 2436 160 2473 v.
180 2418 284 2472 viuere)
303 2417 389 2470 habet
409 2419 495 2471 etiam
514 2418 599 2474 Corn.
649 2436 663 2471 e
687 2457 693 2469 .
715 2418 775 2469 Aet.
795 2416 869 2469 XIV.
890 2418 914 2471 2.
936 2416 1010 2470 Gud.
1029 2418 1055 2470 2.
1076 2416 1187 2468 omittit
1204 2410 1297 2471 uadi*

133 2505 199 2556 ραις
222 2488 322 2542 Duisb.
344 2488 460 2541 exhibet
478 2488 591 2543 hauriat
616 2437 755 2558 undique5
781 2505 849 2540 mox
868 2484 941 2540 Gud.
962 2486 991 2539 e't
1009 2488 1087 2539 unni
1101 2487 1150 2540 Ox.
1171 2488 1294 2557 gravius

133 2560 194 2611 avi
201 2560 236 2613 di
242 2576 345 2628 usque,
365 2560 439 2611 alius
449 2561 499 2612 Ox.
520 2579 604 2631 supra
622 2561 676 2612 lin.
695 2559 739 2612 oel
756 2559 935 2627 auidiusquee
955 2576 1028 2610 unus
1048 2575 1103 2615 non
1121 2575 1175 2628 pro
1194 2575 1293 2626 nonne,

132 2630 206 2681 alius
225 2629 333 2683 deseris
357 2647 410 2699 pro
435 2631 552 2683 dixeris.
590 2626 650 2686 Mr.

206 2701 300 2755 Quid?
325 2701 414 2753 elatus
431 2702 481 2753 ille
500 2700 640 2769 leuitate]
667 2694 797 2773 Respicit
814 2698 846 2752 in
862 2688 910 2752 liis
929 2700 1059 2752 omnibus
1078 2692 1188 2753 librum
1206 2718 1296 2771 quar-

133 2779 206 2835 tum,
226 2788 283 2843 quo
301 2770 373 2825 haec
391 2773 537 2827 uberrime
556 2739 699 2845 explicata
716 2779 791 2826 sunt.
812 2803 845 2814 -
882 2772 936 2823 Pro
955 2772 1043 2824 elatus
1060 2781 1102 2825 est
1120 2775 1242 2825 elevatus
1261 2770 1294 2824 iu

134 2840 219 2894 Codri.
239 2845 309 2919 Reg.
328 2842 417 2896 Rehd.
437 2844 521 2898 vina.
544 2849 567 2901 1.
595 2846 630 2897 In
648 2842 744 2897 Duisb.
767 2849 808 2894 est
826 2838 896 2913 quid
913 2841 980 2895 ille
999 2843 1127 2906 elutus;
1146 2841 1202 2896 duo
1221 2836 1292 2897 (lxx.

132 2912 239 2966 habent
256 2915 347 2982 inani,
374 2913 556 2986 omissoque.
586 2908 659 2972 Edd.
680 2910 712 2966 Α.
731 2908 762 2965 B.
781 2912 818 2969 Μ.
838 2912 870 2965 1..
890 2908 961 2965 Vsu.
981 2920 1069 2966 nostr.
1097 2912 1160 2967 Asc.
1183 2914 1208 2970 l·
1229 2906 1293 2967 Ald.

132 2985 213 3038 Boul.
239 2986 321 3037 Brut.
345 2980 459 3039 Lambb·
486 2982 572 3039 Goth.
601 2992 633 3038 et
657 2985 807 3039 exsultans.
845 2980 945 3059 Pergit
968 2982 1043 3037 Gna.
1064 2984 1089 3040 2.
1114 2990 1141 3037 et
1165 2983 1294 3039 timere

133 3057 265 3124 gestiens.
296 3054 369 3111 Gud.
399 3057 509 3110 omittit
535 3060 625 3110 tanto.
656 3054 741 3108 Vind.
761 3056 786 3110 1.
810 3053 897 3108 halet
927 3058 1004 3107 tanto
1036 3055 1184 3108 videtur
1208 3056 1292 3111 eidi.

133 3130 200 3179 ltlox
229 3126 294 3180 God.
320 3126 417 3179 Duisb.
442 3130 472 3181 u't
493 3124 564 3191 att,
585 3128 667 3180 Mon.
688 3127 714 3181 2.
744 3130 773 3178 ut
797 3122 836 3180 ii.
879 3120 923 3178 Ad
947 3116 1127 3179 locutionem
1152 3132 1232 3180 ut-
1252 3124 1295 3181 eis

132 3204 233 3251 eontra
259 3198 316 3249 vid.
344 3199 484 3251 Goerenz.
511 3199 545 3250 ad
570 3198 628 3254 Cio.
654 3198 688 3250 de
711 3197 797 3249 Fiun.
825 3196 848 3248 1.
877 3200 900 3251 l.
930 3200 955 3251 3.
982 3213 1010 3267 ρ.
1029 3196 1056 3251 ’4.
1099 3195 1144 3249 Ad
1169 3216 1198 3248 v.
1218 3195 1296 3251 beati

131 3287 159 3320 v.
180 3268 257 3321 locos
276 3286 311 3322 ex
329 3270 398 3341 ipsis
421 3268 527 3321 nostris
551 3268 636 3320 libris
659 3258 796 3322 collieres
819 3266 851 3319 iu
869 3284 944 3320 nova
961 3266 1173 3320 Forcelliniani
1191 3268 1295 3321 Lexici

131 3339 185 3392 Ed.
206 3339 305 3394 Germ.
332 3359 360 3409 p.
380 3340 441 3397 310.
467 3352 491 3391 c.
516 3339 549 3391 in
611 3340 676 3391 imis
695 3338 728 3391 V.
748 3339 792 3393 14.
819 3342 849 3390 et
867 3338 910 3395 39.
939 3334 1007 3391 c'oll.
1028 3339 1062 3392 de
1080 3337 1167 3391 sinn.
1188 3336 1227 3392 11.
1247 3338 1291 3396 28.

131 3410 233 3464 Acadd.
254 3410 292 3465 11.
313 3413 357 3467 43.
395 3411 439 3463 Ad
467 3423 496 3462 v.
521 3413 569 3464 nul
581 3410 594 3463 i
616 3416 715 3477 metus,
741 3409 885 3460 nimirum
911 3410 946 3462 ad
968 3410 1114 3480 pluralem
1138 3424 1295 3464 nnmerum

131 3483 257 3534 nominis
275 3483 419 3548 abstracti,
447 3481 504 3538 vid.
524 3482 608 3553 plura
636 3480 767 3550 exempla
793 3480 915 3532 collecta
939 3481 972 3532 ab
996 3478 1101 3534 ‘ottone
1126 3481 1160 3533 ad
1179 3481 1238 3535 cio.
1259 3480 1294 3536 ds

131 3554 218 3605 Finn.
240 3552 262 3604 1.
281 3557 308 3610 8.
328 3555 371 3608 27.
391 3571 419 3624 p.
440 3556 475 3609 34
493 3570 534 3623 sq.
554 3554 596 3605 Vo
619 3554 655 3605 el.
675 3552 750 3606 Obss.
771 3548 805 3603 ad
818 3551 878 3603 Cic.
899 3550 1064 3617 (inl'rolus.
1083 3548 1293 3623 Bipont.18ffl.

131 3625 172 3689 4.)
190 3643 218 3694 p.
239 3627 281 3678 27.
319 3627 385 3676 lllox
406 3571 737 3679 Consentinum
761 3623 907 3676 excitant.
945 3622 1006 3676 Mt.

202 3691 307 3749 Nullae
325 3696 420 3762 futiles
439 3695 574 3762 laetitiae,
595 3693 783 3760 exsultantes]
820 3692 906 3768 Lege,
931 3694 1024 3746 nullae
1042 3691 1145 3762 rutiles
1163 3691 1295 3747 laetitiae

132 3770 164 3820 et
193 3766 408 3891 ·exsultantes,D
421 3767 568 3837 languidis
597 3766 779 3837 liquefaciunt
810 3764 1006 3840 uoluntatibus.
1051 3764 1123 3817 vide
1160 3760 1213 3817 lib.
1242 3764 1292 3819 IV.

131 3854 163 3890 ca
206 3876 212 3888 .
235 3841 277 3903 16,
299 3836 350 3892 3Ι.“
410 3883 415 3894 .

164 3855 292 3962 ppnullae
310 3908 406 3976 futiles
425 3908 556 3963 laetitiae
572 3905 748 3962 exsultantes
767 3905 836 3972 etc]
859 3903 990 3971 „Davisii
1006 3905 1171 3959 ‘ernendatio
1190 3908 1226 3959 el
1239 3912 1293 3960 ess

129 3978 263 4034 enitentes
281 3981 367 4050 plane
385 3989 503 4034 nonest
521 3978 710 4034 neeessaria.“
728 3969 817 4031 Βοιώ.
839 3976 1041 4043 ‚AEasultuntes
1076 3977 1161 4030 erist
1179 3994 1195 4030 a
1213 3988 1291 4049 quas.

129 4051 259 4104 Davisius
278 4053 357 4105 addit
374 4052 435 4105 'ets‘
462 4050 529 4106 Era.
565 4052 654 4104 Recte
672 4048 821 4102 Ernestus.
854 4048 992 4102 Fluetnat
1010 3996 1147 4100 sidera:
1163 4046 1295 4103 'seham

130 4122 176 4174 ins
204 4132 304 4176 contra
333 4136 536 4194 supervacuam
561 4130 590 4174 et
614 4136 733 4192 pravam
760 4119 828 4172 adeo
846 4119 958 4187 Davisii
988 4120 1185 4173 coniecturam
1203 4120 1294 4172 nimis

130 4194 233 4263 cupide
252 4195 372 4265 recepit,
393 4212 487 4265 quam,
506 4202 653 4317 recegstam
672 4192 703 4244 in
720 4187 773 4242 Ed.
795 4193 820 4256 2,
846 4190 906 4267 ipse
925 4187 993 4243 Dav.
1014 4192 1046 4243 in
1065 4191 1153 4243 tertia
1171 4198 1294 4244 annota-

129 4264 204 4316 tioni
228 4274 342 4316 tantum
368 4267 498 4318 inseruit.
523 4263 565 4316 ‘A
610 4265 787 4317 locutionem
809 4264 924 4315 confert
946 4260 1013 4314 Bill.
1037 4260 1139 4314 Tusco.
1166 4254 1216 4318 -lV,
1237 4262 1292 4317 l'l:

130 4351 178 4387 nec
195 4337 347 4390 alacritate
369 4336 448 4401 futili
464 4334 591 4402 gestiens
614 4335 795 4405 deliquerent.
829 4332 899 4385 Add.
919 4326 961 4385 11.
981 4336 1030 4389 22:
1059 4348 1121 4387 eum
1144 4330 1292 4402 uoluptate

130 4405 313 4475 liquescimus,
333 4407 497 4478 nutansque
513 4406 641 4461 mollitia.
681 4409 715 4462 ln
734 4405 800 4460 Cod.
824 4403 898 4458 Gud.
920 4409 943 4461 1.
964 4404 1112 4476 scriptum
1138 4413 1182 4459 est
1202 4404 1287 4460 aaut·
