2856 5084
516 258 786 347 urusav,·'ra
1155 227 1217 334 ias

67 456 136 499 non
163 435 260 498 facile
278 437 484 502 comitatur:
506 403 640 495 'deinde
671 432 713 494 ad
745 430 1007 516 investigandam
1035 432 1216 501 veritatem

67 518 181 581 studio
202 519 352 581 incitato.
381 518 426 578 Ex
443 537 508 598 quo
523 518 648 597 triplex
662 517 720 579 ille
739 516 843 575 animi
854 517 940 577 tetus
956 515 1109 576 exsistet:
1130 535 1217 577 unus

64 669 161 741 pisset,
181 670 254 721 falso
273 669 355 722 illam
376 669 509 721 vitiosam
531 666 679 738 putavit.“
708 664 861 720 Victorias.
899 663 1077 719 Camerarius
1104 686 1217 740 quoque

64 755 94 791 se
113 743 264 794 comitatur
282 741 424 810 reperisse
443 741 483 792 ait
503 739 533 791 in
551 739 678 801 Venetis,
698 738 785 806 idque
804 735 923 790 eandem
941 737 974 790 ob
994 754 1114 804 causam,
1133 759 1218 808 quam

64 811 213 863 Victorius
232 812 341 876 attulit,
359 810 469 880 probat.
508 808 596 862 Addit
614 808 716 861 deinde
734 807 770 860 ad
787 807 949 875 sequentia:
975 808 1020 862 Ea
1039 824 1090 876 quo
1106 811 1219 877 triplex

68 889 122 933 eet.
159 875 265 946 „Haec
283 882 430 933 luculenta
449 881 540 933 ornnis
559 880 716 944 doctrinae,
746 878 777 930 id
803 886 846 930 est
867 877 1074 948 philosophiae,
1099 883 1219 950 partitio

67 951 162 1004 Stoica
183 959 235 1003 est.
272 951 363 1005 Stoici
381 952 459 1004 enim
478 958 524 1018 τῆς
543 951 711 1021 φιλοσοφίας
722 951 789 1018 ,τρία
807 951 877 1018 μέρη
897 966 956 1002 esse
973 950 1128 1016 tradidere,
1139 955 1221 1022 'topr-

68 1019 130 1087 rdr,
149 1022 259 1089 ἠθικὸν,
280 1020 407 1091 φυσικόν,
436 1022 484 1073 cui
502 1021 637 1073 addidere
656 1019 879 1090 disputationem
898 1019 932 1072 de
951 1028 1053 1073 natura
1070 1020 1221 1075 deorum.“

69 1093 192 1146 Probent
210 1095 360 1147 comitatur
378 1092 540 1157 Lambinus,
559 1090 665 1143 Brutus
684 1091 747 1159 (qui
755 1092 866 1159 reperit
884 1090 915 1141 in
925 1090 992 1144 (lod.
1007 1091 1135 1163 Gryph.)
1154 1093 1220 1148 Frc.
1276 1146 1278 1151 ,

65 1163 180 1220 Fabric.
201 1164 263 1232 (qui
282 1163 358 1215 idem
377 1163 437 1235 legi
457 1163 499 1214 ait
520 1163 551 1214 in
569 1162 635 1216 Cod.
657 1160 731 1224 col.)
757 1159 933 1225 Gebhardus,
962 1163 1013 1230 qui
1036 1199 1055 1228 „
1064 1161 1146 1228 Sunt,
1171 1164 1221 1228 ait,

65 1235 168 1302 quibus
195 1235 283 1286 lectio
313 1231 460 1287 comitator
484 1239 612 1303 suspecta
635 1232 781 1284 videatur:
819 1231 842 1283 ii
869 1248 923 1300 per
949 1249 993 1284 me
1021 1234 1224 1303 amplexentur

66 1321 150 1355 suum
170 1304 360 1358 committitur.-
388 1303 436 1356 sed
454 1304 528 1355 illud
546 1303 647 1356 obiicit
666 1310 695 1355 et
713 1301 842 1355 obmunit
861 1303 941 1371 quasi
965 1303 1076 1355 vallum
1094 1306 1223 1357 omnium

66 1375 148 1427 MSS.
169 1381 334 1427 nostrorum
351 1374 534 1428 militiaeue
553 1373 630 1426 enim
648 1374 777 1444 quinque
796 1372 866 1428 Poll.
886 1372 967 1425 Fabr.
988 1375 1080 1426 Vatia.
1107 1375 1237 1446 Gryph-

67 1445 158 1497 editio
176 1445 332 1498 Victorii.“
368 1443 487 1497 Accedit
503 1445 574 1497 Ern.
595 1444 646 1513 qui
664 1444 808 1496 tamenin
827 1436 893 1496 cod.
908 1444 1004 1496 Guelf.
1021 1447 1134 1514 reperit
1149 1463 1223 1498 com-

23 1566 25 1576 ,
68 1515 201 1571 mittitur.
240 1516 314 1568 Ante
345 1516 530 1568 Gebhardum
561 1515 712 1567 ediderunt
738 1513 892 1579 comitatur
911 1517 939 1565 Ρ.
968 1515 1001 1566 V.
1026 1515 1095 1568 Rob.
1122 1517 1171 1572 Ste
1191 1516 1222 1571 h.

68 1585 149 1637 Idem
171 1585 289 1639 edidisse
308 1586 479 1638 Lambinum
497 1586 637 1656 scriptum
656 1586 746 1637 estin
765 1602 856 1658 marg.
875 1584 990 1636 Lambb.
1012 1594 1041 1638 et
1060 1586 1146 1642 Goth.
1167 1535 1224 1640 ded

66 1655 155 1708 Orell.
175 1673 210 1708 ex
220 1656 406 1708 Lambiniana
415 1657 493 1711 1566Ι
509 1657 637 1709 enotavit
645 1653 835 1708 committitur.
864 1655 929 1706 Post
943 1655 1126 1710 Gebhardum
1137 1674 1222 1710 nemo

67 1727 102 1779 ad
113 1728 243 1796 peiorem
264 1728 420 1779 lectionem
435 1727 532 1779 rediit.
572 1725 627 1779 Sed
644 1724 1022 1778 habentcor'nmittiturunus
1037 1729 1091 1780 Ox.
1103 1729 1185 1781 Vind.
1199 1732 1222 1782 l.

65 1797 230 1867 (perperam
248 1799 386 1867 probante
407 1796 520 1862 Altero)
543 1795 615 1850 Gud.
635 1797 731 1848 Duisb.
751 1797 816 1860 (hic
836 1814 920 1866 supra
938 1796 1010 1864 lin.;
1030 1798 1061 1849 in
1080 1799 1223 1852 contextis

19 1917 23 1921 .
65 1884 166 1920 ‘veram
187 1867 273 1920 habet
298 1868 496 1937 scriptionem)
515 1869 589 1921 Mon.
612 1872 635 1922 1.
675 1866 797 1918 Initium
824 1875 853 1918 et
870 1866 951 1936 quasi
977 1869 1120 1943 originem
1145 1887 1224 1924 erro·

66 1939 121 1988 ris·
142 1940 227 1992 habes
249 1939 280 1990 in
303 1938 390 1993 Marb.
421 1939 471 2007 qui
499 1937 583 1991 habet
606 1937 773 2000 remittatur,
801 1936 875 1989 unde
899 1938 930 1989 in
954 1954 1010 1990 uno
1039 1938 1088 1991 Ox.
1112 1941 1223 1992 factum

70 2017 116 2064 est
133 2010 332 2072 comminatur,-
352 2010 382 2060 in
401 2009 458 2061 alio
468 2008 517 2061 Ox.
537 2007 649 2082 legitur
666 2008 734 2060 corni
740 2007 831 2072 titur,
849 2007 924 2060 unde
944 2008 974 2059 in
990 2009 1072 2080 peius
1090 2009 1223 2062 abierunt

66 2077 128 2133 alii.
166 2077 202 2132 In
229 2080 337 2145 duobus
363 2077 410 2130 his
436 2077 506 2132 locis
544 2079 653 2143 (nostro
682 2087 711 2132 et
738 2094 797 2148 cap.
825 2075 883 2140 35.)
912 2079 976 2131 ideo
1002 2078 1043 2130 ait
1069 2077 1223 2134 Ktihnerus

68 2151 156 2204 verbo
176 2152 327 2205 comitandi
345 2150 514 2203 Ciceronem
533 2149 695 2213 adiunxisse
711 2149 806 2213 videri
824 2148 960 2216 dativum,
988 2150 1055 2219 quia
1080 2150 1154 2203 haric
1172 2151 1223 2204 ha-

69 2221 134 2275 beat
152 2223 222 2287 vim,
242 2218 275 2274 ut
295 2222 373 2274 idem
392 2221 547 2293 significet,
567 2220 644 2290 quod
661 2220 834 2273 coniunctum
854 2235 921 2271 esse.
950 2208 1029 2272 Alibi
1048 2223 1126 2274 enim
1145 2221 1223 2292 (per-

92 2290 169 2356 tlt.)
187 2292 237 2344 ubi
255 2293 405 2362 propriam
425 2291 666 2366 significationem
681 2291 776 2352 habet,
796 2292 958 2342 construxit
969 2308 1034 2342 cum
1049 2293 1220 2347 accusativo.

68 2312 157 2416 iltuit
176 2363 246 2414 addo
265 2363 322 2413 nisi
340 2362 447 2413 habere
466 2362 551 2413 etiam
570 2362 688 2413 Hieron.
707 2360 852 2416 Wolfium
869 2362 1025 2426 comitatur,
1044 2363 1091 2413 sed
1106 2362 1222 2415 uncinis

68 2434 216 2486 inclusum
235 2433 314 2484 iuxta
333 2429 519 2484 committitur
526 2450 538 2483 ε-
554 2431 677 2498 denique
696 2447 803 2483 novum
822 2431 957 2485 accedere
971 2439 1084 2485 nostrae
1097 2441 1223 2486 structu-

68 2521 118 2555 rae
138 2502 300 2572 exemplum
321 2519 357 2554 ex
377 2501 436 2554 Cic.
457 2502 491 2553 de
509 2502 578 2570 nep.
600 2499 638 2552 ll.
657 2501 701 2555 24.
720 2518 781 2571 pre.
800 2519 829 2572 p.
849 2503 911 2557 285.
932 2502 973 2554 ed.
993 2511 1083 2563 nostr.
1114 2505 1223 2557 Etenim

66 2573 131 2627 illi
147 2573 290 2642 iniusto
315 2571 454 2625 domino
480 2578 560 2639 atque
585 2573 714 2625 acerbi
733 2571 906 2640 aliquamdiu
931 2572 962 2626 in
990 2573 1072 2626 rebar
1087 2590 1222 2643 prospere

64 2647 183 2711 fortuna
204 2645 335 2696 comitata
354 2649 408 2696 eet.-
433 2641 482 2693 ubi
499 2643 557 2699 rid.
577 2651 671 2696 annot.
692 2651 781 2696 nostr.
818 2645 879 2698 Mr.
1210 2666 1212 2671 ·

140 2731 241 2787 deinde
267 2733 305 2784 ad
330 2731 554 2797 investigandam
577 2728 735 2796 veritatem]
774 2732 813 2785 Le
835 2732 896 2784 itur
919 2729 1105 2799 investiganti
1112 2749 1162 2786 um
1186 2735 1218 2787 in

65 2800 175 2856 duobus
188 2800 283 2856 ’cnon
304 2802 374 2854 Oxx.
395 2802 468 2855 Edd.
489 2802 553 2857 Ala.
572 2803 688 2855 Lambb.
710 2797 796 2855 Goth.
843 2804 902 2854 oul.
923 2801 1001 2870 sylb.
1022 2803 1132 2856 Sturm.
1163 2803 1220 2860 Ne·

16 2886 19 2893 ·
67 2893 124 2944 que
144 2892 203 2927 sem
226 2888 258 2925 er
276 2873 416 2926 abstinuit
437 2873 540 2926 Cicero
559 2892 573 2926 a
593 2871 751 2938 Gerundio,
769 2872 820 2925 ubi
840 2871 1042 2926 Gerundivum
1062 2883 1218 2943 exspectes.

65 2946 131 3030 yid.
152 2889 236 3028 maio
255 2942 321 2996 Otto
341 2943 376 2996 ad
395 2943 455 3026 liat.
475 2941 542 3008 mai.
564 2943 602 2995 ll.
622 2948 646 2999 6
659 2941 703 3027 ⁸ad
722 2963 748 2994 v.
767 2959 864 3064 paam
883 2943 983 3008 (viam)
1011 2940 1093 2998 aob‘is
1118 2961 1219 3014 qaoque

63 3015 352 3156 tttttttttttl
364 3020 480 3137 dial]
504 3019 597 3137 tit·
618 3013 1009 3150 tlftslttb..l}3.ttt3
1032 3014 1217 3139 iiiiii-‘3

65 3159 197 3226 gandam.
235 3154 284 3207 Bis
310 3157 460 3223 reperitur
486 3155 608 3211 verbum
635 3155 759 3224 simplex
774 3156 853 3222 'apud
872 3155 931 3207 Cic.
959 3153 990 3207 in
1009 3156 1093 3208 libris
1112 3154 1147 3209 de
1166 3159 1214 3210 Or.

13 3258 17 3267 ·
63 3229 104 3282 ll.
127 3232 171 3283 39.
193 3229 252 3281 loo.
273 3240 374 3278 causas
392 3220 715 3294 reramt‘uestigobimua
735 3233 764 3277 et
783 3220 836 3278 lll.
857 3229 899 3281 23.
919 3227 969 3280 882
998 3226 1147 3295 quodcum
1168 3230 1216 3281 de.

64 3300 174 3355 sidiosa
194 3297 374 3349 delectatione
390 3293 518 3364 vestiges.
556 3292 655 3349 Priore
674 3311 743 3349 vero
763 3293 827 3346 loeo
846 3295 944 3347 Larnb.
972 3305 1001 3348 et
1021 3297 1082 3349 Car.
1103 3297 1214 3366 Steph,

64 3371 148 3422 cuius
176 3369 206 3420 in
227 3367 273 3419 his
299 3366 384 3435 libris
401 3368 589 3436 praecipuam
615 3383 675 3419 esse
695 3366 897 3418 auctoritatem
923 3366 964 3417 ait
983 3365 1047 3428 Or..
1076 3365 1215 3421 exhibent

25 3484 27 3488 .
62 3438 303 3506 investigabimus.
324 3437 392 3491 (lod.
413 3437 504 3492 Rehd.
523 3434 610 3490 habet
627 3436 761 3488 uirtutem
778 3451 833 3507 pro
851 3435 1003 3488 veritatem.
1029 3433 1128 3512 Pergit
1138 3456 1213 3491 unus

63 3511 115 3566 Ox.
135 3509 232 3562 studio
250 3507 411 3562 incitata.
448 3507 510 3561 Mr.
764 3523 771 3527 ·
1072 3515 1097 3526 '‘

135 3597 180 3648 Ea
204 3613 255 3663 qao
281 3598 384 3663 triplex
409 3596 458 3649 ille
481 3597 571 3650 animi
594 3597 668 3660 fetas
692 3593 841 3661 exsistam]
878 3590 981 3665 „Tres
1007 3595 1213 3669 philosophiae

61 3672 162 3740 partes
181 3666 336 3738 significat,
356 3665 528 3730 naturalem,
548 3666 700 3727 moralem,
720 3661 930 3727 rationalomf‘,
943 3669 1076 3734 Beroald.
1089 3697 1122 3707 —
1140 3669 1212 3737 Pap-

62 3740 154 3790 sicam
172 3736 254 3798 dicit,
275 3735 401 3788 Etiieam
427 3742 455 3790 et
474 3732 667 3802 Dialecticam.
698 3728 765 3789 Cod.
786 3737 873 3792 ltlarb.
899 3732 986 3791 habet
1010 3745 1050 3792 est
1073 3757 1127 3810 pro
1151 3743 1211 3803 ille,

62 3825 150 3877 quam
176 3820 276 3857 vocem
300 3807 388 3874 plane
415 3807 526 3860 omittit
545 3806 620 3863 Gud.

60 3879 148 3932 habet
168 3877 253 3929 etiam
275 3867 419 3930 Gebhardi
437 3875 495 3930 Pal.
515 3885 607 3946 quart.
639 3825 678 3929 in
695 3826 808 3931 iterum.
830 3880 967 3948 estapud
986 3882 1107 3933 eundem
1125 3881 1214 3942 derue,

62 3948 131 4003 cod.
153 3947 227 4000 Gud.
251 3951 275 3998 l.
296 3945 413 3999 exhibet
431 3951 531 4014 sactae.
570 3945 735 4015 lnleliciter
753 3956 845 4001 tentat
863 3944 975 4000 Nissen.
996 3951 1101 4016 triplex
1120 3949 1210 4002 animi
1251 3997 1256 4011 ,

61 4019 225 4089 impetus.
264 4012 362 4085 ,‚llla‚⁴
376 4016 425 4081 ait,
445 4016 614 4087 metaphora
631 4019 728 4070 nescio
748 4018 817 4087 quid
836 4018 929 4070 coacti
951 4018 1067 4072 habet.“
1088 4076 1091 4083 ,
1107 4017 1209 4072 Malim

60 4091 196 4159 equidem
223 4102 335 4150 vocem,
360 4103 432 4155 quae
457 4086 561 4140 habeat
589 4086 701 4156 aliquid
729 4089 830 4150 coacti,
859 4105 944 4157 quam
970 4089 1105 4158 ineptam.
1153 4088 1211 4151 Sed

62 4161 133 4231 quid
154 4162 224 4213 insit
242 4159 274 4211 in
293 4156 383 4210 enimi
400 4158 459 4221 seta
479 4159 581 4221 coacti,
600 4174 658 4209 non
677 4157 774 4210 video:
801 4164 880 4210 certe
904 4173 963 4210 non
986 4176 1032 4210 ma
1054 4160 1078 4212 is
1099 4161 1211 4229 impres

61 4231 154 4285 banda
173 4239 216 4283 est
242 4247 274 4282 ea
296 4230 415 4293 locutio,
444 4245 529 4298 quam
549 4234 695 4281 oratorum
712 4230 785 4293 fetus
803 4226 835 4279 in
852 4229 943 4280 Bruto
961 4231 1004 4285 49.
1062 4247 1094 4283 ro
1112 4233 1211 4284 existet

61 4297 135 4354 Edd.
156 4309 222 4354 ante
241 4299 333 4362 Gebh.
355 4298 495 4369 (exceptis
514 4290 547 4349 V.
566 4297 635 4351 Rob.
655 4296 753 4367 Steph.
773 4298 859 4350 leod.
879 4298 1084 4362 Heron-154⁰.)
1103 4301 1215 4361 habent⁸

62 4375 165 4437 existit,
184 4377 217 4423 ut
227 4372 357 4424 estintra
366 4369 388 4435 i.
399 4374 441 4425 lt).
452 4372 494 4425 71.
515 4370 622 4422 Nostro
631 4367 696 4422 loco
707 4366 794 4422 codd.
807 4369 974 4440 conspirant
982 4373 1014 4425 in
1023 4371 1131 4427 existet.
1147 4373 1207 4427 Mr.

90 4475 169 4519 cicero
185 4474 251 4517 Tusa
266 4471 334 4530 Disp.
349 4474 384 4520 aa.
398 4472 484 4518 Moser.
494 4452 530 4516 l.
545 4469 595 4517 ΙΙΙ.
922 4476 961 4539 10

663 3824 695 3859 er
717 3807 797 3877 itque
816 3802 906 3862 aaiaai
932 3812 1106 3876 affectas:
1135 3811 1213 3878 quod
1306 3852 1313 3866 .
