2856 5084
211 280 274 347 see
510 271 733 338 excursus
754 275 797 338 11.
818 272 906 337 aar.
930 277 980 339 ro.
1001 274 1053 339 st.
1116 351 1118 356 Α

211 444 244 495 B.
263 441 361 504 Junt.;
388 435 576 492 endelecheian
594 436 668 490 Gnd.
689 443 713 492 l.
733 436 820 507 idque
846 435 960 490 volebat
984 436 1072 488 etiam
1090 433 1216 503 scriptor
1234 433 1310 487 Gud.
1331 437 1358 490 2.

214 512 265 581 qui
283 511 383 564 literas
409 509 516 562 latinas
570 509 655 573 oecis,
679 509 783 562 formis
801 507 993 579 singularibus
1018 504 1148 568 miscuit,
1181 503 1362 557 endelechium

216 583 283 636 God.
305 580 393 633 Marb.
419 580 491 633 Edd.
544 597 588 633 en.
612 588 704 632 nostr.
730 577 775 642 S.;
812 576 986 630 endelicbiaa
1009 575 1094 628 Godd.
1123 579 1198 627 Mon.
1223 575 1249 628 2.
1282 576 1360 650 Aug.

214 653 306 706 Rebd.
325 650 441 715 Duisb.;
466 648 641 702 indelicbiam
660 650 739 701 acad.
759 649 778 701 i.
799 656 884 701 actara
904 647 974 701 Cod.
995 645 1068 700 Gud.
1089 646 1138 697 ubi
1164 645 1297 718 agnoscis
1317 647 1363 699 in·

215 730 375 792 terpretem
396 729 424 774 et
443 721 648 795 glossatorem3
671 719 875 772 eatleleclseiam
893 719 947 771 Ed.
967 720 1013 784 P.;
1034 715 1182 769 entechiam
1199 716 1271 772 Edd.
1293 717 1359 770 Asc.

214 797 286 849 1-2.
313 791 468 856 Cameren,
493 787 653 858 ἐντελέχειαν
680 789 749 842 Edd.
779 791 846 843 Rob.
877 796 906 842 et
933 789 996 843 Car.
1025 786 1124 856 steph.
1153 788 1249 838 Iramb.
1274 787 1361 842 Fabr.

214 862 301 916 Leod-
331 861 453 917 HWolf.
479 861 591 932 Gryph.
624 861 707 912 Boul.
734 861 814 931 Sylb.
848 859 949 911 Olivet.
977 858 1097 910 Lallem.
1122 857 1265 911 Fawclf.
1292 856 1361 909 sch.

216 932 406 1003 [trisagiae]
426 931 506 986 Koel.
527 932 616 985 Orell.
641 932 746 995 Nobb.;
773 931 927 998 ἐντελεχίαν
953 929 1025 981 Edd.
1053 929 1128 990 Ald.
1142 926 1249 979 Sturm.
1270 926 1361 979 Goth.

216 1005 301 1058 Grut.
321 1003 393 1056 Ern.
416 1003 501 1058 Verb.
521 1003 582 1071 Bip.
603 1009 640 1066 et,
668 1010 701 1052 ut
719 1002 846 1063 videtur,
879 1017 944 1052 curn
972 1000 1088 1052 Alteras
1116 998 1192 1049 nihil
1210 999 1362 1050 varietatis

216 1074 388 1137 cantaverit,
416 1071 501 1129 Godd.
520 1073 604 1125 Vind.
624 1079 648 1126 1.
668 1075 695 1127 2.
714 1079 743 1125 et
760 1071 813 1123 Ed.
832 1073 903 1126 Ven.
923 1070 1035 1137 Alteri,
1054 1069 1178 1139 denique
1194 1066 1363 1137 ἐνδελέχειαν

217 1160 253 1206 ex,
269 1144 343 1198 Edd.
363 1140 434 1198 Med.
462 1151 491 1196 et
509 1145 578 1195 Ven.
599 1145 676 1198 1491.
694 1142 835 1197 Davisius.
873 1143 933 1195 Me.

562 1449 911 1526 EXGURSUS
961 1452 1016 1524 H.

687 1581 891 1638 mamm

305 1687 394 1751 Uada
414 1686 535 1749 animae
556 1687 739 1750 excitantur
758 1686 894 1750 obsceni
915 1685 1024 1748 ambra
1045 1700 1155 1766 aperto
1176 1691 1265 1750 ostio
1322 1670 1323 1673 Ἴ

301 1767 374 1832 Alli
394 1767 589 1832 Acherontis
610 1775 770 1851 saagaiae
790 1769 887 1849 falso,
909 1778 1100 1831 mortuoram
1121 1773 1287 1851 imagines.

193 1903 195 1908 “
290 1902 334 1956 Dc
350 1901 407 1957 hoc
424 1903 502 1966 loco,
521 1903 603 1956 cuius
622 1921 721 1957 versus
739 1903 893 1956 manifesto
911 1903 1083 1955 continuant
1100 1911 1159 1957 tres
1169 1905 1283 1973 priores
1301 1913 1366 1974 post

220 1973 325 2042 capitis
343 1974 533 2043 principium,
550 1975 721 2044 priusquam
739 1976 871 2027 virorum
890 1973 1042 2026 doctorum
1062 1974 1218 2028 sententias
1243 1991 1368 2045 expona-

221 2063 297 2110 mus,
315 2044 479 2128 videndum
492 2052 545 2128 est,
565 2045 635 2113 quid
652 2045 722 2126 libri
740 2043 904 2125 exhibeant.
931 2043 971 2096 Et
988 2043 1057 2165 blind.
1076 2045 1194 2113 quidem
1211 2045 1280 2120 Reg.
1301 2063 1367 2100 cum

223 2114 342 2237 itit·
361 2115 647 2238 elementali
667 2130 774 2236 tt‘tt‘
792 2117 1368 2248 :tellitantemittit?

222 2256 296 2326 Aug.
321 2255 408 2306 Marb.
439 2255 510 2308 Gud.
531 2258 556 2310 2.
582 2255 638 2305 alto
658 2254 737 2319 [Dar.
758 2255 790 2307 in
814 2255 867 2307 Ed.
888 2258 914 2310 2.
936 2254 997 2317 alii,
1023 2256 1063 2305 ait
1081 2254 1169 2311 Codd.
1197 2258 1264 2308 alto.
1303 2259 1368 2310 Non

222 2327 307 2377 male.
344 2325 392 2377 Sic
419 2327 479 2376 alta
502 2325 575 2377 ostia
592 2324 668 2377 Ditis
694 2325 781 2378 habet
797 2326 878 2398 Virg.
901 2326 971 2377 Aen.
989 2325 1067 2376 Vlll.
1088 2325 1161 2392 aaa]
1183 2353 1215 2363 -
1234 2327 1368 2389 imagines

222 2402 389 2446 mortuoram.
416 2395 500 2446 Bern.
526 2403 590 2447 octo
616 2395 683 2446 Oxx.
703 2397 779 2448 Mon.
800 2399 824 2449 1.
843 2399 869 2450 2.
893 2395 977 2446 Vind.
999 2401 1023 2448 1.
1044 2399 1069 2450 2.
1089 2394 1178 2449 Rehd.
1200 2396 1273 2452 Gud.
1293 2397 1367 2452 Edd.

116 2513 118 2517 .
223 2465 260 2517 Η.
278 2465 349 2516 Van.
377 2470 466 2516 nostr.
493 2463 570 2520 Cain.
592 2465 655 2516 Asc.
677 2470 701 2518 1.
722 2469 746 2520 2.
777 2465 840 2517 Car.
860 2473 889 2519 et
911 2465 980 2517 nob.
1006 2463 1105 2534 Steph.
1134 2466 1163 2518 P.
1183 2465 1215 2517 A.
1235 2467 1266 2518 B.
1287 2465 1315 2522 S.
1334 2467 1368 2519 E.

226 2534 257 2590 G.
277 2535 311 2588 V.
335 2532 402 2589 Ald.
429 2533 552 2589 Hwolf.
576 2535 656 2589 Brut.
670 2535 794 2588 Lambb.
822 2534 909 2587 Goth.
935 2534 1014 2604 sylb.
1042 2536 1149 2588 Sturm.
1177 2529 1260 2590 Boul.
1281 2536 1367 2590 Laod.

224 2604 311 2657 Grut.
331 2604 420 2657 Gran.
441 2603 514 2657 Oliv.
534 2602 602 2659 Dav.
622 2604 694 2657 Ern.
712 2605 774 2674 Bip.
794 2605 866 2657 item
883 2614 917 2658 ut
934 2606 1019 2659 Marb.
1047 2606 1102 2659 duo
1125 2606 1212 2661 verba
1240 2615 1369 2660 extrema

224 2674 340 2727 inverso
360 2672 461 2727 ordine
480 2673 616 2727 exhibent
633 2683 726 2727 metro
744 2676 926 2729 adversantet
947 2676 1055 2743 reliqui
1079 2684 1210 2729 nostrum
1238 2685 1368 2732 tuentur.

224 2743 324 2797 Hostia
355 2741 461 2797 habent
491 2745 578 2798 etiam
600 2742 691 2797 Rehd.
722 2744 796 2799 Gud.
821 2763 895 2798 unus
921 2746 970 2798 Ox.
998 2741 1071 2799 Edd.
1098 2747 1133 2799 H.
1160 2749 1230 2798 Ven.
1261 2756 1369 2812 nostr,

172 2831 177 2844 ⁸
224 2819 342 2878 opertae,
360 2832 437 2866 unus
454 2813 503 2866 Ox.
523 2814 574 2882 qui
592 2813 711 2866 Divisio
728 2817 816 2878 favet,
836 2821 936 2881 operto,
956 2833 1047 2891 marg.
1068 2814 1146 2870 (irat.
1174 2816 1239 2868 Ala
1256 2818 1370 2870 omittit

226 2884 294 2937 ch.
320 2884 407 2949 Gna,
435 2902 510 2936 unus
538 2885 591 2937 Ox.
616 2883 702 2937 habet
727 2885 783 2936 alte
802 2912 835 2922 ·-
853 2885 934 2938 Salso
959 2904 1034 2939 unus
1058 2887 1108 2943 Ox.
1136 2885 1174 2952 (si
1190 2887 1262 2940 fides
1282 2888 1371 2942 colla-

225 2954 326 3016 tioni):
345 2955 419 3018 falso
437 2955 547 3023 reliqui
569 2969 675 3008 omnes.

294 3023 409 3076 Primus
430 3024 467 3077 Α.
489 3025 626 3076 Taraciae
646 3024 778 3079 Adversa.
803 3023 875 3078 XIX.
900 3027 943 3079 24·
970 3042 999 3094 p.
1026 3027 1085 3080 lte.
1117 3026 1170 3078 Ed.
1197 3029 1287 3084 Paris.
1316 3029 1370 3083 hos

224 3108 325 3145 versus
344 3095 495 3167 corrigere
512 3110 660 3167 aggressus
678 3095 735 3145 scri
758 3094 795 3146 sit
813 3096 907 3145 salso
924 3095 1068 3158 sangnine,
1088 3103 1244 3151 mortuoram
1268 3098 1370 3164 imagi-

225 3177 284 3214 nes:
304 3160 422 3214 addens:
443 3162 529 3227 „scio
549 3162 681 3232 equidem
699 3111 790 3236 vuigo
809 3164 840 3215 in
849 3162 989 3216 Cicerone
1002 3165 1092 3217 scribi
1110 3167 1200 3230 falco
1218 3170 1369 3232 sanguine:

225 3230 273 3284 scd
291 3231 413 3282 salsam
431 3233 589 3295 sangninem
606 3249 622 3283 a
640 3233 734 3301 politis
752 3233 879 3303 antiquis
897 3233 1007 3286 dictum
1025 3251 1091 3287 cum
1108 3239 1283 3305 repererim,
1303 3256 1371 3292 con-

225 3309 271 3356 tra
295 3301 475 3355 medicorum
501 3304 655 3366 rationem,
683 3304 733 3371 qui
756 3304 873 3357 dulcem
896 3305 1029 3370 credunt,
1055 3313 1089 3356 ut
1116 3315 1146 3359 et
1164 3325 1196 3360 re
1223 3326 1295 3363 vera
1317 3317 1371 3374 est,

224 3369 291 3439 plus
310 3372 384 3440 apud
402 3389 447 3423 me
464 3375 615 3441 politarum
633 3373 797 3439 auctoritas,
823 3391 909 3441 quam
926 3375 1032 3427 vitium
1055 3376 1216 3446 scripturae
1237 3388 1372 3450 receptae

224 3440 327 3493 valuit.
364 3442 475 3494 Ennius
501 3443 576 3511 apud
601 3442 777 3497 Macrobium
801 3443 935 3507 (v1.2.)2
970 3443 1060 3510 Neque
1083 3449 1194 3499 miserae
1218 3448 1311 3503 lacere
1328 3449 1372 3500 la-

226 3510 348 3577 chrymae
373 3511 501 3564 salsam
526 3512 711 3576 aaagaiaem.“
739 3513 793 3578 [Ibi
816 3529 886 3566 vero
912 3515 972 3567 iam
991 3515 1057 3568 Ger.
1076 3518 1193 3570 Vossius
1221 3520 1372 3574 commodo

226 3581 359 3648 reposuit
377 3581 497 3634 lacrimis
515 3583 643 3648 salsis]
679 3582 813 3638 Turncbo
832 3582 961 3637 obsecuti
988 3593 1056 3636 sunt
1073 3585 1164 3639 Gebb.
1189 3587 1280 3652 Gran.
1301 3590 1371 3643 Dav.

226 3649 289 3715 Bip.
313 3651 408 3705 Wolf.
434 3651 516 3708 Koel.
541 3653 630 3706 Nobb.
659 3653 798 3706 01111-
831 3654 989 3721 Gebhardae
1006 3671 1059 3724 pro
1078 3656 1206 3710 lectione
1223 3661 1299 3712 salso
1317 3661 1371 3714 itai

225 3720 328 3784 „Haec
346 3721 475 3774 Turnebi
493 3724 660 3777 coniectura
678 3731 753 3789 erat3
771 3741 890 3792 earnque
908 3724 962 3777 sibi
980 3734 1109 3778 asserunt
1126 3727 1195 3780 libri
1204 3727 1282 3783 MSS.
1302 3737 1370 3786 tert.

225 3789 283 3842 Pal.
304 3791 346 3842 sic
362 3799 514 3860 practerea
532 3796 615 3848 Mart.
639 3794 749 3847 Gembl.
769 3794 913 3847 Pithoean.
948 3797 982 3848 ln
1001 3794 1062 3850 Pal.
1080 3804 1184 3865 quarto
1202 3799 1245 3852 ita
1264 3808 1370 3854 exstet:

225 3861 283 3913 alto
301 3867 362 3912 acte
380 3862 552 3926 Acherontis,
571 3871 605 3915 ut
623 3864 709 3916 facile
726 3866 819 3934 possit
838 3863 996 3928 emendari,
1015 3868 1082 3918 Alto
1107 3882 1181 3919 anne
1199 3869 1370 3923 Acheronta.

226 3929 364 3984 Ceterum
389 3933 547 4008 legendum
576 3941 694 4002 putarat
716 3943 838 4004 propter
868 3952 986 3988 versum
1020 3935 1161 3993 Gulielm.
1204 3939 1374 3993 Morinorum

213 4001 371 4066 'magenes
409 4005 444 4055 In
462 4003 601 4058 Vaticano
620 4012 663 4057 eet
680 4005 838 4070 Aperlae
855 4005 926 4057 ostio
944 4006 1042 4059 Alta.“
1079 4007 1201 4061 Bentleii
1224 4011 1372 4064 coniectu-

222 4088 288 4124 ram
313 4073 387 4136 fesso
410 4074 555 4138 sangnine,
583 4075 700 4143 eiusque
722 4074 917 4130 defensionem
943 4075 1031 4131 babes
1058 4077 1091 4130 in
1108 4079 1305 4136 annotatione.
1342 4081 1371 4134 11

224 4143 371 4195 neminem
389 4143 592 4212 obsequentem
609 4143 719 4197 hahuit.
743 4145 908 4200 Bonisierias
925 4146 1069 4216 improbat
1085 4145 1196 4202 Davisii
1213 4148 1372 4205 lectionem

223 4218 345 4275 comae:
377 4213 465 4278 idem,
489 4222 524 4266 ut
546 4223 639 4269 metro
663 4223 839 4281 sucurreret,
867 4217 956 4269 scribi
982 4217 1097 4272 volebat
1123 4224 1218 4284 aperto
1237 4225 1273 4272 et
1291 4221 1371 4273 ostio.

223 4278 298 4334 Tum
322 4284 426 4351 probat
448 4284 639 4353 scriptIonem
662 4289 750 4352 salso,
779 4288 848 4357 quia
871 4303 928 4339 non
952 4288 1035 4348 falso,
1060 4288 1109 4342 sed
1131 4304 1201 4342 vero
1228 4291 1372 4365 sanguine

121 4377 127 4397 .
224 4365 296 4419 opus
312 4353 404 4406 fuerit
421 4353 457 4406 ad
475 4353 526 4408 bas
544 4363 621 4410 artes
639 4357 776 4430 magicas:
803 4374 896 4427 neque
914 4357 1087 4412 audiendum
1111 4375 1173 4414 asse
1192 4357 1372 4415 Gutherium
