2856 5084
214 283 277 346 ate
411 277 643 344 cronuonus
661 236 910 342 ¹rusorum.
933 275 1165 342 ntsrurur.

213 446 367 529 cepheni,
390 462 492 527 quum
513 442 646 528 quidam
667 451 853 527 quaereret,
876 440 957 525 quid
976 444 1009 505 ei
1026 445 1168 506 caecitas
1190 442 1373 521 situlisset,

213 633 340 686 foedasse
359 638 388 684 et
406 630 522 683 anullo
541 628 773 683 animadversum
798 638 828 682 et
852 629 995 683 sublatum
1013 630 1109 684 fuisse.
1147 632 1223 685 Nam
1240 638 1375 701 praeter-

210 719 311 773 quam,
338 702 415 772 qnod
432 701 545 753 nullam
561 700 617 752 hoc
635 710 751 754 auctore
770 701 889 776 dignam
907 702 1079 755 sententiam
1098 718 1131 754 ea
1147 701 1236 755 verba
1253 720 1325 773 prae
1345 720 1375 757 se

213 774 355 839 ferebant,
375 789 489 834 nomen
500 770 575 823 illud
592 772 772 836 inexercitata,
790 789 844 844 pro
864 773 1026 843 imperitus,
1044 774 1095 826 vix
1110 775 1174 843 capi
1192 790 1274 841 posse
1291 783 1373 842 puto.

213 847 352 915 frequens
368 853 468 898 autem
490 849 534 895 est
551 859 585 895 eo
608 842 786 916 significatu,
814 860 871 912 quo
889 844 1032 917 Virgilius
1056 844 1143 896 dixit:
1172 843 1248 897 Nate
1271 844 1386 899 Iliacis

214 917 335 969 exercite
352 914 429 979 fatie.
466 917 551 966 Manu
569 914 673 983 scripti
692 913 780 968 etiam
797 913 866 966 libri
885 913 917 966 ab
934 914 988 967 hac
1007 923 1066 967 tam
1084 914 1150 966 rudi
1168 915 1295 968 lectione
1314 917 1375 970 dis·

214 987 384 1050 sentiebant,
410 985 541 1056 quamvis
565 992 593 1036 et
612 985 687 1055 ipsos
705 983 840 1036 nonnihil
857 985 925 1036 vitii
944 993 1146 1054 occupaverat.
1166 986 1196 1038 id
1214 995 1312 1038 tamen
1331 989 1374 1039 fa-

210 1056 271 1110 cile
290 1057 402 1129 corrigi
422 1055 520 1126 potuit
538 1056 572 1108 ab
591 1071 634 1120 eo,
659 1056 712 1125 qni
731 1056 890 1130 diligenter
909 1064 937 1108 et
956 1065 1065 1109 attente
1082 1055 1178 1109 locum
1197 1057 1376 1111 consideras-

213 1136 265 1182 set.
303 1127 447 1180 Nonnulli
472 1126 551 1179 enim
574 1125 679 1178 habent
705 1126 860 1193 metricum,
888 1143 942 1197 pro
967 1143 1016 1180 nec
1040 1126 1203 1193 exercitum,
1233 1128 1285 1180 alii
1302 1145 1374 1182 vero

214 1197 399 1253 tamaricum:
423 1214 511 1268 quare
529 1197 688 1261 emendavi,
706 1198 846 1262 uirides,
865 1214 955 1265 parra
973 1199 1132 1250 mutatione
1149 1200 1235 1262 facta,
1260 1199 1374 1253 Eretri-

213 1286 284 1323 cum.
321 1271 454 1322 Fuerunt
480 1267 558 1320 enim
581 1267 757 1338 philosophi,
785 1269 836 1338 qui
860 1267 988 1323 Eretrici
1018 1269 1079 1322 sive
1102 1269 1248 1323 Eretriaci
1281 1271 1375 1340 (quod

213 1349 312 1394 tamen
330 1340 408 1392 idem
426 1339 482 1406 est)
502 1339 644 1408 appellati
664 1339 736 1392 sint:
765 1339 799 1392 de
825 1338 928 1408 quibus
945 1339 1047 1392 Cicero
1077 1340 1177 1392 multis
1202 1340 1276 1405 locis
1301 1342 1374 1416 egit,

212 1412 315 1465 sedin
333 1411 385 1464 111.
406 1410 440 1461 de
458 1412 578 1462 Oratore
595 1409 642 1461 his
659 1410 769 1462 verbis:
799 1410 925 1462 Fuerunt
942 1411 1027 1463 etiem
1046 1410 1107 1465 elie
1124 1426 1230 1478 genere
1246 1410 1374 1480 phileso-

211 1478 339 1550 pdorum,
359 1480 407 1550 qui
424 1496 453 1532 ee
471 1496 563 1532 omnes
580 1482 641 1548 fere
658 1480 819 1534 Socraticos
837 1495 896 1533 esec
912 1480 1052 1547 dicebant,
1071 1483 1274 1548 Eretricorum,
1294 1483 1374 1536 Erit·

211 1552 327 1618 iiorum,
355 1552 578 1619 Megaricorum,
602 1550 836 1621 Pyrrhoneorum,
862 1560 918 1604 cst.
946 1552 1145 1622 Asclepiadem
1170 1561 1267 1607 autem
1293 1553 1374 1606 hunc

211 1624 275 1676 elus
299 1631 391 1676 sectae
413 1623 502 1677 fuisse
527 1623 611 1675 docet
634 1624 766 1675 La'e'rtius
790 1623 821 1674 in
848 1623 911 1674 vita
933 1623 1088 1676 Phaedonis
1115 1622 1161 1675 his
1184 1625 1293 1677 verbis:
1327 1625 1375 1678 καὶ

212 1696 301 1761 epiros
327 1713 351 1746 κ.
377 1711 400 1744 τ.
426 1697 449 1744 l.
475 1691 512 1757 [v.
538 1711 603 1745 ann.
623 1692 728 1759 Dav.]“
757 1692 910 1749 Victorius.
948 1696 1039 1760 „Vem
1064 1694 1225 1748 Eretricum
1249 1691 1375 1764 philoso-

210 1763 303 1832 phum.
341 1765 437 1832 Atque
456 1770 567 1816 constat
585 1764 703 1832 quidem
729 1765 817 1816 fuisse
835 1762 1034 1834 Asclepiadem
1051 1766 1221 1830 Phliasium,
1247 1766 1375 1818 amicum

211 1853 359 1887 surrrmum
377 1833 538 1886 Menedemi
552 1834 711 1899 Eretreios,
728 1851 745 1886 a
763 1849 820 1904 quo
838 1834 968 1888 Eretrici
986 1835 1069 1901 dicti,
1087 1843 1121 1888 ut
1137 1836 1239 1890 (licere
1259 1852 1374 1907 quoque

209 1906 312 1959 docuit
330 1906 362 1957 in
380 1904 513 1970 Lucullo,
534 1912 563 1957 et
576 1905 697 1956 eundem
712 1905 743 1956 in
755 1906 860 1958 ultima
870 1913 1016 1960 senectute
1028 1908 1206 1960 mortuum.“
1224 1906 1374 1962 Gamerae.
1417 1907 1420 1926 ¹

285 1991 448 2049 Eretricum
472 1989 682 2065 philosophum]
718 1992 791 2060 „Sic
814 1994 910 2046 Lami).
937 1995 1028 2048 altera
1055 1996 1098 2048 ed.
1127 1994 1160 2046 in
1180 1996 1276 2066 prima
1295 1997 1375 2050 enim

212 2074 322 2120 temere
345 2083 399 2119 reon
426 2065 576 2133 ignobilem
599 2066 737 2118 medicum
767 2072 796 2127 et
817 2062 1020 2134 philosophum.
1058 2066 1166 2119 Teneri
1190 2075 1288 2120 tamen
1315 2084 1375 2122 non

212 2152 338 2208 possum,
359 2136 429 2204 quin
448 2143 477 2190 et
496 2134 620 2188 aliorum
637 2135 780 2189 librorum
798 2135 955 2189 lectionem
967 2137 1139 2190 adscribam:
1159 2138 1276 2207 quidam
1294 2139 1376 2192 enim

212 2223 268 2261 non
295 2206 449 2274 ignobilem
481 2222 531 2259 nec
556 2205 739 2259 inexercitum
763 2200 962 2275 philosophum.
1007 2207 1083 2273 Quae
1108 2207 1197 2262 lectio
1227 2226 1296 2281 prae
1321 2209 1375 2264 illa

211 2279 320 2350 placet,
339 2296 406 2330 nam
424 2277 561 2332 exercitus
577 2277 640 2330 fere
659 2277 690 2328 in
708 2276 834 2329 adversis
851 2273 969 2330 dicitur.
1006 2281 1097 2333 Maro:

381 2381 415 2392 -
434 2382 467 2391 -
488 2380 520 2389 -
541 2355 606 2401 nate
624 2336 722 2402 Iliacis
741 2348 862 2402 exerere
879 2347 956 2415 fotis.
1091 2412 1096 2418 ὁ

211 2418 350 2495 Idemque
376 2418 406 2475 l‘.
426 2418 556 2471 Victorio
583 2418 743 2471 videbatur.
786 2419 929 2471 Medicum
957 2427 1053 2474 autem
1078 2419 1164 2475 illum
1192 2437 1226 2476 ex
1252 2423 1374 2478 Oratore

211 2504 272 2543 non
289 2488 339 2542 hic
357 2488 459 2543 Cicero
478 2488 576 2544 innuit
592 2489 779 2555 Prusiensem,
798 2490 927 2560 Pompeii
945 2492 1103 2562 aequalem,
1123 2492 1169 2558 (de
1188 2507 1243 2563 quo
1261 2495 1374 2547 Plinius

213 2562 316 2624 refert,
335 2561 458 2633 reliquis
476 2560 539 2612 fere
558 2559 602 2612 sui
620 2556 758 2630 temporis
776 2556 863 2612 illum
881 2578 1062 2638 repugnasse,
1083 2579 1224 2646 quemque
1243 2563 1375 2618 Galenus

213 2631 248 2684 de
267 2630 394 2684 Orisibus
412 2631 462 2683 lib.
476 2629 530 2682 111.
551 2629 608 2689 ἕξιν
626 2630 811 2699 αἰτιολογικὴν
829 2631 990 2687 exercuisse
1009 2634 1133 2699 scribit)
1152 2631 1200 2686 sed
1213 2632 1374 2690 Phliasium

204 2700 310 2766 illum,
330 2694 381 2770 qui
399 2700 564 2756 Menedemo
575 2701 747 2771 Philosopho
766 2709 901 2773 tanquam
915 2704 1034 2777 Pylades
1053 2704 1126 2756 alter
1144 2702 1374 2760 familiarissime

212 2773 252 2824 sit
269 2786 349 2826 usus:
373 2767 502 2842 dictique
520 2773 601 2824 ambo
618 2772 747 2843 primum
766 2791 781 2826 a
799 2772 931 2858 Stilpone
948 2772 1052 2840 Eiiaci,
1082 2779 1146 2844 post
1169 2791 1184 2825 a
1202 2772 1374 2830 Menedemo

152 2903 156 2910 .
212 2843 348 2896 Eretrieo
367 2840 505 2910 Eretrici,
528 2849 563 2895 ut
580 2843 710 2895 nominat
735 2845 771 2895 M.
792 2839 906 2898 Tullius
925 2846 958 2898 L.
978 2846 1031 2899 ΙΙΙ.
1051 2844 1086 2898 de
1105 2845 1234 2911 Oratore,
1266 2853 1295 2896 et
1314 2847 1374 2899 Lu-

213 2915 292 2968 cullo
311 2921 454 2969 extremae
488 2913 538 2965 ubi
556 2921 652 2965 tamen
676 2914 830 2966 Lambinus
848 2924 951 2980 mutat,
979 2915 1077 2970 nescio
1105 2931 1161 2986 qua
1185 2915 1371 2984 confidentia,

212 2983 346 3050 Eleatici,
374 2999 442 3037 cum
470 2985 579 3037 Graece
605 2984 643 3037 sit
665 2983 799 3048 Ἠλιακοὶ,
827 2981 882 3038 tired
907 2990 957 3040 τοῦ
978 2986 1137 3048 ulciscerer
1154 2988 1268 3051 Ἠλείου,
1295 2995 1331 3039 ut
1355 3006 1372 3040 a

212 3056 391 3121 Menedemo,
411 3053 488 3124 quod
505 3055 529 3105 is
546 3054 812 3127 Eperpsedcsiuerit,
839 3056 983 3110 Eretriaci
1003 3056 1149 3127 appellati.
1187 3057 1320 3110 hairtins
1340 3059 1373 3110 in

107 3143 108 3146 ¹
211 3126 361 3178 Phaedone
381 3133 410 3176 et
429 3124 608 3180 Menedemoa
628 3125 646 3179 ὁ
663 3125 760 3193 μέντοι
776 3124 972 3196 Ἀσκληπιάδης
989 3131 1228 3198 προκατέστρεψεν
1248 3125 1281 3178 ἐν
1295 3125 1373 3198 Ἐρε-

211 3197 274 3263 τρίᾳ
291 3191 410 3263 γεραιὸς,
429 3195 482 3263 ἤδη
500 3195 618 3262 codices
635 3202 671 3264 rol
694 3193 854 3266 Μενεδήμῳ
872 3195 985 3268 σφοδρὰ
1004 3197 1189 3257 irretierint
1208 3191 1372 3278 μςγᾰλωνέ(

211 3264 315 3320 Sedatt.
335 3268 373 3323 Ν.
393 3266 452 3320 Oic.
478 3268 515 3323 ll.
541 3270 585 3324 20.
606 3294 639 3307 -
675 3268 771 3334 „Ante
795 3268 960 3322 Victorium
986 3269 1137 3342 leg-ebatur
1158 3279 1208 3319 nec
1231 3269 1372 3322 caesarei·

211 3343 281 3402 tum,
309 3353 398 3404 esque
422 3347 465 3391 est
485 3339 574 3392 lectio
595 3340 738 3397 Beroaldi.
768 3338 843 3397 Vict.
872 3354 963 3408 quum
990 3339 1022 3388 in
1046 3337 1129 3388 libris
1153 3336 1231 3391 MSS.
1258 3342 1371 3406 partim

211 3408 361 3462 metricum
384 3411 493 3481 partim
519 3407 668 3465 hereticum
690 3410 856 3474 invenisset,
883 3424 971 3477 parra
995 3408 1155 3459 mutatione
1178 3409 1254 3458 facta
1273 3426 1371 3463 emen·

212 3480 292 3533 davit
310 3479 486 3563 Eretricumr
505 3497 591 3550 quam
609 3481 837 3564 emendationem
853 3479 961 3562 merito
972 3494 1069 3531 omnes
1083 3477 1161 3530 docti
1180 3479 1282 3531 ordine
1300 3498 1370 3565 pro·

211 3551 290 3675 itt?
304 3551 672 3693 attitularet
689 3548 1100 3673 itatiif't2‘ttmitti
1118 3549 1370 3690 itttdtttt·

210 3693 305 3745 multa
321 3692 465 3777 legissem,
483 3694 562 3746 hunc
580 3693 677 3745 locum
686 3706 740 3760 pro
754 3688 902 3750 emendato
920 3689 1023 3755 halani,
1043 3690 1099 3755 iam
1111 3693 1254 3761 tantisper
1268 3690 1367 3763 ἓφέξω,

119 3821 121 3826 ,
211 3764 288 3829 dum,
320 3762 392 3832 quid
414 3765 584 3817 Lambinum
609 3769 740 3814 nostrum
763 3759 899 3824 moverit,
926 3776 964 3813 ex
988 3761 1049 3830 ipso
1080 3762 1276 3836 cognovero.“
1301 3758 1366 3816 Ere.

210 3834 294 3918 Fedr.
332 3837 472 3919 „detinui
498 3834 655 3914 lectionem
676 3828 811 3948 liictopii,
840 3846 926 3899 quam
950 3837 979 3885 st
997 3833 1151 3916 Lamhinus
1178 3841 1290 3917 secutus
1314 3843 1367 3918 est,

210 3922 481 4044 mittitete
496 3899 689 4034 mittit?
704 3899 1231 4040 ,ttmtsttt‘ttttrt'tetit.
1242 3906 1368 4032 ”titt

210 4057 304 4118 murt.
323 4053 407 4102 Mart.
425 4046 578 4107 metricum,
596 4040 678 4110 Febr.
697 4039 809 4093 Gernbl.
829 4043 979 4107 Oriticum,
996 4047 1084 4098 Palat.
1104 4045 1198 4113 quint.
1218 4045 1365 4111 medicum,

192 4123 193 4128 ’
209 4128 243 4172 ut
261 4129 291 4173 et
308 4119 408 4173 hamb.
422 4117 455 4167 in
472 4113 580 4183 primas
599 4127 654 4165 non
673 4111 826 4178 tgeotttem
843 4115 978 4168 medicum
997 4124 1024 4170 et
1040 4113 1237 4186 philosophum.
1272 4118 1366 4191 Vulgo

209 4206 259 4243 sce
275 4185 468 4250 inexercitum,
493 4182 570 4252 qnod
591 4199 708 4252 perine
735 4184 848 4255 placeat
866 4186 986 4241 schotto
1005 4189 1037 4241 L.
1058 4188 1095 4243 11.
1114 4189 1158 4241 tt·
1184 4186 1365 4242 Nodornm.“

210 4260 449 4388 Gebhiiretricum
470 4321 680 4394 philosophum]
708 4327 826 4380 Veteres
850 4326 931 4380 editt.
959 4343 1008 4381 nec
1032 4291 1219 4384 inexercitum
1238 4327 1364 4398 philoso-

208 4400 301 4473 phus»,
333 4394 410 4469 quod
433 4395 522 4452 Andr.
550 4395 669 4452 schotto
697 4398 768 4452 Nod.
789 4398 881 4453 Cicer.
907 4399 947 4464 11,
965 4401 1009 4456 21.
1034 4399 1148 4469 placere
1175 4417 1234 4456 non
1257 4401 1363 4455 debuit.
