2856 5084
449 273 812 356 nmnuum.
1031 352 1034 357 ,
1200 275 1244 343 os

85 443 217 506 habere
231 442 349 526 possit,
370 444 407 506 in
428 442 526 507 bonis
546 461 614 505 non
635 459 794 505 numero:
815 439 905 524 quod
926 441 1014 504 enim
1034 450 1087 504 est
1105 441 1242 522 bouum,
1275 456 1278 461 ·

85 528 129 589 id·
145 547 213 588 non
235 528 346 610 quivis
364 526 490 589 babere
511 534 631 609 potest.
677 524 805 588 Omitto
818 526 1038 597 nobilitatem,
1060 527 1244 609 famamque

84 611 287 692 popularem
317 611 498 672 stultorum
529 608 828 692 improbatumque
854 627 1017 670 consensu
1048 610 1244 686 excitatam

81 693 176 770 baec,
210 712 293 774 quae
314 701 392 754 sunt
412 695 563 769 minima,
595 699 706 755 temen
728 692 815 753 bruna
835 690 994 757 dicantur
1014 708 1145 753 necesse
1172 700 1241 753 esta

82 775 256 838 candiduli
279 773 405 852 dentes,
426 778 560 838 venusti
581 774 682 851 oculi,
704 776 800 837 color
814 776 937 854 suavis,
959 782 994 836 et
1007 791 1057 854 ea,
1078 773 1241 856 quaeAn-

80 860 184 921 ticlea
204 857 319 920 laudat
340 856 432 919 Ulixi
452 857 553 941 pedes
574 857 722 936 abluens,

80 1061 195 1118 minimi
218 1061 315 1130 pretii.
352 1062 414 1117 Duo
433 1065 503 1119 Oxx.
526 1062 632 1118 babent
658 1069 696 1117 ut
714 1063 785 1117 bono
801 1081 856 1135 pro
874 1065 956 1129 bona,
982 1061 1059 1135 quod
1076 1069 1118 1116 est
1135 1062 1242 1136 glossa·

81 1133 155 1185 toris
173 1134 305 1204 puerilis.
337 1134 434 1188 Duisb.
460 1135 536 1190 oculi
553 1134 671 1188 venusti.
709 1135 846 1188 Ceterum
873 1135 1047 1188 adiectivum
1070 1135 1242 1188 candidulus

80 1201 112 1256 b.
125 1205 146 1256 l.
167 1214 212 1258 est
229 1204 306 1266 ἅπαξ
323 1206 477 1278 εἰρημένον.
509 1207 686 1260 Aduerbium
704 1207 862 1270 candidule,
881 1207 936 1259 alia
955 1205 1082 1270 (tralata)
1100 1206 1242 1260 sententia

80 1275 167 1329 habet
190 1276 334 1330 Arnobius
358 1280 430 1334 Adv.
458 1278 543 1331 Gent.
573 1278 611 1331 ll.
640 1281 683 1333 511.
728 1277 806 1342 Quod
830 1277 879 1331 hic
902 1278 1013 1330 dicitur
1034 1279 1110 1331 color
1133 1278 1240 1345 suauis,

83 1353 170 1417 supra
186 1349 235 1402 IV.
256 1353 298 1406 13.
320 1353 364 1405 31.
384 1350 495 1402 dictum
513 1358 556 1402 est
574 1348 680 1403 coloris
698 1348 834 1406 caerites.
870 1349 931 1402 Mr.

155 1443 183 1490 et
200 1453 243 1503 eo,
264 1453 336 1506 quor
353 1438 533 1508 Euryclia
552 1439 659 1503 laudat,
681 1437 778 1508 Ulyear‘
792 1438 878 1506 pedes
897 1436 1020 1505 abluere]
1052 1437 1111 1505 „In
1129 1437 1241 1490 cunctis

83 1504 270 1572 rosacum.
300 1519 330 1562 rt
353 1509 385 1562 in
413 1510 561 1563 nonnullis
586 1511 675 1562 etiam
700 1511 845 1579 impressis
871 1509 999 1564 Anticlia
1024 1508 1144 1584 legitur.
1191 1508 1241 1563 Sic

82 1586 179 1631 autem
197 1581 395 1652 appellabatur
412 1582 526 1650 Ulyssis
545 1590 652 1634 mater:
681 1582 729 1634 sed
748 1599 780 1634 ea
803 1599 953 1651 nusquam,
976 1598 1071 1650 neque
1089 1579 1163 1664 apud
1180 1580 1240 1633 Ho-

80 1666 206 1717 merum,
225 1670 319 1722 neque
337 1652 428 1706 alium
446 1652 543 1704 ullum
560 1659 683 1723 poetam,
703 1651 780 1737 quod
794 1653 891 1718 sciam,
909 1651 1060 1704 inducitur
1076 1651 1134 1702 fllri
1150 1651 1239 1721 pedes

80 1719 206 1776 abluere.
244 1723 339 1788 Quare
365 1733 415 1776 aut
442 1731 569 1776 erratum
594 1723 651 1776 hoc
676 1725 735 1776 fust
763 1723 958 1788 librariorum,
991 1729 1041 1775 aut
1066 1718 1240 1794 μνημονικὸν

80 1791 231 1863 ἁμάρτημα
255 1793 412 1861 Ciceronis,
445 1795 526 1848 cuius
553 1794 690 1868 qsraedam
715 1794 772 1848 alia
797 1795 831 1847 ab
855 1795 919 1847 aliis
946 1793 1140 1848 animadversa
1162 1802 1239 1848 suut.

79 1863 286 1919 Huiuscemodi
306 1876 433 1919 erratum
452 1877 494 1920 est
513 1868 545 1920 in
563 1867 651 1920 Plinii
669 1867 744 1919 libro
753 1865 786 1917 X.
806 1883 831 1919 c.
850 1870 892 1922 16.
912 1865 972 1919 sive
990 1865 1065 1919 illud
1082 1866 1239 1919 memoriae

79 1935 163 2006 lapsu
190 1937 223 1989 ab
251 1947 366 1991 auctore
389 1939 573 1992 commissum
597 1939 645 2003 sit,
678 1942 729 1990 seu
750 1945 848 2008 postea
873 1936 1061 1991 librariorum
1089 1937 1129 1988 im
1151 1937 1240 1994 eritia

80 2016 190 2075 ortum,
210 2010 287 2095 quod
304 2010 400 2079 potius
417 2019 501 2082 puto:
521 2028 588 2063 nam
599 2018 728 2062 vetustos
739 2008 801 2061 vidi
813 2009 934 2074 codices,
953 2009 1004 2078 qui
1014 2015 1122 2062 rectam
1131 1955 1239 2060 iectio-

80 2084 148 2132 nem
166 2081 344 2146 retinebant3
364 2099 442 2134 nunc
459 2091 567 2148 tamen,
586 2080 664 2153 quod
680 2080 782 2145 miror,
803 2080 889 2133 etiam
908 2079 959 2149 qui
978 2079 1138 2133 creduntur
1154 2078 1240 2132 casti-

101 2151 215 2217 atiore's,
235 2152 265 2205 id
283 2152 419 2205 mendum
436 2151 552 2206 habent.
592 2154 669 2204 Haec
688 2151 771 2203 illius
789 2151 891 2204 verba:
925 2150 998 2204 Nolo
1016 2151 1097 2222 elium
1115 2151 1239 2204 Homero

79 2160 146 2288 duit,
169 2221 329 2292 Trogete
348 2230 475 2290 uocetur,
494 2225 529 2277 ob
548 2223 624 2278 aliie
637 2221 722 2292 Taya.
759 2222 841 2276 Hono
864 2221 956 2292 igitur
979 2223 1055 2277 inter
1074 2223 1174 2276 odorae
1190 2221 1240 2277 uri

80 2292 175 2346 tradit
194 2297 225 2348 ia
245 2294 360 2349 deliciis
380 2296 486 2362 Circes,
516 2312 599 2365 parom
617 2296 699 2348 deoru
724 2294 833 2349 uolebat
852 2293 990 2362 intelligi,
1019 2309 1124 2361 magno
1142 2308 1241 2348 errore

80 2379 183 2430 eorum,
214 2369 262 2435 qui
286 2367 469 2420 odoramenta
494 2367 524 2419 iu
552 2383 583 2421 eo
607 2365 737 2419 uocabulo
762 2365 909 2434 occipiunt,
940 2381 1000 2417 cum
1022 2367 1191 2434 praesertim
1207 2367 1241 2419 e‘n

81 2434 177 2488 eodem
193 2452 277 2489 orrea
296 2438 407 2490 cedrum
427 2437 595 2505 loricamque
611 2453 667 2491 aaa
686 2438 791 2500 tradat,
819 2439 848 2490 e'n
863 2453 925 2507 ¹quo
948 2434 1126 2501 manifestum
1143 2442 1185 2489 est
1202 2437 1239 2490 de

81 2505 231 2559 orbora'bua
249 2514 350 2559 tontum
369 2509 493 2562 loculum.
513 2507 598 2574 [Plin.
618 2510 651 2562 H.
672 2509 710 2561 Ν.
729 2509 807 2561 Xlll.
830 2511 871 2564 16.
890 2512 933 2564 311.
953 2525 981 2578 p.
1000 2511 1062 2565 694.
1082 2507 1168 2560 Hard.
1188 2507 1238 2560 ubi

80 2584 158 2628 nunc
177 2577 289 2664 legitur
310 2577 415 2648 thyon
434 2579 571 2632 Graece
593 2577 727 2646 voratur]
764 2581 856 2632 Locus
873 2589 970 2631 autem
989 2579 1119 2644 Homeri,
1151 2596 1239 2649 quem

79 2648 191 2700 Plinius
210 2650 362 2724 intelligit,
383 2659 425 2704 est
443 2651 475 2702 in
492 2651 568 2703 libro
586 2652 689 2720 quinto
707 2651 845 2720 Odysseae
864 2651 907 2718 [v.
928 2653 971 2706 59.
992 2651 1053 2720 sq.]
1090 2649 1139 2704 Sic
1157 2649 1237 2704 enim

79 2720 192 2789 inquit:
211 2721 267 2792 πῦρ
279 2718 381 2788 piris?
402 2720 558 2793 ἒσχάροφιν
574 2723 647 2790 μέγα
658 2724 758 2786 καίετο,
777 2719 872 2790 τηλόσε
886 2721 1002 2789 [τηλόθι]
1018 2720 1037 2774 d
1045 2719 1116 2789 ὀδμὴ
1134 2721 1237 2793 κέδρου

79 2787 240 2846 e’stiastisoeo
259 2789 330 2848 dion
347 2789 401 2846 ἀνὰ
418 2797 507 2861 νῆσον
525 2792 636 2860 ὀδώδει,
653 2791 828 2861 Ιδαιομένων.
868 2792 1032 2862 Calypsonis
1050 2794 1151 2867 igitur,
1178 2810 1237 2847 non

80 2862 188 2928 Circae,
211 2863 379 2938 legendum:
410 2865 451 2916 ibi
480 2866 559 2918 enim
583 2866 618 2918 de
644 2881 676 2917 ea
699 2880 792 2917 sermo
812 2873 866 2917 est:
894 2865 925 2917 id
949 2873 1045 2917 autem
1066 2873 1126 2916 tam
1144 2865 1237 2916 mani·

78 2935 195 2999 festum,
214 2943 247 2987 ut
265 2935 388 3005 amplius
407 2934 554 2988 declarare
577 2952 635 2988 non
659 2951 675 2987 o
698 2942 799 2988 orteat.
836 2935 916 3002 Quod
938 2943 1035 2988 autem
1057 2934 1167 2987 Plinius
1190 2952 1237 2988 ar·

78 3014 274 3079 gumentatur,
306 3023 365 3060 esse
389 3007 515 3060 Homero
542 3004 625 3077 tityon
651 2953 793 3073 arirorem,
827 3023 885 3059 non
910 3005 1136 3074 odoramentum,
1167 3006 1236 3076 quia

79 3077 178 3129 eodem
202 3095 289 3130 versu
314 3079 427 3131 cedrum
446 3078 620 3148 laricemque
638 3095 696 3130 una
719 3078 822 3143 tradat,
850 3077 995 3148 explicare
1013 3093 1060 3131 mo
1079 3093 1136 3132 non
1154 3093 1236 3148 posse

77 3147 180 3201 fateor.
218 3150 281 3201 Nec
300 3150 387 3216 enim,
406 3157 441 3201 ut
457 3158 546 3220 patet,
566 3167 599 3204 eo
616 3166 712 3216 versu,
731 3157 780 3201 aut
798 3148 865 3216 alio,
884 3148 936 3219 qui
955 3150 1032 3202 circa
1050 3150 1098 3216 sit,
1124 3150 1234 3203 mentio

78 3218 139 3271 ulla
156 3220 191 3271 fit
209 3219 243 3273 de
261 3220 360 3273 larice.
397 3220 506 3272 Locum
533 3228 631 3274 autem
654 3213 740 3272 illum
766 3220 798 3271 in
821 3237 855 3274 eo
877 3227 968 3294 poeta¹
987 3228 1156 3292 corruptum
1175 3238 1235 3275 esso

77 3305 136 3342 non
154 3290 242 3345 facile
258 3291 335 3344 mibi
353 3291 517 3362 persuadeo.
548 3291 630 3345 Sitne
649 3291 743 3367 igitur
760 3291 792 3343 in
808 3289 865 3344 hoc
884 3292 972 3344 etiam
986 3291 1076 3344 Plinii
1094 3293 1235 3346 memoria

78 3360 227 3430 culpanda,
245 3371 296 3415 aut
312 3365 408 3433 potius
427 3363 462 3416 de
480 3362 669 3416 librariorum
688 3361 867 3438 negligentia
885 3362 1073 3432 querendum,
1092 3362 1169 3433 apud
1186 3379 1234 3416 sne

77 3434 254 3487 constituere
281 3450 340 3487 non
362 3450 484 3504 possum.
522 3434 658 3504 Euryclia
681 3443 778 3487 autem
800 3431 849 3499 (ut
866 3433 903 3486 ad
920 3434 1089 3488 Ciceronem
1106 3433 1233 3497 redeam)

78 3504 316 3572 quemadmodum
334 3523 411 3558 nunc
429 3505 551 3582 legitur,
570 3521 676 3558 nornen
694 3513 736 3561 est
749 3504 863 3576 Ulyssis
881 3505 1007 3559 nutricis
1026 3522 1099 3575 quae
1117 3506 1150 3558 in
1167 3505 1234 3558 xlx

76 3573 154 3626 libro
174 3575 321 3645 Odysseae,
352 3577 428 3630 iussu
451 3577 605 3646 Penelopes
629 3576 689 3629 eius
712 3575 799 3647 pedes
817 3576 918 3642 abluit,
943 3576 1050 3647 quoin
1068 3575 1233 3630 ministerio

76 3645 162 3697 illum
181 3662 217 3697 ex
233 3647 370 3701 cicatrice
388 3649 514 3722 agnovit.
544 3648 653 3700 Verum
671 3665 702 3700 ea
721 3646 828 3699 nullibi
844 3647 916 3700 haec
934 3649 965 3700 in
984 3664 1016 3701 eo
1034 3647 1140 3715 laudat,
1160 3665 1233 3719 quae

76 3715 179 3767 Cicero
196 3712 248 3768 hic
266 3716 338 3768 dicit
356 3719 447 3788 ipsam
465 3719 591 3772 laudare.
629 3718 721 3785 Quare
740 3718 914 3771 credendum
934 3728 986 3784 est,
1009 3719 1066 3772 hoc
1084 3720 1179 3790 ipsum
1198 3720 1232 3772 ab

75 3786 135 3838 alio
159 3788 245 3854 polita
272 3789 421 3858 accepisse,
455 3791 508 3861 qui
531 3790 588 3844 hoc
613 3790 751 3843 traderet.
788 3791 850 3843 Nec
869 3791 946 3844 enim
964 3791 1014 3843 bic
1034 3791 1153 3843 Homeri
1171 3789 1233 3842 ulla

75 3858 197 3922 mentio,
229 3859 359 3927 quamvis
391 3862 564 3931 plerumque
591 3860 694 3915 Cicero
727 3861 827 3926 soleat,
860 3878 927 3913 curu
958 3860 1157 3914 huiuscemodi
1187 3877 1233 3914 res

74 3936 193 3992 tractat,
213 3945 248 3980 ex
265 3929 385 3981 Homeri
403 3940 533 4001 poemate
551 3932 683 4003 accipere
702 3940 740 3996 et,
758 3941 792 3984 ut
810 3932 842 3985 ab
862 3933 915 3984 illo
934 3938 1064 3982 narratae
1082 3938 1158 3996 sunt,
1183 3947 1233 3982 ex-

74 3999 217 4070 ponere.“
239 3998 392 4054 Victorius.
429 4002 597 4068 „Anticleoe
615 4019 722 4056 nomen
739 4014 837 4056 omnes
856 4000 941 4054 Codd.
961 4001 1140 4070 praeierunt,
1163 4017 1232 4054 cum

74 4070 207 4137 Palatini,
232 4079 296 4123 tum
321 4071 351 4137 ii,
378 4088 450 4142 quos
473 4073 548 4126 Vict.
575 4073 714 4128 adhibuit.
750 4075 813 4125 Nec
840 4072 866 4124 si
891 4073 923 4123 in
946 4072 1071 4124 Homero
1093 4087 1152 4124 non
1177 4074 1230 4139 est,

75 4142 214 4195 continuo
239 4159 353 4212 quoque
377 4161 413 4195 ex
434 4143 582 4197 Ciceronis
605 4143 799 4196 monumentis
824 4142 1054 4212 exsculpendum.
1092 4143 1229 4198 Ceterum

76 4212 278 4283 Septenarium
296 4213 478 4266 trochaicum
503 4231 539 4265 ex
556 4214 648 4267 veteri
668 4222 753 4282 poeta
770 4214 849 4265 bunc
867 4213 1019 4265 constituit
1038 4210 1228 4269 Gulielmius:

76 4283 108 4335 L.
128 4301 153 4336 o,
173 4301 209 4336 m.
228 4285 275 4335 c.“
294 4285 376 4338 Geblt.
414 4284 534 4351 „Ula're'a
552 4285 642 4360 vulgo
660 4285 771 4354 Ulyser'r
788 4300 839 4336 nos
857 4292 953 4336 autem
971 4283 1083 4337 MStum
1101 4288 1230 4343 Petrens.

76 4363 107 4408 et
124 4355 177 4408 Ed.
192 4356 262 4408 Ven.
278 4358 356 4412 1491.
374 4367 488 4410 nostrae
508 4356 642 4409 lectionis
660 4365 789 4409 auctores
807 4354 988 4407 babuimus.“
1005 4356 1076 4410 Dav.
1097 4358 1129 4410 in
1137 4357 1191 4411 Ed.
1203 4363 1227 4414 1.

73 4425 229 4494 „Quamvis
247 4429 428 4482 consentiant
444 4428 529 4484 Oodd.
549 4444 658 4495 omnes,
680 4443 739 4483 non
756 4427 948 4482 dubitaverim
971 4428 1120 4504 corrigere
1137 4430 1230 4500 Eury-
