2856 5084
407 339 413 350 .
483 276 613 361 nunu
631 278 677 370 ν,
700 279 749 349 u.
773 277 824 352 ιι.
1169 278 1230 350 ια

75 449 141 549 lem
169 447 338 511 bonorum
371 447 476 511 animi
498 422 625 511 lancem
646 451 751 535 putet,
775 452 819 506 ut
838 446 966 508 terram
992 443 1027 508 e't
1040 442 1157 513 'maria'
1175 442 1231 509 ’des
1282 477 1286 481 ’

75 539 244 677 pm”liituid
276 631 359 698 ergo
391 592 450 675 aut
476 611 566 672 huno
596 609 766 754 probibet,
797 575 985 673 autetiam
1005 605 1230 698 Xenocratem
1254 616 1294 681 18

76 696 171 759 illum
193 697 429 782 gravissimum
445 693 596 774 philosop
622 713 733 770 orum,
755 702 1011 778 exaggerantem
1023 700 1232 774 tantoopero

20 848 22 852 ,
74 781 247 849 virtutem,
270 786 504 839 extenuantem
527 785 638 837 cetera
660 784 693 837 et
715 776 936 845 abiicientem,
959 776 994 838 iu
1015 775 1143 835 virtute
1164 795 1230 836 non
1248 780 1276 835 b.

71 861 205 934 beatam
226 857 325 922 modo
355 863 471 939 vitam,
500 858 559 927 sed
585 861 688 926 ettam
708 859 941 925 xbeatissimam
968 856 1117 941 penerel
1144 857 1232 940 quod
1331 926 1334 931 ,

78 988 121 997 -α-

75 1046 160 1103 νσνί
177 1049 307 1111 lancem
324 1054 410 1116 putet.
448 1046 483 1099 In
503 1063 559 1117 quo
576 1047 619 1099 ita
637 1048 771 1118 abreptus
790 1054 833 1099 est
847 1044 1053 1100 eiiciendarum
1072 1045 1234 1122 glossarum
1341 1053 1343 1057 ‘

26 1158 32 1163 -
77 1119 243 1190 cupiditate,
263 1129 296 1171 ut
314 1119 493 1172 sanissimam
509 1119 596 1171 etiam
614 1126 643 1171 et
662 1119 785 1170 maxime
804 1119 993 1172 necessariam
1010 1135 1121 1183 vocem,
1140 1118 1230 1182 illam,

77 1192 205 1244 eliceret.
243 1189 299 1243 Sed
324 1189 394 1242 talia
420 1191 515 1244 facere
540 1189 657 1258 impune
690 1190 762 1246 licet
788 1191 930 1245 inaiorum
958 1188 1072 1243 scilicet
1098 1191 1231 1260 gentium

76 1262 197 1314 criticis.
241 1260 385 1325 Omnium,
417 1268 449 1312 nt
472 1258 598 1327 videtur,
631 1259 763 1313 codicum
792 1261 868 1312 solus
890 1260 975 1314 Bern.
1007 1260 1121 1313 omittit
1143 1260 1231 1312 verba

77 1328 213 1394 bonorum
230 1328 339 1394 enimin
366 1331 501 1384 sedtum
518 1349 550 1385 ea
576 1340 672 1383 servet
689 1327 818 1404 Regiis,¹
832 1347 988 1400 eorumque
1008 1347 1123 1404 excom
1146 1331 1230 1388 endio

77 1403 222 1456 scribendi
247 1400 371 1530 [pibffpp]
398 1411 461 1455 orta
485 1419 543 1471 esse
566 1401 700 1454 videatur
723 1401 843 1470 scriptio
870 1402 971 1464 BONI,
1008 1419 1094 1472 quam
1124 1348 1232 1455 iubent

78 1473 165 1536 Cedd,
191 1475 263 1528 Gud.
285 1483 309 1532 1.
366 1473 423 1528 arb.
443 1472 527 1526 Vind.
549 1476 574 1528 l·
594 1475 619 1528 2.
639 1475 715 1525 Mon.
736 1477 759 1527 1.
780 1475 805 1526 2.
834 1471 922 1525 Rehd.
944 1472 1017 1527 (tud.
1041 1471 1138 1524 Dnisb.
1157 1472 1231 1531 Edd.

78 1561 176 1598 omnes
194 1554 265 1606 vett.
284 1564 374 1616 usque
392 1544 427 1598 ad
444 1543 548 1608 Geth,
568 1559 620 1616 ego
640 1560 702 1595 eam
722 1543 826 1612 optimi
845 1543 959 1601 Codicis
972 1543 1173 1614 scriptionem,
1198 1551 1232 1599 ut

77 1615 213 1671 ciceroni
240 1619 349 1688 optime
373 1615 601 1679 convenientem,
631 1613 828 1683 recipiendam
854 1615 1027 1668 existimavi.
1061 1614 1128 1667 Cod.
1155 1614 1231 1685 Aug.

76 1685 162 1740 habet
186 1695 297 1741 autem
321 1685 510 1757 perpendere
527 1717 559 1728 -
577 1690 681 1752 putat
704 1689 736 1737 et
753 1690 869 1737 terrum.
908 1687 990 1739 Unus
1008 1686 1059 1739 Ox.
1077 1682 1165 1737 babet
1182 1685 1235 1739 itta

78 1757 130 1808 'ro
149 1757 240 1823 illem,
259 1760 333 1811 alius
344 1759 455 1811 leudem
466 1772 519 1826 pro
539 1757 654 1820 lancem,
674 1755 750 1808 solus
763 1755 836 1807 Gud.
851 1759 876 1812 2
891 1756 975 1823 illum
990 1757 1099 1813 enimi
1115 1757 1236 1820 lancema

76 1775 152 1881 itud.
173 1831 197 1883 2·
217 1835 371 1883 ulterram
391 1826 492 1881 muria.
530 1824 575 1891 Ad
599 1825 772 1880 sententiam
795 1825 893 1879 laudat
911 1826 1013 1881 Ochsn.
1036 1843 1097 1880 non
1122 1835 1237 1881 tantum

76 1899 113 1961 de
133 1898 216 1950 Finn.
236 1901 269 1955 t.
289 1903 333 1955 311.
353 1899 404 1952 ubi
422 1907 478 1952 cst:
515 1897 641 1961 Terram,
666 1894 851 1962 mihicrede,
878 1914 912 1950 eu
937 1899 1006 1951 lanx
1029 1903 1055 1952 et
1073 1897 1168 1952 marin
1187 1899 1237 1951 de·

74 1968 196 2047 primet,
215 1970 265 2023 sed
283 1970 370 2024 etiam
388 1968 472 2033 Tusc.
492 1970 527 2020 V.
546 1969 594 2023 41.
612 1967 701 2025 offic„
714 1967 768 2019 111.
788 1970 814 2022 3¹.
835 1977 865 2021 et
882 1971 908 2025 8.
928 1969 963 2022 de
981 1967 1073 2021 Amic.
1096 1968 1138 2024 it.
1174 1968 1236 2023 Μν.

152 2058 190 2112 Ut
210 2066 312 2118 terram
331 2064 358 2113 et
376 2057 471 2112 merie
489 2056 649 2128 deprimat]
686 2058 721 2109 In
738 2056 851 2109 bilance
868 2055 980 2108 leviora
997 2073 1056 2110 non
1074 2057 1242 2125 deprimite-i

77 2134 135 2194 tur,
159 2129 207 2182 sed
232 2122 417 2186 attolluntur.
454 2130 507 2182 Est
532 2129 538 2141 '
563 2128 624 2180 'tur
650 2129 760 2200 ἄκυρον.
798 2128 960 2196 νίσεσαοο
979 2127 1105 2181 diximus
1123 2129 1158 2181 ad
1176 2128 1236 2183 cto.

77 2201 114 2254 de
132 2202 155 2253 F
157 2202 197 2254 in.
216 2202 249 2253 V.
269 2205 312 2256 311.
333 2202 405 2254 Deo.
443 2145 603 2266 deigpc
628 2196 692 2252 loco
716 2206 747 2252 et
770 2197 805 2251 de
832 2198 917 2254 Finn.
937 2200 972 2250 V.
991 2202 1034 2254 311.
1063 2199 1239 2266 deprimendi

76 2271 166 2324 verbo
184 2272 280 2322 utitur
297 2273 409 2336 Cicero,
437 2271 487 2323 ubi
511 2277 657 2340 exspectes
683 2268 871 2333 contrarium,
900 2269 976 2336 quod
998 2269 1125 2322 elevandi
1151 2279 1238 2338 atque

78 2341 225 2398 attollendi
250 2341 354 2395 habeat
379 2341 631 2415 significationem,
662 2340 692 2391 id
720 2341 839 2391 fortasse
864 2339 928 2390 ideo
956 2340 1064 2401 factum
1088 2348 1142 2403 est,
1170 2340 1238 2409 quin

79 2411 200 2479 respicit
218 2410 321 2464 Cicero
344 2412 379 2464 ad
403 2429 466 2464 eam
490 2411 570 2462 illius
594 2409 676 2462 verbi
698 2417 880 2478 potestatem,
909 2426 966 2477 qua
984 2410 1016 2460 in
1035 2427 1067 2463 re
1086 2410 1238 2464 iudiciaria

80 2479 341 2605 Winiirdmiw
363 2499 454 2547 causa,
490 2488 572 2552 quae'
590 2481 714 2534 oratoris
740 2480 866 2537 artificio
893 2479 1026 2534 elevatur
1053 2489 1082 2534 et
1108 2489 1239 2536 attenua·

80 2560 140 2604 durs
227 2582 235 2604 e

151 2638 176 2675 e.
196 2625 240 2678 18.
279 2621 353 2678 Quid
369 2639 439 2692 erge
455 2629 505 2676 ant
522 2620 592 2675 lunc
611 2606 768 2690 probibet]
795 2622 876 2675 Unus
895 2623 945 2676 Ox.
966 2621 1045 2695 ᾳιιίες
1072 2621 1147 2676 alius
1171 2640 1237 2677 cum

78 2692 157 2745 Mon.
177 2697 201 2747 1.
222 2691 330 2760 igitur:
363 2702 392 2746 et
409 2695 451 2746 sic
468 2693 540 2746 Edd.
560 2702 626 2746 ente
645 2693 738 2749 Gebh.
757 2692 885 2763 exeeptis
903 2694 979 2746 Vict.
1000 2702 1028 2746 et
1046 2692 1114 2747 Rob.
1135 2695 1236 2764 Stepbi

78 2765 133 2816 Pro
151 2769 200 2816 aut
220 2764 273 2816 ille
293 2765 344 2819 Ox.
363 2772 465 2830 autem,
485 2764 559 2817 Gud.
579 2767 605 2819 2.
624 2771 664 2818 et.
688 2764 742 2818 *De
767 2781 822 2816 usu
847 2764 1048 2816 disiunctionis
1066 2772 1115 2818 ent
1135 2793 1168 2804 -
1186 2772 1237 2820 aet

79 2835 164 2895 etiam
183 2834 247 2887 Vid.
268 2835 374 2887 Handii
395 2836 552 2888 Tursellin.
580 2836 602 2888 Ι.
621 2837 655 2904 ὴ)
676 2838 736 2890 555.
755 2852 796 2902 sq.
834 2835 916 2888 Unus
935 2834 985 2892 Ox.
1012 2836 1123 2888 omittit
1141 2838 1236 2894 ettam.

77 2906 271 2962 Xenocratem
293 2907 400 2958 veteris
427 2905 597 2963 Academiae
624 2905 712 2959 fuisse
738 2903 945 2974 philosophum
974 2913 1075 2963 notum
1106 2914 1157 2966 est.
1202 2908 1237 2963 ln

79 2974 148 3031 (iod.
168 2977 244 3031 Mon.
264 2980 290 3030 l.
316 2976 454 3028 scribitur
472 2981 697 3042 exegerantern:
733 2976 794 3029 Mr.
863 3005 869 3009 <
1042 3026 1047 3041 Ι

149 3046 380 3114 Exaggerontem
408 3053 553 3114 tantopere
584 3045 732 3111 virtutem]
770 3047 805 3100 ln
832 3045 926 3111 libris,
961 3053 994 3100 ut
1018 3045 1146 3112 videtur,
1172 3046 1238 3116 περὶ

77 3113 184 3184 ἀρετῆς,
217 3133 287 3185 quos
318 3125 460 3170 memorat
482 3115 615 3176 Laertius
639 3117 688 3182 lV,
714 3120 756 3172 1².
798 3116 869 3168 Eius
895 3124 1021 3170 mentem
1050 3119 1092 3170 sic
1117 3119 1238 3188 exponit
1320 3123 1321 3127 ’

79 3186 212 3240 Clemens
234 3186 446 3240 Alexandrinus
470 3187 577 3247 Stroin,
603 3186 641 3238 11.
665 3204 694 3257 p.
714 3190 775 3243 500.
818 3184 985 3256 Ξενοκράτης
1010 3186 1026 3240 ὁ
1051 3189 1238 3256 Χαλκηδόνιος

79 3258 129 3323 τήν
147 3256 329 3324 εὐδαιμονίαν
346 3256 504 3316 ἀποδίδωσι
528 3265 625 3323 κτῆσιν
642 3261 688 3324 τῆς
706 3258 808 3316 οἰκείας
830 3259 925 3327 ἀρετῆς
942 3261 989 3310 καὶ
1013 3260 1058 3326 τῆς
1076 3260 1238 3334 ὑπηρετικῆς

79 3329 146 3400 αὐτῇ
165 3328 323 3396 δυνάμεως·
350 3322 417 3391 εἶτα,
442 3328 478 3391 oie
496 3327 549 3393 μὲν
567 3327 599 3382 ὲν
616 3320 637 3402 ᾦ
656 3330 780 3395 pinetae,
799 3333 927 3396 φαίνεται
951 3329 1039 3396 λέγων
1056 3330 1107 3397 τὴν
1124 3331 1237 3400 ψυχήν·

80 3399 117 3459 ὥς
135 3395 160 3450 d’
179 3400 229 3469 ὑφ’
248 3393 298 3461 ὧν,
316 3394 364 3461 τὰς
382 3393 490 3469 ripensis·
509 3400 546 3460 oie
564 3398 590 3451 d’
608 3397 637 3460 id
653 3394 696 3454 ὦν
713 3399 869 3469 οῗςμερσῖν,
887 3400 934 3459 τὰς
951 3399 1035 3459 καλὰς
1052 3398 1174 3469 πράξεις,
1192 3401 1239 3456 καὶ

79 3469 129 3528 erle
145 3469 300 3529 σπουδαίας
318 3471 385 3531 ἔξεις
402 3487 431 3523 τε
448 3473 493 3523 καὶ
509 3469 648 3529 διαθέσεις
664 3474 712 3523 καὶ
729 3469 844 3536 κινήσεις
864 3471 910 3523 καὶ
929 3470 1055 3538 σχέσεις·
1080 3472 1116 3534 οἷς
1132 3467 1239 3527 τούτων

80 3536 132 3596 οὐκ
150 3540 215 3595 ἄνευ
233 3537 267 3592 ιὰ
286 3539 427 3612 σωματικαὶ
446 3542 493 3592 καὶ
511 3541 544 3593 ed
564 3538 655 3600 ἐκτός..
683 3540 739 3592 Adi
757 3542 795 3593 sis
814 3549 844 3594 et
859 3541 948 3593 buius
965 3541 1037 3595 libri
1055 3559 1116 3613 cap.
1135 3546 1179 3599 31.
1199 3545 1237 3599 D.
1310 3555 1321 3579 ε’

138 3631 294 3695 ’νίνιιινενκ
314 3635 501 3687 extenuantem
515 3629 621 3696 cetere]
641 3630 762 3700 Dempsi
773 3629 907 3698 copulam
919 3635 945 3682 et
963 3627 1121 3700 [anteesse]
1140 3642 1239 3687 aucto·
1253 3664 1255 3669 ·

80 3699 168 3752 ritate
181 3699 306 3751 Palatini.
327 3702 454 3769 quinque
473 3717 506 3753 ac
523 3701 653 3752 Vatican.
673 3701 705 3752 in
724 3716 781 3768 quo
799 3709 947 3769 praeterea
966 3707 1041 3755 tento
1060 3704 1144 3771 opere
1172 3703 1238 3774 [pro

79 3769 162 3842 vulg.
181 3769 347 3836 tantopere:
367 3771 416 3823 sed
434 3770 466 3822 in
480 3778 582 3840 quarto
602 3771 826 3825 seminantem
840 3787 895 3841 pro
913 3775 1136 3827 extenuantem.“
1155 3773 1237 3828 Gebln

80 3841 150 3893 Non
167 3848 323 3914 agnoscunt
341 3840 416 3892 illud
434 3847 459 3893 et
478 3849 602 3910 quatuor
615 3843 684 3896 Oxx.
700 3842 773 3895 Gud.
791 3846 857 3897 lsi.
877 3841 922 3894 Au
945 3885 950 3896 .
972 3851 1002 3896 et
1019 3845 1128 3912 reliqui
1146 3845 1239 3897 nostri

80 3927 189 3974 omnes,
218 3909 348 3979 itemque
365 3910 437 3962 Edd.
457 3912 486 3962 P.
507 3912 534 3964 S.
553 3912 588 3964 E.
615 3926 769 3981 omnesque
792 3921 856 3982 post
875 3914 936 3966 Geb
959 3914 1172 3967 .-Abit'eienten
1191 3913 1240 3966 oi-

80 3998 149 4035 cero
175 3980 251 4033 dixit
279 3997 333 4050 pro
364 3987 544 4049 spernentem,
574 3999 628 4035 non
655 3988 838 4053 appetentem.
879 3984 926 4034 Ex
957 3984 1053 4036 veteri
1079 3985 1239 4055 scriptione

81 4050 248 4106 obicientem
265 4061 329 4105 orta
348 4060 391 4104 est
408 4069 496 4120 prava
515 4054 634 4123 scriptio
653 4054 813 4106 elicientem
832 4053 864 4105 in
883 4053 951 4106 Cod.
971 4053 1046 4105 Mon.
1059 4058 1083 4109 l.
1117 4056 1151 4109 lu
1170 4054 1238 4108 Cod.

80 4123 169 4177 Rehd.
189 4123 301 4197 legitur
318 4121 348 4175 t'n
373 4121 519 4175 virtutem
546 4139 601 4176 non
624 4124 721 4177 modo
748 4124 882 4176 beatam
908 4123 1002 4176 eitam.
1047 4126 1240 4178 Posterior-em

80 4194 235 4247 verborum
255 4194 387 4246 ordinem
405 4193 491 4244 habet
509 4194 596 4246 etiam
613 4195 712 4248 Dnisb.
749 4195 785 4247 In
803 4193 877 4248 Gud.
897 4201 941 4246 est
966 4198 1028 4247 νον
1046 4197 1128 4250 modo
1153 4196 1241 4251 eitam

81 4267 197 4320 dentem.
223 4265 307 4318 Vind.
327 4268 353 4322 2.
379 4263 492 4317 omittit
509 4263 606 4317 vitum.
643 4265 704 4317 Me.
770 4276 773 4280 ’

153 4336 231 4392 Quod
248 4336 360 4405 quidem
377 4334 435 4388 nisi
451 4333 498 4402 fil]
538 4335 635 4411 Vulgo
661 4335 708 4388 et't.
745 4334 801 4389 Sed
825 4335 1034 4411 congruentior
1050 4337 1168 4406 videtur
1186 4336 1239 4392 illa

81 4405 180 4473 lectio,
198 4424 285 4479 quam
301 4416 414 4463 veteres
432 4406 568 4479 quosdam
578 4405 697 4461 Codices
716 4405 853 4462 exhibere
865 4408 1021 4462 hambinus
1038 4417 1170 4464 testatur.
1199 4410 1237 4464 D.
