2856 5084
471 266 603 332 mern
624 265 669 347 t,
690 265 740 332 rs.
762 266 823 332 aa·
916 312 919 317 »
1039 245 1041 249 ’
1182 268 1225 336 es

65 433 110 498 ad
120 435 217 498 beate
227 431 408 497 vivendum
421 434 464 511 ei,
487 433 544 515 qni
555 430 695 494 conlidit
705 432 775 495 suis
789 429 905 494 bonisi
927 437 997 509 ant,
1015 433 1073 514 qni
1089 431 1223 514 diffidit,

65 519 265 580 beatusesse
277 515 335 600 qul
345 513 480 624 potestl
500 515 546 577 At
557 514 684 576 diffidat
695 534 827 577 necesse
844 523 908 591 est,
930 516 986 597 qui
1003 514 1089 577 bona
1102 516 1225 580 dividit

64 602 248 682 tripertito.
293 601 359 665 (lm
379 601 468 661 enim
490 601 620 680 poterit
641 608 700 659 aut
720 600 874 680 eorporis
894 599 1055 662 firmitate
1075 608 1134 660 aut
1156 603 1226 662 ior·
1248 606 1289 668 14

63 691 165 744 tunae
184 683 371 746 stabilitate
392 679 581 744 confideret
603 681 717 762 Atqui,
739 682 805 741 nisi
823 679 941 741 stabili
960 688 995 741 et
1010 681 1076 742 fixo
1094 691 1128 743 et
1149 703 1225 764 per-

64 776 219 828 manente
241 767 341 843 bono,
364 766 479 827 beatus
501 783 572 825 esse
593 783 689 826 nemo
707 772 826 845 potest.
858 761 946 826 Quid
963 781 1044 848 ergo
1061 765 1226 828 eiusmodi

63 850 208 910 istorum
236 846 306 910 esti
340 856 378 909 ut
410 848 496 908 mihi
517 847 663 907 Laconis
696 843 781 908 illud
809 844 939 907 dictum
959 848 996 907 in
1022 847 1226 915 boscedera

79 975 288 986 -u——n--u--au-

134 1054 160 1090 o.
182 1038 224 1092 14.
263 1031 318 1092 Qut
344 1031 420 1088 enim
441 1033 557 1100 polerit]
593 1035 675 1088 Unus
694 1033 745 1087 Ox.
772 1042 801 1087 et
820 1033 887 1087 Cod.
908 1032 982 1109 Aug.
1010 1031 1078 1089 Quis
1095 1053 1149 1106 pro
1168 1032 1225 1107 qui.

63 1106 130 1162 Fre.
150 1109 234 1161 Fabr.
256 1107 288 1159 in
308 1124 388 1177 seqq.
407 1104 534 1176 scripsit,
554 1112 588 1157 ut
607 1105 700 1158 estin
718 1122 809 1181 marg.
829 1104 944 1158 Lambb.
969 1114 999 1158 et
1018 1106 1106 1162 Goth.
1134 1109 1227 1174 firmi·

65 1181 135 1233 tati
153 1211 186 1222 -
205 1179 372 1241 stabilitati
389 1175 536 1240 confidere,
556 1175 675 1230 addens:
703 1176 808 1240 „hunc
835 1195 931 1230 casum
959 1177 1086 1246 postulat
1105 1180 1228 1235 verbum

64 1251 211 1303 confidere
236 1257 267 1302 et
295 1258 393 1301 tamen
419 1247 451 1298 in
474 1247 601 1321 vulgatis
626 1247 711 1299 libris
735 1247 867 1300 omnibus
891 1248 919 1301 le
942 1246 1006 1298 itur
1027 1249 1168 1313 efirmitate
1192 1284 1227 1296 -

65 1319 260 1373 crassentur
295 1319 407 1372 nabent
433 1315 570 1370 naevum
589 1317 656 1371 eoa.
676 1317 764 1370 mart.
784 1318 855 1371 noo.
877 1317 905 1372 s.
954 1355 960 1368 .
990 1319 1024 1370 In
1043 1318 1130 1374 coeo.
1151 1312 1226 1377 eut.

68 1384 92 1444 I.
113 1393 139 1446 2.
161 1400 190 1444 et
207 1390 266 1444 ltts.
291 1392 324 1444 in
350 1407 441 1464 marg.
461 1386 525 1441 Asc.
545 1391 571 1445 2.
601 1399 646 1442 est
663 1388 806 1455 firmitati
824 1422 858 1432 -
876 1387 1051 1442 stabilitate.
1089 1389 1134 1445 Ad
1152 1401 1228 1446 stru-

67 1460 180 1515 cturam
197 1462 281 1515 verbi
299 1461 455 1528 confidendi
472 1477 539 1512 eum
556 1458 690 1513 Ablativo
708 1460 807 1512 laudat
825 1461 953 1517 Wolfius
978 1460 1010 1511 in
1028 1461 1135 1515 scholis
1153 1465 1228 1517 Bur·-

65 1549 203 1584 mannum
227 1532 261 1586 ad
280 1531 357 1586 Suet.
379 1532 456 1585 caes.
476 1530 502 1586 3.
529 1549 557 1601 p.
578 1536 622 1586 ll.
658 1531 703 1583 Ad
720 1546 805 1584 usum
828 1533 981 1600 utriusque
999 1530 1178 1587 Substantivi
1196 1554 1225 1590 v.

63 1601 244 1656 Doederlein.
273 1605 347 1657 Lat.
373 1602 502 1674 Synon.
531 1619 560 1653 u.
586 1602 746 1673 Etymol.
767 1604 815 1655 IV.
840 1621 868 1673 p.
891 1605 942 1658 165
961 1620 1002 1671 sq.
1041 1603 1086 1656 Ad
1113 1616 1227 1660 senten-

64 1673 136 1725 tiam
153 1693 180 1728 ν.
201 1673 282 1744 atqui
298 1694 327 1731 v.
346 1674 453 1727 Handii
471 1672 672 1725 Tursellinum
693 1673 715 1725 1.
735 1691 763 1743 p.
783 1676 844 1730 523.
864 1674 934 1726 Eius
953 1672 1018 1726 loco
1029 1673 1095 1727 Cod.
1112 1676 1185 1729 Gud.
1198 1682 1224 1734 2.

62 1743 149 1799 habet
167 1745 226 1799 Aia
245 1747 307 1816 qui3
326 1762 394 1798 mox
412 1745 468 1797 duo
488 1745 557 1797 Oxx.
578 1749 612 1797 et
632 1744 739 1809 stabili,
759 1742 833 1797 alius
852 1744 998 1798 stabiliet
1014 1747 1080 1810 fito,
1099 1747 1183 1801 Vind.
1197 1755 1224 1806 l.

63 1814 90 1868 ⁴el
108 1815 233 1882 firmo:
262 1817 293 1867 in
311 1835 401 1890 marg.
430 1814 468 1868 al.
488 1816 551 1881 fixa.
590 1815 655 1867 Post
677 1816 734 1881 fixo
760 1816 899 1868 omittunt
918 1821 944 1867 el
970 1833 1043 1868 unus
1063 1817 1113 1870 Ox.
1133 1819 1224 1874 Rehd.

64 1882 137 1939 Edd.
157 1889 194 1940 Μ.
213 1888 246 1942 L.
265 1887 346 1942 Brut.
366 1884 481 1939 Lantbb.
502 1885 588 1939 Goth.
614 1886 696 1940 Boul.
723 1886 787 1939 Ald.
816 1883 896 1956 sylb.
916 1886 1001 1949 Leod.
1030 1887 1138 1941 Sturm.
1160 1888 1225 1947 Car.

63 1952 192 2082 Stephjw
200 1960 255 2012 Pro
282 1965 309 2012 el
335 1967 378 2012 est
402 1964 450 2011 aut
478 1957 510 2009 in
537 1957 604 2012 God.
626 1957 699 2010 Gud.
719 1960 746 2014 2.
782 1960 891 2010 Vocem
914 1973 997 2012 nemo
1022 1959 1133 2012 omittit
1150 1979 1226 2017 rmus

63 2029 115 2082 os.
149 2078 151 2084 .
190 2047 213 2088 r.
996 2068 998 2075 >
1065 2037 1069 2047 '

133 2104 189 2153 Aut
215 2099 344 2169 carparis
369 2099 509 2153 firmitate
542 2105 592 2154 aut
624 2101 759 2166 fortunae
787 2099 942 2153 stabilitate
972 2101 1128 2170 confidere]
1174 2096 1224 2157 Sic

62 2185 161 2226 omnes
179 2172 269 2225 llllssti.
296 2172 449 2256 Lambinus
467 2180 565 2225 tamen
583 2188 705 2240 eumque
725 2178 838 2222 secutus
856 2171 1006 2223 Fabricius
1025 2172 1223 2242 emendabant,

61 2249 111 2294 aut
129 2245 257 2312 eorporis
279 2244 423 2308 firmrtati,
455 2249 505 2295 aut
532 2243 677 2308 fortunae
696 2240 849 2295 stabilitati
874 2243 1029 2306 confidere,⁰
1057 2260 1111 2295 nec
1136 2245 1224 2299 aliter

61 2310 153 2367 edidit
171 2316 316 2370 Erasmus.
354 2315 479 2366 Rectene
498 2331 534 2365 an
552 2330 632 2365 secus
652 2310 783 2380 exempla
807 2310 1001 2374 declarabunt.
1038 2314 1145 2366 Noster
1168 2315 1225 2367 hu-

59 2384 141 2436 iusce
166 2384 237 2435 libri
263 2402 321 2455 cap.
341 2387 367 2438 3.
406 2384 495 2437 Gaias
519 2383 665 2450 ingenium
698 2387 726 2433 et
755 2380 944 2449 eloquentiam
972 2398 1032 2434 aum
1061 2383 1224 2441 admiratae

61 2460 137 2507 esset
162 2453 248 2520 Leon,
275 2452 448 2524 quaesivisse
474 2469 508 2506 ex
536 2470 577 2518 ea,
606 2471 662 2523 qua
686 2450 807 2505 mraxime
833 2460 895 2505 arte
919 2453 1078 2519 confideret.
1117 2455 1165 2509 Sic
1192 2467 1223 2512 ot

60 2524 133 2577 alibi
151 2542 209 2578 non
228 2542 292 2579 raro
311 2525 435 2578 Tullius.
473 2524 588 2577 Hirtius
606 2524 678 2576 Bell.
698 2523 792 2579 Afric.
813 2539 874 2594 cap.
894 2527 921 2579 i·
962 2526 1065 2579 Temen
1093 2542 1147 2581 nan
1173 2530 1222 2583 de·

60 2597 231 2662 terrebatur,
262 2597 415 2666 animoque
439 2605 468 2650 et
486 2612 535 2666 spe
562 2595 721 2661 confidebat.
754 2595 835 2647 Idem
864 2604 924 2666 cap.
956 2599 997 2652 79.
1036 2599 1223 2656 Adversarius

60 2666 117 2720 'raon
135 2683 231 2720 eorum
249 2668 359 2721 virtute
383 2668 527 2734 confidere,
552 2667 603 2720 sed
628 2681 765 2738 aquaram
782 2664 879 2734 inopia
901 2667 998 2735 fretos,
1027 2668 1168 2736 despicere
1191 2687 1222 2726 se

61 2738 211 2792 intellexit.
250 2735 299 2792 sic
327 2748 356 2793 et
381 2740 499 2792 Ovidius
523 2740 640 2792 Metam.
665 2739 745 2805 XIII,
769 2739 831 2794 240.
857 2739 967 2809 aliique
993 2739 1127 2810 plurimi.
1164 2742 1221 2797 Sed

60 2811 262 2879 exemplorum
281 2811 347 2862 satis
367 2820 417 2864 est.
456 2809 493 2862 D.
734 2873 736 2875 Ι

76 2936 78 2941 ,
135 2881 209 2936 Quid
226 2897 294 2948 ergo
313 2881 448 2936 eiusmodi
466 2882 588 2935 istorum
615 2878 696 2947 esti]
731 2882 786 2935 Pro
814 2897 883 2949 ergo
909 2889 952 2935 est
977 2880 1072 2950 igitur
1095 2883 1128 2936 in
1145 2884 1219 2944 Edd.

59 2955 127 3004 a'nte
147 2952 237 3004 Gebh.
258 2952 395 3023 (exceptis
413 2954 489 3005 Vict.
510 2962 539 3005 et
556 2953 624 3006 Rob.
646 2952 758 3023 Stephss)
778 2953 809 3004 in
828 2952 913 3006 Codd.
933 2969 993 3006 non
1016 2953 1096 3007 item·
1133 2957 1220 3008 Lam·

59 3020 143 3073 binus
162 3023 243 3076 adh.
263 3025 283 3075 I.
303 3023 388 3078 haec:
422 3025 482 3090 „id
507 3027 562 3077 ss't:
590 3024 661 3093 quid
678 3023 771 3098 igitur
796 3024 936 3077 bonorum
955 3025 1085 3091 istorum,
1113 3038 1219 3098 nempe

59 3092 189 3163 eorporis
208 3101 238 3148 et
256 3097 400 3161 fortunae,
420 3095 520 3147 stabile
536 3099 600 3151 est?
636 3096 712 3148 Haec
731 3095 869 3165 adscripsi
886 3105 1040 3166 propterea
1059 3096 1135 3165 quod
1153 3100 1219 3168 qui-

59 3164 126 3215 dam
144 3183 244 3236 nuper¹
261 3167 340 3218 bunc
362 3167 460 3218 locum
483 3182 542 3218 non
562 3166 876 3241 intelligensputabat
904 3185 962 3219 esse
984 3165 1160 3235 mendosum,
1188 3179 1219 3224 et

60 3237 266 3290 emendationis
291 3238 431 3291 indisere.
469 3236 504 3288 In
528 3235 607 3291 MSS.
633 3246 728 3290 autem
748 3237 832 3291 Codd.
851 3237 908 3291 hoc
935 3244 1049 3290 tantum
1068 3239 1218 3293 dissimili·
1285 3273 1290 3282 ·

58 3307 169 3359 tudinis
197 3309 312 3378 reperi,
333 3283 409 3376 qdod
427 3307 475 3359 illi
493 3310 555 3362 fere
575 3320 680 3381 omnes
698 3306 805 3360 habent
823 3324 892 3376 ergo
909 3325 963 3379 pro
982 3309 1105 3377 igilur.“
1140 3312 1218 3376 „Vi-

59 3372 168 3430 dentur
192 3380 265 3432 haee
295 3381 371 3432 mihi
394 3379 500 3434 melius
528 3379 662 3432 distincta
686 3379 717 3430 in
742 3387 799 3431 vet.
828 3380 978 3432 Editione:
1019 3379 1095 3446 Quid
1124 3380 1217 3450 ergo?

61 3448 213 3505 Eiusmodi
231 3451 348 3506 istorum
366 3458 407 3505 esl
426 3449 684 3522 (suppletionem)
703 3455 734 3502 ut
752 3448 824 3503 atilli
842 3451 920 3504 cet.“
938 3448 1026 3514 Balad.
1064 3452 1217 3528 „Vulgata

58 3514 209 3576 distinctio
240 3522 321 3576 hanc·
342 3523 459 3594 praebet
487 3523 674 3574 sententiam:
713 3522 783 3592 quid
814 3516 889 3597 ergo'
910 3520 1067 3588 eiusmodi,
1103 3524 1216 3589 stabile,

57 3592 160 3657 fixum,
185 3610 365 3663 permanens,
396 3595 445 3647 isti
462 3591 577 3660 habent,
606 3593 657 3663 qui
684 3593 757 3645 bona
780 3593 929 3664 tripartito
953 3593 1106 3647 dividunt?
1128 3594 1216 3648 Nihil

55 3680 185 3737 prorsus.
222 3665 263 3717 Ut
280 3665 355 3717 mihi
373 3666 495 3718 Laconis
514 3663 591 3719 cet.“
609 3665 746 3734 Anonym,
766 3669 810 3732 αρ’.
832 3663 932 3718 olivet.
951 3665 1047 3718 Recte.
1084 3662 1127 3719 Ad
1146 3668 1215 3720 islo·
1278 3665 1285 3681 ¹

57 3750 124 3786 rum
143 3730 277 3808 intellige
292 3734 525 3807 pbilosophorum.
563 3739 617 3789 Pro
637 3735 776 3790 eiusmodi
793 3744 835 3788 est
852 3734 1013 3789 huiusmodi
1036 3736 1066 3788 in
1084 3755 1142 3790 uno
1162 3741 1213 3792 Ox.

58 3814 89 3859 et
108 3803 196 3858 Rehd.
215 3807 289 3859 Illon.
310 3811 334 3871 l,
371 3810 437 3861 Post
455 3807 572 3861 istorum
591 3806 621 3859 in
640 3808 707 3868 Cod.
727 3806 825 3859 Duisb.
847 3816 890 3861 est
908 3809 1088 3861 sententia
1108 3815 1161 3860 est:
1183 3809 1215 3860 in

57 3894 116 3951 qua
134 3876 294 3946 scriptione
312 3880 443 3950 agnoscis
461 3897 578 3931 manum
596 3876 769 3954 glossatoris,
789 3896 842 3931 nec
861 3879 947 3930 nimis
966 3879 1053 3931 acutii
1090 3879 1150 3932 Mr.

60 4013 65 4021 .
130 3964 250 4025 alraldi
267 3964 387 4019 Laconis
404 3967 476 4020 illud
495 3965 611 4032 dietam]
632 3964 699 4020 (lod.
720 3968 794 4019 Gud.
815 3970 840 4023 2.
861 3952 1013 4019 edetanis
1031 3964 1092 4029 (sed
1106 3974 1216 4035 puncto
1243 3990 1252 4006 s

56 4045 189 4100 notatum
207 4037 287 4089 vocis
306 4038 436 4102 initium)
455 4037 569 4100 dietam,
589 4037 676 4090 Illarb.
697 4037 838 4101 talionis
860 4038 933 4090 illud
958 4036 1071 4090 dietam.
1108 4038 1217 4089 Vocem

57 4108 134 4164 ittae
150 4127 216 4160 cnm
236 4109 309 4162 Gud.
330 4111 355 4165 2.
377 4109 518 4162 omittunt
535 4112 609 4162 Man.
628 4111 654 4164 2.
676 4118 704 4162 et
723 4109 778 4162 duo
799 4109 868 4163 (lxx.
898 4108 1010 4163 Habent
1036 4106 1109 4160 tllad
1127 4105 1216 4161 Laeo-

57 4180 104 4234 nis
122 4180 192 4233 Edd.
213 4189 279 4232 ante
299 4176 402 4246 Gebh.,
423 4188 542 4250 excepta
559 4182 600 4244 P,
620 4195 725 4232 omnes.
764 4181 825 4232 Mr.

130 4269 160 4322 in
178 4267 240 4321 llos
257 4272 369 4338 cedere]
406 4269 540 4336 „Nescio
560 4269 630 4337 quid
647 4268 742 4320 velint
759 4267 879 4319 Palatia.
904 4266 992 4335 prim.
1017 4267 1110 4336 quint.
1130 4269 1215 4323 Febr.

61 4340 232 4395 exhibentes
256 4345 286 4396 ia
308 4360 343 4395 os
365 4343 472 4394 cedere.
503 4341 580 4410 quod
602 4358 639 4392 ne
663 4347 702 4403 te,
727 4340 830 4403 lector,
860 4339 982 4390 minimo
1006 4339 1217 4406 defraudarem,

60 4420 199 4467 annotare
221 4413 339 4467 hbuitf‘
365 4411 448 4468 Gella.
484 4413 613 4467 Eandem
635 4411 791 4470 lectionem
815 4409 973 4464 rtdtarlam
992 4410 1099 4465 babent
1122 4413 1218 4467 etism

913 4520 959 4582 6*
