2856 5084
296 265 647 344 EMENDATIONES
667 278 728 344 AD
749 275 923 346 LIBRUM
938 279 997 349 nl.
1160 285 1222 355 ³21

62 443 254 515 perinsigues,
273 444 408 500 iubebunt
425 445 535 512 aliquid
552 441 733 512 offensionis3
759 443 850 501 animi
866 444 1032 513 deformitas
1047 441 1114 506 'raon
1138 446 1222 506 bube-

63 517 126 571 bitt
161 519 233 588 Ipsis
251 518 423 571 Tusculanis
443 520 490 582 IV,
513 520 553 572 13.
596 517 710 583 Vitium,
736 532 796 569 eum
812 525 911 584 partes
936 520 1064 584 corporis
1086 522 1162 575 iuter
1187 518 1219 576 s'e

64 588 204 643 dissident
211 605 221 653 3
240 605 274 642 es
292 605 345 657 quo
363 589 488 659 pravitis
507 587 698 650 membrorum,
718 587 865 650 distortio,
885 589 1062 654 deformitas.
1213 631 1216 638 .

55 719 57 722 y
134 658 200 728 Cap.
220 663 246 714 2.
287 661 357 712 Tum
379 659 463 726 plane
487 657 627 722 inficimur
650 657 812 725 opinionum
835 661 991 728 pravitate,
1025 676 1044 712 u
1065 667 1222 746 naturaque

63 728 255 797 desciscimus,
273 736 303 783 ut
321 730 401 783 nobis
419 728 553 798 optimam
571 737 704 780 naturam
723 727 864 782 inuidisse
888 730 1053 795 uideantur,
1078 732 1127 802 qni
1148 733 1222 789 nabit

62 802 167 853 metius
182 800 317 871 populari
333 799 432 866 gioria
449 797 667 865 iudicauerunt]
706 799 793 851 Nihil
812 801 994 853 invenustius
1012 802 1067 856 hac
1084 804 1222 868 lectione,

61 869 90 922 Α
103 873 224 935 natura,
247 871 353 941 inquit,
382 871 577 934 desciscimus,
608 876 639 923 ut
662 867 744 923 nubis
774 873 907 937 optimam
935 879 1076 925 naturam.
1121 876 1224 929 Putida

61 940 146 1012 plane
165 943 312 1011 repetitio.
351 942 471 1016 Frigide
491 942 578 998 etiam
596 939 706 1008 optima
724 939 847 1008 dicitur,
875 959 948 1012 quae
971 961 1027 996 una
1051 953 1080 997 et
1098 946 1223 1014 simplex

63 1021 116 1069 est.
153 1013 302 1088 Frigidius
321 1029 401 1078 vero,
420 1012 545 1066 inuidere
564 1011 645 1063 nobis
664 1017 811 1064 nuturams
836 1013 888 1083 qui
907 1014 985 1065 enim
1011 1014 1068 1068 huc
1086 1018 1222 1082 fecerint,

62 1099 114 1135 nos
133 1101 292 1154 numquam
315 1092 395 1135 natos
419 1095 477 1134 esse
500 1081 627 1134 vellent:
658 1083 734 1151 quod
752 1099 843 1156 genus
864 1083 990 1137 invidiae
1015 1103 1051 1138 ne
1069 1085 1241 1141 somniavit
1317 1141 1320 1146 ,

61 1153 113 1206 hic
132 1156 250 1224 quidem
270 1153 381 1207 cicero.
419 1156 496 1226 Lege
516 1168 585 1204 vero
605 1154 765 1205 certissima
786 1153 995 1218 emendatione,
1023 1158 1051 1208 Α
1070 1164 1224 1228 naturaque

64 1225 258 1288 desciscimus,
276 1231 307 1278 ut
326 1224 408 1278 uobis
426 1226 562 1293 optimam
579 1239 630 1274 ma
637 1223 798 1291 gistrum
816 1224 955 1278 inuidisse
973 1227 1131 1282 uideantur.
1169 1230 1224 1283 Fa-

63 1296 128 1347 cilis
148 1301 238 1348 autem
256 1296 453 1348 librariorum
478 1295 574 1362 tapsus
592 1311 628 1346 ex
654 1294 854 1363 compendiosa
878 1296 1041 1365 scripturaq
1064 1297 1121 1353 hoc
1144 1302 1224 1353 enim

62 1366 105 1418 sic
122 1366 322 1419 abbreviabant
340 1366 423 1431 m-ro‘ffi,
444 1365 613 1420 illudn'r‘ia's‘s.
652 1364 749 1431 Qualis
767 1381 837 1418 vero
855 1367 997 1419 sententia
1023 1385 1100 1423 nnnc
1128 1372 1224 1425 exori-

62 1444 122 1502 tur,
142 1456 228 1508 quam
247 1437 395 1501 concinna,
415 1453 500 1506 quam
521 1436 655 1509 elegans?
679 1444 713 1487 tu
733 1435 795 1488 sine
821 1436 996 1490 dubitatione
1020 1441 1152 1510 accipies,
1180 1450 1223 1494 sat

61 1509 130 1563 scio.
167 1509 215 1562 Sic
240 1509 308 1561 alibi
333 1507 439 1559 Noster
462 1507 606 1558 Naturam
632 1506 770 1576 appellat,
796 1507 932 1575 optimum
948 1509 1125 1577 magistrum,
1151 1512 1224 1581 opti-

61 1578 158 1630 timum
177 1579 284 1632 ducem:
309 1587 342 1630 ut
360 1579 453 1647 capite
473 1576 638 1646 superiora,
667 1576 749 1633 Quod
767 1578 795 1629 si
812 1581 884 1631 tates
909 1596 959 1632 nos
976 1574 1088 1634 Natura
1104 1583 1222 1650 gennis.

60 1655 112 1712 set,
131 1656 161 1701 ut
180 1666 240 1702 eam
258 1651 347 1717 ipsam
364 1645 472 1701 intueri
491 1653 518 1700 et
538 1649 705 1714 perspicere,
730 1648 875 1719 eademqne
893 1651 1002 1720 optima
1024 1651 1095 1706 duce
1112 1670 1223 1708 cursum

59 1715 290 1785 uitaecoaficere
318 1719 466 1788 possimus.
508 1717 553 1768 De
579 1718 699 1769 Finibus
724 1719 752 1782 1,
779 1720 822 1774 tt.
861 1719 896 1774 Si
923 1720 1050 1786 infantes
1077 1730 1104 1777 et
1127 1727 1222 1794 pueri,

13 1797 16 1810 ¹
61 1797 156 1845 mutue
174 1794 259 1844 etium
277 1790 389 1854 bestiae,
406 1805 495 1857 paene
513 1789 675 1855 loquuntur,
696 1789 837 1862 magistra
860 1807 893 1844 ac
918 1793 989 1846 duce
1012 1801 1122 1860 natura,
1149 1795 1237 1849 sitit

63 1877 124 1914 esse
140 1878 305 1930 prosperum
324 1862 380 1914 nisi
397 1860 570 1928 voluptutem,
609 1858 652 1911 De
672 1858 831 1913 Senectute
849 1877 883 1912 c..
894 1863 919 1915 i.
944 1862 976 1916 in
994 1861 1045 1918 boc
1062 1879 1158 1919 summ
1176 1883 1224 1920 ea-

61 1935 179 2000 pientes,
209 1932 281 2000 quod
306 1933 445 1984 Naturam
471 1930 610 1999 optimam
635 1931 749 1993 ducem,
782 1935 923 1998 tumquam
951 1934 1044 1993 deam,
1073 1939 1225 2006 sequimur,

60 2004 103 2054 Dc
122 2002 261 2055 Amicitia
279 2019 302 2055 c.
316 2007 349 2056 ·5.
370 2002 442 2057 Quia
461 1999 610 2070 sequimur,
634 2006 767 2070 quantum
785 1997 909 2054 domines
926 2010 1052 2070 possunt,
1077 2015 1222 2072 naturam,

18 2086 21 2092 ·
61 2075 200 2143 optimam
218 2073 289 2126 bene
307 2072 425 2125 vivendi
444 2073 555 2126 ducem.
575 2071 617 2122 De
636 2070 749 2123 Officiis
769 2071 793 2136 1,
813 2073 855 2126 35.
893 2073 1052 2128 Retinenda
1070 2084 1113 2144 est
1131 2076 1223 2144 igitur

60 2142 143 2198 buius
165 2144 282 2212 generis
308 2142 484 2206 uerecundia,
507 2141 677 2210 praesertim
704 2142 892 2217 natura'ipsa
919 2146 1071 2219 magistra
1087 2155 1116 2200 et
1139 2149 1220 2203 duce.

59 2214 139 2290 Ergo
158 2224 236 2268 recte
256 2224 285 2267 et
301 2232 370 2269 vere
389 2214 439 2265 hic
457 2213 538 2264 locus
557 2213 712 2264 restitutus
736 2220 787 2264 est.
1214 2240 1217 2250 ·

131 2286 201 2338 ibid.
242 2286 396 2354 Verumque
414 2284 497 2337 ittam
513 2280 688 2336 honestatem
707 2287 844 2350 expetens,
871 2300 950 2353 quam
969 2305 1024 2338 una
1043 2293 1145 2342 natura
1162 2295 1223 2343 nid.

58 2355 135 2409 aime
153 2355 292 2425 inquirit]
330 2357 403 2477 Qpid
421 2354 475 2406 sibi
493 2354 558 2406 vult
577 2369 632 2406 unu
658 2355 792 2406 natura?¹
808 2372 844 2404 an
861 2355 961 2424 plures
979 2362 1064 2411 sunt?
1087 2360 1221 2429 seduna,
1251 2399 1257 2406 -

60 2427 208 2496 inquiunt,
227 2428 305 2479 valet
324 2444 354 2480 so
367 2445 397 2477 a:
418 2424 505 2496 quid?
524 2443 560 2476 an
578 2425 642 2476 sola
659 2428 764 2477 natura
781 2423 962 2479 honestatem
982 2431 1109 2499 expetit?
1127 2450 1223 2486 annon

64 2506 95 2551 et
113 2497 308 2567 Philosophia,
327 2504 406 2551 recta
424 2496 508 2559 ratio,
526 2495 638 2546 virtus?
674 2496 752 2570 Lege
772 2495 875 2570 igitur,
895 2515 980 2565 quam
998 2515 1110 2568 unum,
1129 2503 1160 2556 id
1179 2512 1222 2557 est

62 2568 163 2621 solam.
199 2570 301 2638 Neque
326 2570 414 2621 aliter
436 2567 587 2619 ediderunt
605 2567 749 2619 Manutius
777 2575 805 2618 et
830 2568 998 2622 Lambinus:
1026 2573 1075 2625 sed
1093 2572 1222 2627 Gebhar-

65 2640 118 2693 dus
138 2639 282 2692 codicibus
302 2641 359 2690 suis
377 2638 554 2706 mancipatus
573 2638 607 2689 de
626 2643 708 2688 textu
729 2645 759 2690 et
775 2638 841 2689 loco
860 2639 976 2691 deiecit.
1183 2646 1187 2652 '

135 2711 201 2781 Cap.
228 2713 253 2764 6.
291 2709 347 2762 Sed
374 2715 416 2762 est
439 2707 599 2760 naturabile
628 2707 658 2761 ia
684 2707 794 2762 animis
823 2713 943 2762 tenemus
974 2711 1109 2780 quiddam
1140 2721 1221 2785 utque

63 2780 152 2843 malie,
180 2781 254 2850 quod
275 2779 457 2848 aegritudine
484 2780 567 2847 quusi
595 2784 760 2846 tempestate
789 2780 953 2848 quatiatur]
998 2783 1043 2834 Ex
1075 2786 1220 2839 codicibus

62 2852 181 2921 scriptis
199 2852 250 2903 alii
270 2849 428 2904 naturabile
444 2850 560 2914 habent,
580 2850 633 2900 alii
652 2849 789 2902 naturate.
825 2849 871 2902 Tu
890 2869 955 2904 cum
975 2853 1124 2908 Gebhardo
1144 2856 1220 2910 illud

63 2922 258 2993 atnplecteris,
285 2923 351 2990 quia
374 2920 501 2974 Librarii
525 2919 662 2972 vocabula
696 2922 766 2973 trita
793 2937 847 2988 pro
876 2923 1033 2975 reconditis
1059 2943 1220 2997 supponere
1284 2921 1288 2930 “

65 2994 171 3054 solent,
192 3011 250 3046 non
268 2995 331 3045 vice
349 3008 438 3044 versa.
475 2993 562 3044 Recte
583 2990 714 3062 quidem:
744 2999 773 3042 et
790 2989 846 3043 hoc
863 2993 1036 3064 plerumque
1059 2996 1100 3048 ita
1118 3016 1148 3051 se
1167 2996 1219 3051 ha-

62 3064 121 3117 bet.
159 3064 215 3117 Sed
234 3081 269 3116 cx
288 3062 469 3148 generalibus
488 3061 548 3112 illis
567 3061 646 3112 Artis
665 3061 761 3114 nescio
780 3061 861 3113 cuius
880 3064 1005 3117 Criticae
1022 3069 1134 3141 regulis
1159 3086 1218 3122 non

64 3144 108 3188 est
126 3134 160 3187 de
178 3135 251 3187 locis
276 3135 397 3208 singulis
425 3133 565 3186 sententia
586 3133 714 3184 ferenda.
749 3133 893 3201 Equidem
918 3152 955 3188 ne
974 3137 1005 3186 in
1027 3137 1080 3190 illo
1099 3140 1218 3210 quidem

62 3206 128 3258 loco
146 3206 187 3259 De
207 3205 344 3258 Amicitia
362 3223 387 3262 c.
407 3206 450 3258 il.
473 3202 631 3257 naturabiti
652 3202 780 3256 amicitia
804 3204 942 3279 legerim
968 3225 1061 3278 neque
1078 3226 1132 3281 pro
1158 3229 1217 3265 uno

64 3285 94 3329 et
121 3277 212 3329 altero
235 3276 366 3328 Librario
393 3293 432 3344 pu
456 3274 585 3328 caverim
607 3274 739 3326 adversus
764 3283 881 3327 centum
906 3277 986 3344 alius,
1012 3279 1063 3348 qui
1088 3282 1219 3336 naturali
1271 3280 1273 3284 ’

64 3347 107 3400 ibi
126 3348 284 3419 exhibent„
309 3347 370 3400 Gur
389 3293 454 3398 itai
473 3346 539 3416 quia
559 3345 695 3398 Ciceroni
720 3345 776 3414 ipsi
793 3345 859 3414 plus
876 3347 983 3413 tribuo,
1010 3366 1096 3418 quam
1123 3354 1218 3406 cuivis

63 3418 205 3473 Libratis.
245 3419 317 3471 Cum
336 3417 415 3470 enim
433 3417 485 3470 ille
503 3417 577 3468 locis
598 3416 662 3468 fere
680 3416 821 3468 sexcentis
844 3418 986 3471 naturalis
1009 3431 1138 3491 usurpet,
1164 3441 1217 3476 cur

63 3489 121 3542 hoc
140 3499 169 3542 et
187 3489 240 3541 illo
259 3487 431 3542 maturabitis
450 3487 567 3552 dixerit,
596 3502 651 3555 quo
669 3486 807 3539 vocabulo
825 3505 919 3557 neque
938 3489 997 3558 ipse
1020 3491 1097 3556 alias,
1120 3511 1217 3563 neque

66 3560 141 3612 alius
161 3561 311 3630 quisquam
331 3577 363 3612 eo
381 3558 495 3611 sacculo
514 3556 590 3626 quod
607 3557 712 3610 scimus
731 3565 774 3608 est
790 3561 874 3611 usus?
908 3560 975 3610 Non
992 3577 1112 3635 agnosco
1131 3564 1216 3619 Cice·

65 3632 145 3683 runis
164 3641 224 3682 tam
241 3629 407 3688 affectatum
434 3637 463 3682 et
486 3622 644 3694 κακόζηλον.
681 3629 775 3697 Atque
797 3628 839 3680 sic
858 3628 892 3681 de
910 3629 1001 3683 altero
1026 3631 1091 3686 loco
1109 3637 1216 3692 sentio:

64 3701 99 3752 in
125 3701 180 3754 hoc
203 3708 300 3752 autem
325 3709 462 3752 neutrum
484 3701 626 3769 proiectu,
653 3716 746 3768 neque
776 3700 936 3753 naturabile
958 3719 1051 3771 neque
1077 3708 1216 3773 naturate,

63 3773 164 3825 locum
186 3769 292 3823 habere
314 3778 417 3840 potest.
456 3769 551 3834 Qualis
576 3771 665 3835 enim,
686 3769 729 3821 dii
752 3769 828 3835 boni,
860 3771 972 3824 oratio?
1009 3775 1061 3827 Est
1085 3779 1218 3831 naturate

54 3850 194 3914 ¹tenerum
218 3834 352 3910 quiddam
375 3844 401 3893 'et
422 3843 511 3896 multe.
548 3839 646 3915 Apage
671 3840 756 3892 istam
780 3841 902 3894 scabiem
929 3851 958 3894 et
982 3844 1164 3918 porriginem
1182 3848 1216 3901 ab

64 3915 184 3967 homine
203 3913 333 3965 otnnium
350 3912 516 3964 cultissimo.
556 3911 633 3976 Quis,
661 3911 712 3980 qui
731 3911 901 3964 Ciceronem
925 3929 1063 3981 umquam
1086 3916 1216 3983 triverit,

25 4041 28 4054 ,
65 4003 126 4039 non
143 3986 185 4038 sic
203 3984 299 4052 potius
318 3983 463 4051 scripsisse
486 3981 670 4042 deieraverit,
695 3981 747 4033 Est
771 3988 873 4034 natura
899 3986 1022 4034 tenerum
1040 3983 1235 4053 quiddamst·

65 4057 171 4111 nautis?
209 4055 301 4120 Quare
319 4054 361 4105 sic
379 4051 566 4124 corrigendus
585 4060 627 4104 cst
644 4058 722 4103 totus
739 4051 834 4103 locus:
853 4051 910 4105 Sed
927 4059 969 4106 est
988 4061 1122 4107 nutura
1140 4058 1217 4122 fere

66 4128 100 4181 in
119 4127 226 4180 animis·
239 4132 356 4178 tenerum
375 4122 505 4191 quiddam
523 4128 604 4190 atque
621 4120 715 4186 matie,
734 4123 809 4188 quod
832 4124 1022 4189 aegritudine,
1048 4127 1129 4193 quusi
1150 4132 1218 4179 tem-

65 4203 184 4269 pestate,
213 4194 369 4267 quatiatur.
405 4195 449 4246 lta
474 4193 505 4243 in
530 4191 648 4244 Tuscul.
672 4192 717 4257 ΙΙ,
743 4194 788 4246 tu.
818 4192 883 4245 loco
909 4192 979 4246 huic
1009 4196 1160 4250 simillimo
1189 4207 1219 4252 et

65 4271 153 4341 plane
171 4268 305 4344 gemello,
325 4267 378 4319 Est
396 4259 552 4319 inanimis
570 4260 692 4325 omnium
708 4262 771 4314 fere
789 4271 890 4314 natura
908 4264 991 4317 matie
1009 4264 1153 4335 quiddam,
1172 4269 1220 4322 de·

67 4341 195 4407 naissum,
219 4337 332 4391 bumite.
371 4335 462 4401 Quare
486 4335 581 4404 ipsum
605 4332 785 4399 Ciceronem,
813 4333 957 4404 optimum
984 4335 1096 4406 ducem,
1121 4357 1221 4410 seqtta-⁴

67 4429 151 4478 mur3
180 4419 209 4464 et
225 4408 367 4480 vapulent
384 4405 519 4459 Librarii.

97 4542 176 4589 cicera
191 4541 256 4586 Taso.
269 4540 339 4598 Disp.
357 4541 391 4585 ed,
405 4540 491 4586 Moser.
508 4537 532 4583 T.
550 4537 598 4580 m.
812 4587 813 4591 Ἰ
935 4511 976 4578 21
