2856 5084
134 943 171 1002 ll

129 1025 171 1077 32.

195 271 237 338 68
396 268 624 334 CICERONIS
646 267 897 333 TUSCULAN.
920 268 1151 367 DlSPUTAT.

193 456 291 519 quam
313 436 521 514 iddioeret,
538 439 567 498 si
588 439 661 518 ipse
683 455 718 497 se
740 433 882 499 audiret.
927 434 1015 499 Quid
1048 442 1099 496 est
1131 434 1231 510 enim,
1262 432 1353 515 quod

193 522 302 581 minus
324 522 511 598 conveniat,
535 539 631 602 qnam
651 527 691 580 ut
711 520 751 595 is,
784 520 842 599 qui
874 519 930 579 vel
958 538 1124 578 summunt
1155 517 1210 577 vel
1243 518 1352 578 solum

194 604 319 665 mulum
346 602 498 664 dolorem
531 622 600 664 csse
627 601 728 679 dicat,
750 601 839 662 idem
860 609 1003 678 censeat,
1038 602 1135 669 Quam
1151 597 1224 660 'Ieoc
1254 619 1354 661 suave

194 692 260 748 est!
287 694 358 746 turn
381 683 623 767 quumdolore
652 685 835 761 crucietur,
857 683 1032 744 dicturum
1052 703 1121 742 esse
1150 680 1353 763 sapientem?

193 768 272 831 Non
293 770 400 852 igitur
421 788 460 828 ex
480 768 620 854 singulis
639 768 776 829 vocibus
788 766 980 848 philosophi
1000 764 1172 846 spectandi
1184 772 1272 844 sunt,
1294 764 1354 828 sed

194 871 234 912 ex
255 852 490 933 perpetuitate·
500 860 600 931 atque
622 852 819 912 constantia.
846 888 847 893 κ

279 933 319 994 A.
362 931 515 996 ·Adducis
553 953 617 1011 me,
651 940 689 992 ut
717 932 780 992 tibi
812 930 989 993 adsentiar.
1033 928 1099 991 Sed
1126 941 1184 992 tua
1207 950 1353 1011 quoque,

196 1014 284 1090 vide,
315 1037 357 1077 ne
388 1014 600 1099 desideretur
628 1015 823 1079 constantia.
872 1013 922 1075 M.
954 1014 1105 1078 Quonam
1138 1011 1260 1073 modol
1311 1014 1351 1078 A.

717 1144 1062 1152 ”am——

121 1221 123 1225 ’
193 1203 374 1288 Aug31llarb.
394 1203 483 1256 Rehd.
503 1203 600 1256 Duisb.
630 1205 657 1256 si
675 1203 862 1271 displicet,
888 1202 961 1255 Gud.
982 1203 1008 1254 si
1025 1200 1184 1269 displiceat.
1222 1201 1258 1252 ln
1276 1200 1355 1253 anti-

194 1276 352 1344 quissimis,
374 1275 463 1328 Rehd.
484 1283 513 1327 et
533 1275 605 1328 Gud.
628 1278 652 1328 1.
682 1283 725 1327 est
743 1273 800 1327 dt'o
817 1275 916 1342 placet,
939 1281 973 1324 ut
997 1273 1077 1324 dedit
1094 1273 1190 1324 Davis.
1227 1271 1263 1323 In
1283 1272 1352 1325 cod.

194 1345 278 1398 Vind.
291 1349 314 1399 1.
335 1345 413 1397 deest
431 1361 545 1413 semper.
572 1346 664 1398 Verba
682 1347 710 1398 si
728 1344 787 1398 diis
803 1347 893 1411 placet
912 1343 1058 1413 εἰρωνικῶς
1076 1345 1135 1396 dici
1153 1342 1228 1413 apud
1238 1351 1354 1416 veteres

193 1417 358 1485 scriptores,
375 1425 492 1468 monent
516 1417 568 1472 W.
588 1417 620 1467 in
647 1416 754 1469 scholis
779 1425 807 1467 et
829 1416 924 1468 Kiihn.
947 1432 1069 1482 quorum
1093 1415 1237 1485 posterior
1255 1415 1354 1467 laudat

194 1486 314 1539 Ruhnk.
334 1487 369 1539 ad
386 1488 503 1540 Terent.
523 1488 599 1539 Eun.
618 1488 651 1538 V.
671 1491 696 1543 3.
717 1490 759 1541 10.
786 1488 816 1542 0.
836 1490 872 1539 Μ.
892 1488 1007 1538 llliiller.
1035 1486 1069 1542 ad
1096 1486 1155 1539 Cic.
1176 1485 1210 1538 de
1229 1484 1277 1537 Or.
1297 1485 1352 1539 111.

195 1560 239 1613 24.
259 1560 303 1614 93.
332 1577 360 1630 p.
380 1560 442 1613 487.
469 1558 540 1610 Add.
562 1558 703 1611 Goerenz.
723 1558 767 1625 ,ad
786 1559 845 1611 cic.
874 1558 907 1609 de
933 1558 1205 1612 Finn.11.1tt.31.
1233 1574 1261 1625 Ρ.
1284 1560 1353 1623 168;

194 1629 244 1681 ubi
262 1629 333 1681 item
351 1647 449 1682 omnes
461 1629 546 1683 Godd.
566 1629 720 1683 Goerenzii
739 1628 845 1681 habent
864 1628 890 1680 si
910 1630 929 1681 d
935 1626 1098 1696 replicet·
1117 1636 1146 1680 et
1163 1627 1197 1680 A.
1210 1627 1354 1682 Matthiae

194 1699 229 1753 ad
247 1700 307 1754 cic.
326 1718 380 1770 pro
398 1703 478 1754 Rosc.
498 1701 594 1755 Amer.
615 1703 659 1756 36.
681 1702 739 1756 102.
765 1719 793 1767 p·
814 1703 857 1755 47.
895 1701 970 1752 Mn·
1183 1746 1186 1750 Α

265 1773 293 1825 si
310 1771 370 1839 ipse
387 1789 418 1826 se
436 1771 569 1838 audiret]
592 1772 645 1824 Ed.
665 1774 693 1823 P.
715 1770 742 1822 si
760 1771 821 1840 ipse
839 1787 868 1823 se
892 1773 1110 1825 attenderet.
1148 1773 1230 1826 Idem
1254 1780 1298 1824 est
1321 1772 1355 1824 in

194 1842 262 1925 de.
282 1844 357 1925 Mun.
378 1847 402 1898 1.
422 1861 500 1913 apr.
519 1862 557 1894 m.
580 1842 652 1926 'Sed
670 1843 726 1894 alia
744 1861 843 1893 manus
862 1844 1065 1912 superscripsit
1083 1844 1120 1894 sl.
1141 1844 1262 1898 audiret.
1299 1845 1354 1896 Le-

193 1913 1354 2054 titttttt.ttfftt‘ttltdtttl.tultus?titttttttptttff
1399 2051 1400 2056 Ν

193 2055 283 2109 Rehd.
303 2056 415 2108 omittit
433 2057 602 2125 proximum
617 2063 666 2108 est.
703 2057 738 2107 ln
756 2072 836 2123 seqq.
856 2073 930 2106 unus
949 2057 998 2108 Ox.
1020 2057 1184 2123 omittitis,
1208 2060 1281 2112 alius
1299 2064 1351 2118 vel.

195 2126 264 2179 Cod.
286 2126 359 2178 Gud.
375 2130 400 2181 2.
419 2127 463 2179 bis
482 2128 625 2196 scriptum
643 2125 726 2178 habet
746 2125 856 2178 malum.
894 2128 946 2178 Pro
966 2126 1040 2178 idem
1059 2127 1113 2180 duo
1133 2129 1238 2198 optimi
1257 2141 1287 2184 et
1305 2122 1371 2187 vess

119 2200 121 2210 ¹
194 2197 353 2262 tustissimi,
373 2198 460 2251 Rehd.
482 2206 511 2250 et
529 2199 602 2251 Gud.
624 2201 661 2262 1.,
679 2196 784 2249 habent
803 2197 836 2249 id
854 2202 908 2262 est,
935 2198 1015 2249 cuius
1035 2199 1143 2252 erroris
1162 2217 1276 2255 causam
1295 2222 1353 2260 esse

194 2268 383 2338 scriptionem
401 2271 452 2320 roi
471 2286 529 2321 esse
549 2269 689 2321 existimo.
726 2268 784 2319 Mr.

267 2340 355 2395 Quam
373 2337 423 2392 lenc
441 2334 525 2407 suove
543 2338 602 2403 est]
639 2338 710 2390 Vide
734 2355 785 2391 nos
803 2339 838 2390 ad
856 2339 905 2389 lib.
925 2338 963 2393 11.
984 2357 1045 2409 cap.
1067 2344 1091 2394 t.
1129 2342 1164 2394 D.

265 2410 326 2463 Non
345 2410 439 2478 igitur
457 2427 490 2464 ee
507 2411 632 2478 siugulis
650 2409 762 2464 uocibus
787 2407 947 2478 philosophi
970 2411 1116 2479 spectandi
1133 2413 1218 2480 suut,]
1244 2416 1354 2481 „Voce

195 2481 245 2534 bus
263 2481 398 2556 intellige
417 2482 574 2534 sententiis.
611 2482 677 2533 Non
694 2481 851 2532 videndum
870 2491 921 2546 est,
946 2499 981 2532 an
998 2482 1134 2552 pulchras
1154 2493 1183 2536 et
1201 2504 1353 2560 generosas

194 2554 350 2605 sententias
374 2555 525 2623 proferant
548 2553 582 2604 de
601 2551 723 2625 singulis
742 2553 838 2604 rebus:
870 2552 918 2603 sed
944 2571 980 2603 an
1005 2571 1052 2605 eae
1076 2554 1156 2606 inter
1179 2573 1207 2608 se
1233 2566 1263 2610 et
1286 2577 1353 2613 cum

194 2622 350 2693 principiis
369 2625 564 2692 consentiant3
584 2639 656 2691 quae
677 2631 718 2673 est
736 2624 914 2692 perpetuitas
934 2631 963 2675 et
981 2625 1171 2677 constantia.“
1189 2627 1256 2681 Bru.
1288 2630 1354 2684 Duo

196 2695 268 2747 Oxx.
287 2693 395 2747 hahent
412 2695 519 2748 uicibus
537 2711 590 2763 pro
609 2691 734 2758 uocibus,
764 2694 851 2745 ltlarb.
874 2693 933 2762 ipsi
954 2710 1007 2764 pro
1032 2693 1204 2763 philosoplis
1230 2700 1353 2754 fortasse

196 2782 233 2818 ex
250 2765 419 2836 compendio
437 2767 496 2823 ιῇῑ.
515 2764 581 2817 Cod.
602 2763 676 2815 Gud.
696 2769 720 2818 1.
741 2781 757 2815 a
773 2782 818 2832 pr.
838 2782 876 2816 in.
904 2765 989 2817 habet
1009 2769 1188 2834 expectandi,
1208 2786 1300 2838 ‚supra
1318 2789 1354 2825 es

196 2835 314 2888 literam
332 2854 354 2891 s.
392 2837 473 2889 Unus
492 2836 542 2888 Ox.
563 2842 628 2904 post
646 2834 697 2885 sed
715 2835 826 2886 omittit
844 2852 887 2887 ex.
925 2836 999 2901 Quid
1025 2837 1063 2888 sit
1080 2837 1275 2906 perpetuitas,
1291 2842 1354 2912 ipse

197 2907 324 2977 explicat
341 2904 443 2961 Cicero
461 2906 556 2959 addito
576 2905 747 2957 constantie:
779 2915 823 2957 est
842 2905 935 2980 igitur
953 2924 1038 2974 quam
1055 2907 1172 2962 barbare
1191 2916 1356 2980 consequeus

195 2977 390 3034 tiom‘dicunt.
410 2977 506 3029 Duisb.
526 2993 580 3046 pro
600 2982 680 3044 utque
698 2976 784 3028 habet
802 2984 838 3041 et,
857 2977 930 3048 Aug.
959 2978 1070 3029 omittit
1088 2985 1168 3048 utque
1186 2985 1352 3039 constantia,

196 3050 267 3102 Inde
285 3066 354 3102 vero
373 3049 434 3100 noli
452 3046 497 3098 his
515 3046 610 3100 verbis
629 3048 713 3099 litem
731 3064 856 3101 movere.
896 3050 1052 3116 Nunquam
1071 3052 1148 3102 enim
1166 3052 1268 3107 (licero
1287 3055 1354 3108 fini-

196 3120 286 3172 visset
303 3119 456 3190 periodum
473 3117 611 3171 vocabulo
634 3136 736 3187 parurn
759 3120 877 3189 proprie
895 3120 1003 3189 posito,
1024 3137 1078 3173 nec
1097 3122 1201 3188 addita,
1226 3126 1288 3178 eius
1307 3145 1355 3180 ex·

197 3191 326 3262 plicandi
351 3207 443 3255 causa,
468 3206 540 3243 voce
554 3189 655 3261 inagis
680 3190 799 3259 propria
823 3208 913 3259 eoque
937 3191 1099 3259 perspicua.
1131 3195 1203 3250 Ern.
1223 3197 1255 3247 in
1273 3197 1352 3254 clav.

198 3261 259 3318 cic.
277 3281 305 3314 v.
323 3259 499 3330 ‘confitentius
519 3261 683 3314 Constantia
700 3260 941 3331 philosophorum
961 3268 1012 3325 est,
1032 3265 1097 3314 curn
1115 3260 1193 3316 nihil
1212 3264 1352 3335 decernit,

199 3333 274 3404 quod
292 3333 378 3384 alteri
397 3332 512 3384 decreto
531 3348 581 3384 suo
600 3347 659 3384 non
676 3333 847 3397 consentiat,
867 3348 932 3383 cum
946 3333 1042 3384 omnia
1060 3335 1138 3386 inter
1156 3354 1185 3389 se
1204 3347 1271 3390 sunt
1289 3349 1355 3412 apta

199 3412 228 3457 et
246 3401 406 3456 connexa.“
443 3402 523 3454 ldem
547 3422 575 3454 v.
598 3405 784 3471 perpetuitas:
819 3401 1080 3473 „Philosophorum
1103 3409 1277 3475 perpetuitas
1302 3420 1353 3478 est,

198 3493 266 3528 cum
284 3474 381 3526 omnia
406 3473 484 3525 inter
505 3492 534 3526 se
553 3483 619 3543 apta
637 3484 711 3540 sunt,
747 3491 837 3526 unum
863 3473 896 3525 ab
922 3474 1014 3527 altero
1039 3475 1165 3544 ducitur,
1193 3479 1272 3533 nihil
1288 3491 1355 3537 ante

199 3546 284 3598 dictis
305 3543 480 3619 repugnat.“
514 3546 576 3600 Mr.
966 3565 968 3568 ⁴

270 3613 301 3668 G.
321 3620 363 3671 ll.
401 3615 530 3669 Adducis
547 3633 590 3669 rue
608 3624 637 3670 ut
654 3615 708 3670 tibi
726 3616 889 3685 assentior]
907 3621 988 3672 Unus
1002 3621 1052 3671 Ox.
1072 3618 1212 3675 Adduees.
1230 3623 1315 3678 Vind.
1328 3630 1354 3681 l.

199 3687 310 3740 omittit
334 3686 393 3740 tibi.
423 3686 511 3741 Rehd.
531 3687 617 3751 habet
645 3689 784 3741 assentiar
809 3688 872 3742 titt.
910 3689 973 3751 Duo
992 3690 1068 3745 *Oxnz
1098 3708 1164 3744 cum
1182 3694 1235 3746 Ed.
1254 3697 1283 3747 Ρ.
1303 3697 1356 3750 titi

199 3760 367 3812 assentiam.
406 3759 475 3811 Noli
498 3775 568 3812 vero
591 3760 719 3828 spuriam
734 3760 908 3813 'existimare
932 3761 967 3812 ad
991 3762 1105 3813 modum
1131 3764 1227 3817 Beieri
1242 3782 1355 3819 ⁴rocem

199 3830 267 3884 tibi:
297 3848 468 3900 quarnquam
487 3839 530 3881 est
548 3830 635 3881 etiam
653 3830 684 3880 in
702 3829 766 3882 loco
784 3831 934 3883 simillimo
953 3832 986 3886 de
1005 3833 1074 3901 Rep.
1094 3833 1116 3883 1.
1137 3837 1187 3888 4⁰:
1218 3837 1355 3891 Adducor

129 3920 135 3942 t
199 3901 304 3970 igitur,
323 3907 350 3954 et
367 3902 564 3970 propemodum
582 3899 736 3952 assentior:
769 3901 819 3951 ubi
837 3903 956 3971 propius
975 3903 1009 3967 ad
1028 3905 1120 3955 nostri
1135 3905 1198 3956 *loci
1216 3908 1355 3961 similitu-

199 3972 298 4026 dinem
316 3973 381 4024 vult
393 3973 516 4047 vBygom
529 4003 562 4014 -
580 3973 709 4040 Krarup:
737 3972 863 4023 adducor
880 3975 980 4039 igitur,
1000 3982 1031 4025 ut
1039 3977 1241 4042 'propemodum
1259 3994 1355 4034 asseu-

199 4044 268 4109 tiar‚
288 4043 487 4096 Heinrichius:
515 4043 651 4102 adducor,
672 4042 772 4111 inquit,
790 4044 996 4111 propemodum,
1015 4052 1044 4099 ut
1065 4047 1213 4100 assentiar.
1252 4051 1356 4120 Neque

199 4116 290 4188 magis
314 4115 488 4167 eiiciendum
519 4113 550 4163 iu
572 4113 712 4182 proximis
742 4119 827 4177 tuum,
858 4132 924 4166 cum
948 4115 1020 4167 absit
1042 4134 1058 4167 a
1085 4115 1152 4174 Cod.
1179 4119 1287 4186 Duisb.,
1324 4122 1356 4173 in

199 4185 287 4239 Rehd.
307 4186 449 4238 scribatur
466 4200 553 4252 nuper
571 4190 657 4247 tuum,
676 4183 769 4235 minus
789 4185 913 4257 eleganti
927 4186 1081 4239 verborum
1100 4189 1225 4256 ordine„
1247 4191 1356 4246 Contra

200 4257 275 4326 quod
293 4265 335 4308 est
353 4258 384 4307 in
403 4253 459 4307 MS.
488 4255 523 4307 ad
544 4273 635 4329 marg.
654 4254 738 4306 Verb·
767 4264 797 4308 et
814 4256 910 4309 Duisb.
930 4265 1061 4325 quartum
1087 4259 1238 4329 librum,
1270 4280 1355 4317 nemo

199 4345 258 4380 non
300 4324 443 4380 lossatoris
472 4343 529 4378 esse
554 4326 641 4378 videt.
679 4327 770 4378 Locus
789 4336 831 4378 est
855 4327 889 4380 de
913 4329 999 4383 Finn.
1019 4328 1067 4382 IV.
1088 4332 1131 4384 20.
1168 4333 1213 4386 Ad
1230 4352 1258 4387 v.
1279 4336 1356 4389 vide.

200 4399 264 4454 bare
280 4346 377 4456 L{tituli
398 4397 429 4447 in
448 4396 561 4450 Scholis
580 4404 677 4449 monet
696 4397 737 4450 ita
754 4399 939 4468 frequentius
947 4399 1118 4455 Ciceronem
1136 4405 1262 4460 scribere
1280 4405 1355 4460 hano
