2856 5084
192 265 271 359 m.
387 263 617 330 CICERONIS
638 263 886 331 TUSCULAN.
908 263 1141 331 DISPUTAT.

114 433 169 502 st
194 430 329 514 quidem
350 432 417 496 nisi
445 433 494 508 fit,
532 431 699 494 virtutum
726 432 885 494 interitus
912 439 1145 514 consequetur.
1193 429 1282 494 Nam
1313 429 1371 495 in.

192 535 289 597 qncm
316 512 406 575 cadit
444 513 632 599 aegritudo,
668 513 877 578 in··eundem
906 524 1033 575 metum
1064 512 1184 576 cadere
1213 533 1351 577 necesse

192 606 258 670 est3
288 605 338 659 est
366 597 452 658 enim
482 605 589 658 metus
620 599 756 663 futurae
784 596 1189 684 aegritudinis5sollicita
1216 617 1356 676 exspers

190 682 294 742 tatio:
316 680 352 739 in
374 698 471 760 quem
492 688 603 740 eutem
625 688 744 756 metus,
766 683 801 740 in
824 678 964 741 eundern
985 678 1142 755 formido,
1176 679 1351 757 timiditas,
1388 692 1391 695 ’

170 778 309 843 pavor,
330 763 481 847 ignavia:
507 781 588 844 ergo
612 771 651 823 ut
666 761 760 823 idem
782 763 938 823 vincatur
958 761 1141 841 interdum,
1164 781 1225 823 nec
1252 771 1350 845 putet

85 918 97 939 ν
191 843 234 907 ed
251 846 291 906 'se
311 852 525 926 praeceptum
547 843 631 905 illud
652 843 749 908 Atrei
770 848 956 926 pertinere,
1055 898 1071 930 Ἴ

357 924 499 988 Proinde
519 923 567 987 itu
585 937 703 1006 parent
723 948 758 988 se
778 930 813 989 in
835 925 914 1004 vitu,
943 936 979 988 ut
1001 928 1087 990 vinci
1107 924 1266 992 ne'eciuut.

191 1007 259 1071 Hic
279 1016 391 1070 autem
412 1011 580 1086 vincetur,
604 1019 642 1071 ut
664 1008 751 1076 dixit
773 1031 834 1071 nec
855 1008 954 1072 modo
976 1011 1142 1084 vincetur,
1165 1008 1222 1073 sed
1245 1009 1348 1073 ctiam

191 1093 328 1155 serviet.
371 1095 416 1153 At
444 1111 504 1154 nos
526 1093 689 1155 virtutem
710 1113 842 1173 semper
863 1093 1003 1154 liberam
1025 1093 1189 1168 volumus,
1217 1110 1351 1176 semper

162 1307 170 1318 ·
263 1278 335 1348 quod
370 1279 462 1332 uidem
481 1277 540 1332 nisi
558 1277 623 1346 stt]
660 1279 725 1343 „lta
743 1278 809 1331 cod.
830 1275 967 1347 Gryph.“
986 1277 1067 1330 Brut.
1090 1273 1165 1346 „Fit
1183 1284 1263 1328 recte
1275 1276 1346 1329 Dav.

90 1376 92 1387 ·
191 1349 281 1403 etsie
305 1295 377 1402 Edd
401 1357 473 1402 vett.
501 1351 602 1418 Equo
646 1358 690 1403 ost
717 1351 826 1402 factum
850 1348 920 1403 eit.“
948 1348 1018 1401 Ern.
1064 1347 1175 1400 Habent
1200 1349 1232 1412 fit
1259 1347 1346 1401 codd.

190 1420 261 1492 Reg.
282 1420 355 1474 eud.
376 1424 400 1474 1.
421 1422 446 1474 2.
475 1419 549 1494 Aug.
570 1368 657 1474 Μυῒ).
682 1422 756 1472 Mon.
777 1424 800 1475 l.
821 1422 846 1476 2-
876 1419 965 1473 Rehd.
987 1418 1060 1473 Gud.
1079 1417 1177 1470 Duisb.
1198 1426 1257 1471 tres
1275 1419 1347 1472 Oxx.

190 1489 264 1544 nde.
290 1493 325 1560 1³„
345 1491 376 1543 G.
401 1491 481 1543 Junt.
506 1490 569 1543 Asc.
589 1494 615 1552 2,
644 1493 715 1545 Ern.
745 1508 824 1562 seqq.
852 1491 920 1545 Cod.
945 1489 1030 1542 Vind.
1054 1494 1077 1544 l.
1106 1489 1191 1541 habet
1218 1506 1272 1553 non
1297 1489 1347 1542 eit.

187 1562 290 1638 Pergit
307 1560 396 1615 Rehd.
418 1561 557 1616 uirtutis.
578 1561 647 1618 Dav.
668 1562 699 1613 in
717 1562 770 1614 lto.
790 1567 815 1618 Ἰ.
840 1562 971 1615 Bentleio
996 1561 1111 1612 iubente
1130 1561 1242 1628 recepit
1260 1562 1349 1614 uirtu-

192 1638 272 1686 tem:
291 1633 366 1702 quod
383 1649 482 1684 rursus
500 1633 604 1686 abiecit
622 1634 653 1683 in
671 1633 760 1686 ude.
798 1635 851 1684 Pro
871 1637 1073 1699 consequetur
1092 1639 1134 1683 est
1152 1631 1348 1700 consequitur

191 1701 224 1754 in
248 1704 355 1774 dmhis
383 1705 452 1758 Oxx.
482 1706 556 1756 Mon.
577 1707 602 1759 2.
630 1703 683 1756 Ed.
700 1705 731 1775 P.
769 1704 937 1755 Proximum
963 1703 995 1755 in
1022 1701 1131 1754 excidit
1158 1701 1189 1752 in
1212 1719 1269 1756 uno
1296 1703 1347 1759 Ox.

212 1784 312 1845 rupter
338 1774 509 1827 antecedens
534 1791 570 1826 m.
613 1776 678 1827 Post
701 1774 817 1826 eundem
842 1774 908 1828 Cod.
938 1773 1012 1829 Gu'd.
1038 1775 1064 1828 2.
1099 1773 1210 1824 omittit
1235 1780 1346 1826 metum.

221 1862 258 1898 ox
281 1863 354 1896 nnus
378 1845 427 1898 Ox.
454 1842 607 1911 expectatio
631 1847 680 1898 soi
686 1843 699 1896 i
705 1845 771 1907 citu,
822 1845 992 1915 osteriorem
1016 1859 1117 1896 vocem
1143 1843 1184 1894 ita
1210 1844 1348 1915 scriptam

192 1914 309 1970 exhibet
327 1914 394 1968 eod.
413 1915 510 1980 Maru,
542 1916 629 1967 illum
648 1915 779 1968 ordinem
827 1915 990 1968 abetl'ind.
1015 1917 1037 1966 Ι.
1075 1914 1117 1966 De
1134 1913 1181 1964 his
1198 1915 1349 1986 perturba-

191 1987 318 2040 tionibus
336 1985 498 2056 vidsupra
516 1987 564 2040 lv,
584 1990 609 2040 7.
646 1988 701 2040 Pro
720 1986 838 2056 ignaria
863 1987 916 2039 Ed.
936 1986 967 2040 Ο.
992 1985 1078 2038 habet
1096 1985 1269 2054 ignominia.-
1302 1986 1349 2040 sed

191 2058 267 2111 illud
293 2058 325 2109 in
345 2072 441 2128 marg.
478 2057 539 2110 Μή
707 2077 709 2080 ·
797 2078 801 2086 ·

262 2135 293 2182 ut
311 2128 383 2181 idem
400 2130 531 2181 uincetur
548 2127 698 2193 interdum,
724 2144 774 2180 nec
789 2127 886 2200 putet]
925 2127 1024 2192 „Elisi
1044 2127 1119 2179 illud
1137 2143 1348 2196 supervacuum

191 2215 299 2254 necesse
318 2203 366 2262 eei,
385 2209 449 2269 post
467 2199 614 2263 interdum,
633 2198 721 2251 ductu
740 2208 865 2268 quotuor
882 2199 1002 2253 Palatin.
1022 2199 1105 2252 Febr.
1118 2198 1247 2250 vatican.
1268 2199 1349 2251 deni·

191 2285 248 2342 qne
266 2269 318 2323 Ed.
338 2270 471 2336 Victor.“
497 2267 579 2323 Geot.
616 2271 726 2338 ,‚lirgo‚
746 2276 776 2322 ut
796 2269 873 2322 idern
890 2269 1020 2322 uincetur
1039 2296 1071 2308 -
1091 2268 1148 2320 lut.
1169 2284 1279 2322 necesse
1297 2276 1347 2334 eet,

191 2359 209 2396 e
227 2361 259 2394 su
281 2341 432 2395 crioribus.
469 2341 504 2393 ln
523 2341 580 2394 MS.
602 2342 700 2394 Guelf.
721 2341 809 2392 etiam
826 2342 954 2393 additum
973 2339 1047 2392 est.“
1066 2341 1133 2392 Ero.
1163 2341 1217 2392 Pro
1235 2347 1266 2391 ut
1278 2339 1363 2406 eod„

190 2360 280 2467 uehi.
299 2411 386 2464 habet
404 2421 442 2474 εις
461 2429 525 2464 eam
542 2428 643 2464 vocem
662 2411 773 2464 oinittit
792 2412 865 2464 Gud.
885 2413 916 2476 23
935 2429 1009 2463 unus
1028 2411 1077 2463 Ox.
1097 2410 1184 2463 habet
1200 2412 1348 2464 vincantur

191 2510 226 2524 -
244 2486 352 2550 putent.'
385 2482 498 2534 Habent
523 2481 646 2555 glossam
670 2498 778 2535 necesse
802 2490 843 2535 est
870 2482 937 2540 Oods
958 2483 1031 2555 Aug.
1057 2481 1128 2534 Edd.
1154 2483 1294 2552 (exceptis
1312 2483 1346 2534 V.

190 2562 220 2608 et
237 2554 306 2607 Rob·
326 2551 442 2623 Steph.)
461 2559 526 2605 ante
546 2553 636 2606 Gebh.
658 2569 764 2607 omnes.
802 2554 854 2605 Est
873 2561 968 2604 autem
988 2569 1072 2606 error
1090 2553 1121 2604 in
1140 2551 1247 2604 scholis
1261 2551 1349 2605 Wol-

190 2625 238 2678 tii:
266 2639 324 2676 non
349 2624 427 2675 enim
455 2622 679 2698 intelligendum
698 2633 739 2677 est
758 2624 836 2677 cudit
861 2623 896 2675 ad
912 2624 998 2676 verba
1016 2629 1046 2676 ui
1065 2649 1098 2663 -·
1115 2623 1348 2675 uincetur-inter-

191 2695 266 2758 durn,
285 2692 405 2746 sedilia
423 2694 482 2762 ipsa
520 2693 592 2746 losse
612 2702 790 2758 necessust,
820 2697 856 2746 ex
879 2695 1076 2764 superioribus
1099 2692 1147 2757 (in
1170 2707 1227 2745 eum
1245 2699 1348 2743 metum

190 2767 292 2818 cudere
316 2779 425 2816 neceeee
452 2711 530 2829 eud.
568 2766 658 2818 Gudnt
685 2773 782 2816 autem
808 2764 945 2837 intellige
972 2773 1036 2832 post
1053 2783 1085 2815 v.-
1100 2760 1227 2831 ignauia.
1263 2761 1347 2814 Unus

192 2837 242 2890 Ox.
263 2835 348 2888 habet
363 2835 509 2902 pertineri,
535 2837 621 2888 Marb.
647 2836 690 2887 bis
715 2837 753 2888 ud
777 2851 816 2888 ee.
853 2838 917 2887 Post
940 2835 1014 2887 iliud
1032 2835 1099 2888 Cod.
1123 2833 1223 2888 Ursini
1248 2833 1348 2907 pergit

191 2908 372 2971 antiquum
387 2909 538 2972 pertinere,
553 2906 641 2959 Rehd.
662 2907 705 2959 ud
723 2923 793 2958 rern
808 2905 961 2974 pertinere,
980 2907 1053 2980 Aug.
1073 2904 1196 2975 reguli
1213 2904 1257 2956 ud
1275 2919 1348 2956 rem

187 2978 367 3049 publicum
389 2977 540 3043 pertinere.
580 2979 638 3030 Mr.
1056 3007 1057 3010 =
1169 3017 1174 3024 .

246 3048 384 3118 Proinde
403 3050 445 3100 ito
461 3055 560 3116 parent
579 3064 608 3100 ee
626 3048 656 3100 in
674 3049 742 3107 uita,
765 3051 794 3097 ut
812 3045 888 3116 uinci
906 3046 1052 3114 nesciunt]
1088 3044 1238 3110 „Proinde
1256 3044 1349 3120 signi-

189 3119 257 3170 ficat
275 3119 350 3178 ideo,
376 3117 501 3187 ideoque,
531 3119 590 3170 sive
613 3117 743 3187 itaque.“·
763 3117 904 3169 Berodtd.
941 3117 1021 3169 Idem
1046 3124 1145 3168 monet
1168 3117 1296 3170 Wolfius
1317 3117 1348 3167 in

189 3189 303 3240 scholis.
324 3188 436 3240 Nissen.
466 3188 555 3240 scribi
580 3188 645 3240 vult
668 3187 760 3255 proin.
798 3189 921 3249 Versum
944 3187 1089 3240 senarium
1109 3204 1145 3239 ex
1162 3185 1239 3238 Attii
1258 3187 1347 3238 Atreo

188 3258 286 3313 laudat
304 3262 332 3311 P.
353 3259 515 3312 Scriverius
539 3261 570 3309 in
589 3259 767 3311 Collectann.
787 3260 864 3310 Vett.
889 3258 996 3332 Tragg.
1015 3275 1043 3325 p.
1066 3262 1126 3313 106.
1163 3257 1285 3310 Proinde
1304 3257 1348 3308 bi·

189 3331 333 3400 syllabunn
363 3347 422 3383 esse
447 3347 532 3382 nemo
556 3347 614 3382 non
639 3330 728 3383 videt.
763 3329 830 3381 Cod.
851 3327 934 3379 Vind.
957 3332 980 3382 l.
1008 3326 1149 3380 habetne
1172 3330 1213 3381 itu
1233 3333 1345 3394 parent.

187 3403 269 3456 Unus
288 3403 336 3454 Ox.
358 3401 469 3452 omittit
487 3417 527 3463 ee,
545 3402 596 3452 Ed.
613 3393 650 3451 Ἀ.
668 3401 754 3452 habet
770 3405 881 3465 parone.
914 3399 957 3451 Ad
974 3399 1049 3451 uinci
1066 3400 1186 3451 nesciunt
1204 3401 1243 3454 cf.
1262 3399 1344 3470 Virg.

180 3471 259 3525 ⁴Aen'.
278 3471 341 3522 ΧΙΙ.
362 3474 427 3526 521:
458 3471 554 3523 nescia
577 3470 653 3523 vinci
675 3475 798 3538 pectora,
826 3470 876 3520 ubi
899 3467 996 3520 laudat
1015 3469 1133 3521 Servius
1158 3471 1256 3521 Horat,
1276 3470 1299 3520 Ι.
1319 3473 1345 3524 6.

191 3544 241 3609 [t]
260 3543 375 3595 Pelidae
400 3540 571 3594 stomachum
592 3543 689 3594 cedere
714 3542 809 3594 nescii.
847 3542 946 3610 Pergit
966 3539 1033 3592 (iod.
1054 3543 1128 3591 lton.
1151 3545 1174 3594 l.
1203 3538 1250 3591 tic
1268 3545 1346 3604 nutu

190 3623 254 3667 tum
271 3615 411 3671 unuqux.
431 3616 587 3675 vincitur3
606 3612 679 3664 alius
696 3629 762 3664 uon
778 3612 867 3664 modo.
889 3611 963 3665 Gud.
984 3611 1034 3662 sed
1053 3617 1086 3662 et
1104 3612 1215 3662 serviet.
1249 3612 1310 3664 Mr.

261 3684 300 3736 At
319 3699 370 3736 noe
386 3683 516 3736 uirtutem
528 3683 645 3749 semper]
665 3684 804 3748 „Palatin
825 3699 879 3736 sec.
901 3689 968 3733 tert.
989 3688 1083 3748 quart.
1103 3683 1144 3739 At
1163 3697 1213 3732 noe
1231 3687 1346 3733 autem

188 3752 254 3808 uiri.
288 3755 411 3807 Victorii
436 3755 525 3807 editio
549 3770 600 3807 noe
627 3760 720 3806 autem
743 3753 831 3809 virt.“
860 3750 943 3806 Geot.
984 3751 1110 3803 Victorii
1132 3752 1290 3805 lectionem
1315 3751 1347 3802 in

189 3826 244 3879 Ed.
263 3826 420 3894 2-recepit
442 3825 584 3877 Davisius.
612 3825 681 3880 Mr.
754 3874 755 3878 ,
1317 3878 1342 3884 ,.

227 3932 229 3937 ,
260 3896 300 3949 At
317 3912 368 3949 nos
386 3895 529 3961 uirtutem]
567 3895 714 3948 Victorius
734 3895 824 3948 edidit
839 3910 904 3952 ,noe
921 3901 1017 3945 autem
1036 3893 1173 3946 uirtutem.
1211 3893 1280 3964 Reg.
1301 3892 1348 3953 Pi·

148 3975 156 3993 '
190 3967 302 4020 thosan.
324 3975 352 4019 et
370 3966 440 4018 Pali.
462 3974 518 4019 tres
536 3966 642 4018 habent
660 3972 691 4019 ut
715 3982 766 4018 nos
785 3973 876 4018 autern
899 3965 1039 4030 uirtutem,
1066 3975 1099 4016 ut
1119 3965 1150 4015 in
1169 3964 1205 4015 iis
1224 3972 1346 4031 utraque

140 4063 141 4066 ¹
189 4039 279 4091 lectio
298 4037 499 4108 coniungatur,
528 4045 556 4089 et
580 4036 651 4088 haec
677 4036 727 4088 vel
752 4037 804 4089 illu
827 4045 881 4105 pro
908 4036 993 4087 libitu
1012 4036 1105 4105 recipi
1125 4043 1220 4102 eruent.
1259 4033 1346 4088 Certe

189 4109 261 4163 Med.
280 4107 395 4160 Balliol.
416 4109 541 4159 Petrens.
562 4107 674 4174 aliique
690 4107 778 4160 codd.
796 4107 944 4180 vulgatam
963 4115 1074 4159 tenent.
1111 4105 1183 4157 Duo.

261 4178 299 4230 At
318 4193 369 4230 noe
390 4176 538 4244 uirtutem]
576 4178 657 4241 „MS-
687 4178 784 4239 Guelf.
811 4178 973 4246 interponit
999 4176 1122 4230 autem.“
1150 4177 1218 4230 Ern.
1244 4172 1346 4238 Verb.‚

190 4249 288 4302 nescio
306 4247 391 4312 unde,
411 4251 539 4300 enotavit
556 4249 628 4302 alios
645 4249 750 4302 habere
777 4263 815 4302 ac
839 4264 912 4307 noe„
936 4247 1080 4305 Scribitur
1103 4253 1140 4298 ut
1163 4261 1213 4298 noe
1231 4251 1346 4306 autern
1411 4294 1414 4314 ἶ

191 4321 224 4372 in
243 4319 329 4373 Godd.
349 4319 418 4392 Reg.
440 4321 513 4372 Gud.
534 4324 558 4374 l.
579 4322 604 4375 2.
624 4321 714 4373 Marb.
733 4337 790 4372 uno
810 4319 861 4372 Ox.
899 4317 952 4383 Qui
977 4317 1047 4369 libri
1067 4334 1134 4369 cum
1152 4317 1211 4367 sint
1229 4315 1345 4384 optimi,

191 4392 319 4460 suspicor
336 4390 492 4462 legendum
510 4408 569 4445 esse
588 4408 654 4449 cum
671 4393 746 4448 Vict.
766 4391 835 4445 noh.
854 4388 954 4458 Steph.
975 4397 1005 4442 et
1021 4388 1126 4456 Daui»
1153 4387 1214 4441 Nos
1233 4391 1345 4463 autumi
1411 4430 1415 4457 :
