2856 5084
213 277 275 343 362
500 277 724 343 EXGURSUS
746 279 803 342 111.
827 279 870 342 ad
891 281 917 345 Ι.
940 284 991 347 35.
1014 281 1064 348 85.

215 441 266 494 sit:
292 449 321 494 et
344 442 524 497 calamitosae
546 445 624 498 vitae
649 454 784 509 mortem,
807 444 941 514 quamvis
959 444 1128 506 violentam,
1153 443 1254 496 Cicero
1273 451 1356 496 ante·

212 511 330 580 ponit.“
363 513 538 581 Bosslst'cre'ue,
560 516 676 584 probata
700 516 863 578 Davisiansn
889 513 939 567 vel
963 515 1059 581 potius
1077 512 1256 577 Bentleiana,
1283 514 1356 566 sori·

213 583 312 650 ptione
334 584 487 646 occidisset,
513 603 597 655 quam
622 604 651 640 se
673 587 705 638 in
729 585 785 639 MS.
810 587 880 658 Reg.
904 591 934 637 et
958 599 1015 636 uno
1034 584 1114 636 laeid-
1139 584 1283 652 reperisse
1301 584 1356 648 ait,

214 667 273 703 non
301 653 418 721 quidem
441 656 584 724 improbat
607 659 701 720 tatem,
730 676 746 709 a
772 655 917 725 Stephano
943 655 1147 729 excogitatum,
1181 671 1196 705 a
1220 652 1291 706 Dav.
1326 661 1356 706 et

212 720 307 775 Bentl.
327 726 568 779 commendatumt
588 726 638 779 sed
656 728 775 791 dubitat,
795 745 831 778 an
850 726 908 779 dici
926 726 1018 792 possit
1037 731 1152 777 comtum
1170 722 1302 787 amittere,
1322 730 1357 775 ut

213 793 253 845 sit
271 794 310 859 id,
329 795 420 864 quod:
440 797 516 847 casui
532 812 562 848 se
579 798 732 861 subducere,
751 813 837 848 aarum
856 797 968 849 evitare.
1006 795 1099 860 Quare
1119 794 1255 848 coniicit:
1275 794 1357 844 talem

214 870 330 917 eventum
354 867 457 918 omnino
480 883 540 917 aon
568 869 735 932 vidisset3
763 867 888 940 negandi
910 865 1085 935 particulam
1108 865 1273 932 absorptam
1295 880 1356 917 esse

215 934 381 988 existimans
404 936 507 989 ultima
528 938 608 990 vocis
626 939 728 989 omnino
746 938 864 1007 syllaba.
903 937 974 1008 Legi
997 937 1084 987 etiam
1108 950 1191 1004 posse
1210 934 1261 998 ait,
1286 945 1357 1002 pro·

213 1004 280 1072 pius
298 1006 334 1058 ad
351 1007 505 1059 literarum
523 1008 635 1072 ductus,
655 1011 732 1060 tatem
751 1015 867 1060 eventum
886 1011 989 1059 omnino
1008 1007 1199 1057 amovisset.
1230 1030 1263 1041 -
1299 1004 1355 1055 Er·

213 1080 305 1129 aestus
323 1093 437 1147 quoque
455 1078 490 1130 ad
508 1078 594 1131 verba
612 1085 697 1130 tamea
715 1106 748 1116 -
768 1078 905 1129 amisisset
923 1075 1022 1142 „Quid
1039 1075 1094 1127 hoc
1114 1076 1177 1128 est?
1196 1074 1250 1125 aits
1270 1088 1356 1126 nemo

213 1144 372 1220 intelligat.
393 1147 463 1201 Puto
481 1163 594 1213 regnum
613 1167 672 1202 esse
690 1147 845 1223 legendum
864 1147 929 1216 (pro
948 1146 1073 1212 euentum)
1092 1153 1142 1197 aut
1160 1143 1256 1196 simile
1275 1142 1355 1213 quid.

214 1213 297 1269 Aliae
320 1217 513 1282 coniecturae,
537 1228 571 1270 ut
597 1219 723 1271 Bentleii
748 1220 837 1282 tatem,
867 1233 925 1269 non
952 1223 1034 1285 aptae
1067 1223 1143 1267 sunt.
1188 1214 1255 1278 Quis
1283 1214 1357 1265 dicit

214 1293 329 1337 scrotum
347 1287 514 1340 amitterem
551 1289 594 1339 Ad
612 1288 686 1341 hano
705 1289 900 1357 quaestionem
919 1285 1091 1355 respondere
1110 1285 1227 1336 videtur
1244 1284 1358 1352 Anony-

212 1369 270 1417 ,πηνα
287 1352 362 1424 apud
380 1355 540 1410 Olivetumt
567 1358 633 1423 „Ut
655 1359 730 1411 dixit
753 1357 906 1410 Sallustius
931 1357 1054 1408 amittere
1071 1371 1218 1418 emanans,
1242 1360 1356 1417 egesto-

215 1425 295 1479 tem.“
315 1452 348 1462 -
365 1425 474 1477 Nissen.
494 1427 514 1476 1.
534 1444 559 1478 c.
578 1446 606 1496 p.
627 1429 661 1482 30
679 1447 735 1497 sq.:
765 1429 783 1480 i.
806 1445 829 1481 a.
855 1427 930 1479 Tum
954 1427 1071 1480 omnino
1096 1424 1226 1497 intelligi
1243 1425 1356 1493 potuis·

215 1501 268 1556 set,
287 1503 414 1547 curtam
432 1496 570 1550 flebiliter
587 1499 621 1550 de
639 1507 732 1551 morte
752 1498 832 1551 illius
851 1505 1012 1561 caneretur,
1032 1497 1099 1564 quie
1118 1497 1264 1547 incertum
1283 1495 1356 1547 fuis·
1380 1559 1381 1565 ¹

216 1572 270 1629 set,
289 1567 340 1633 qui
358 1565 428 1619 belli
447 1574 564 1620 eventus
582 1569 699 1623 tuturus
719 1577 807 1632 essot3
827 1570 973 1621 incertum
992 1568 1097 1640 igitur,
1116 1574 1216 1617 utrum
1235 1583 1251 1616 a
1263 1564 1356 1629 bonis,

215 1651 252 1686 an
268 1652 282 1686 a
301 1635 386 1689 malis
404 1637 588 1692 discessisset.
625 1639 741 1691 Eventus
759 1645 802 1692 est
819 1655 872 1708 pro
890 1653 938 1703 spe
956 1636 1092 1690 eventus.“
1111 1667 1143 1678 --
1163 1635 1306 1688 Scbsitzs'ua
1325 1636 1356 1688 in

214 1704 333 1773 Opuscc.
354 1706 373 1758 l.
394 1725 418 1759 c.
437 1726 466 1777 p.
485 1711 552 1763 209:
587 1709 761 1773 „Ernestus‚
789 1711 840 1774 ait,
865 1711 929 1762 iure
954 1708 1070 1778 quidem
1089 1705 1215 1758 offensus
1241 1713 1285 1758 est
1303 1705 1357 1758 illa

214 1783 360 1828 structura
378 1786 494 1830 eventum
513 1779 649 1833 amitteret
669 1779 718 1832 sed
736 1778 812 1848 quod
829 1794 939 1843 regnam
956 1778 1078 1832 rescribi
1097 1777 1200 1840 voluit,
1225 1775 1256 1828 id
1274 1776 1357 1828 nobis

215 1853 293 1898 certe
311 1863 369 1900 non
386 1849 538 1918 persuasit.
575 1850 683 1902 Auctor
701 1850 741 1902 ita
759 1851 856 1918 potius
875 1849 983 1903 dedisse
1001 1849 1130 1903 videtur:
1159 1846 1278 1900 Quodsi
1295 1853 1357 1898 cote

214 1916 370 1984 occidisset,
396 1926 481 1970 tamea
505 1927 621 1972 evectam
648 1917 801 1984 (malorum
827 1921 879 1984 sc.)
907 1920 1022 1981 amatam
1052 1918 1102 1969 boc
1131 1923 1217 1970 autem
1244 1923 1358 1980 tenpore

214 2001 317 2039 sensum
334 1992 459 2043 malorum
478 1989 576 2042 amisit.
615 1989 768 2059 Supplevit
791 1990 928 2043 librarius
954 1989 1060 2056 aliquis
1081 1986 1130 2040 rel
1149 1986 1356 2061 grammaticus

214 2057 351 2111 amisisset
366 2068 433 2130 post
451 2059 561 2123 omnino,
582 2077 672 2127 eoque
690 2068 868 2114 venustatem
887 2061 1179 2126 dictionisoorrupit.
1208 2058 1284 2109 Nam
1302 2057 1357 2109 etsi

217 2145 254 2180 ex
271 2130 358 2182 verbo
376 2132 476 2195 omisit,
496 2132 528 2182 in
546 2147 602 2199 quo
620 2131 723 2183 finitur
739 2132 884 2199 periodus,
911 2130 1093 2199 anticipando
1113 2136 1155 2181 est
1173 2129 1253 2180 notio
1273 2144 1358 2195 quas·

215 2197 280 2250 dam
300 2203 461 2253 communis
484 2209 549 2270 post
568 2209 683 2252 eventum
702 2202 813 2265 omnino,
841 2216 900 2252 non
925 2209 1022 2252 tamen
1045 2199 1120 2252 idem
1142 2197 1218 2250 illud
1235 2197 1358 2250 verbum

214 2267 265 2319 hic
285 2268 391 2324 diserte
410 2272 614 2323 inculcandum
632 2279 702 2324 erat.
739 2271 841 2323 Utitur
860 2271 937 2323 onim
953 2270 1055 2323 Cicero
1074 2269 1234 2341 zeugmatis
1251 2268 1356 2343 figura,

216 2355 302 2407 quam
328 2340 380 2392 alii
405 2342 545 2410 syllepsin
568 2350 681 2406 vocant,
705 2359 760 2410 qua
784 2340 889 2393 duabus
907 2342 990 2394 rebus
1007 2357 1097 2391 unum
1120 2339 1265 2391 tribuitur
1289 2355 1358 2391 ver-

214 2408 282 2458 bum
305 2410 426 2475 mipime
449 2412 582 2479 utrisque
610 2414 793 2464 conveniens.
836 2411 935 2479 ltaque
959 2425 1059 2462 sensum
1083 2409 1204 2460 amittere
1230 2411 1358 2461 malorum

215 2477 287 2529 bene
312 2478 428 2544 dicitur,
455 2489 571 2532 eventum
596 2483 719 2533 amittere
744 2497 811 2532 non·
827 2481 905 2533 item.
944 2481 1014 2545 Quia
1035 2486 1133 2531 tamen
1158 2480 1193 2536 in
1219 2477 1360 2530 omittendi

215 2546 303 2599 verbo
322 2549 433 2602 inclusa
452 2558 492 2603 est
511 2552 591 2603 notio
610 2551 721 2606 cavendi
740 2551 911 2617 [carendit]
932 2570 953 2603 s.
972 2566 1023 2601 aon
1040 2547 1163 2611 videnda
1182 2548 1245 2601 ideo
1264 2549 1308 2613 fit,
1326 2554 1360 2600 ut

216 2622 321 2668 eventus
338 2619 462 2671 malorum
482 2628 510 2673 et
528 2637 619 2672 sensus
636 2623 761 2674 mutorum
778 2620 807 2673 h.
826 2621 846 2675 1.
867 2637 924 2674 uno
945 2621 1101 2688 eodemque
1125 2619 1213 2671 verbo
1240 2618 1359 2688 copule-

215 2692 273 2736 tur.
311 2686 387 2751 Quae
405 2704 494 2755 quum
513 2690 554 2742 ita
573 2692 640 2752 sint,
661 2690 808 2744 Ciceronis
826 2691 914 2744 verba
933 2692 973 2742 ita
991 2689 1167 2757 accipienda,
1190 2691 1266 2740 acsi
1285 2688 1359 2740 sori-

214 2757 331 2825 psisset:
362 2758 431 2824 qood
454 2761 481 2808 ss'
504 2767 566 2809 ante
592 2759 748 2823 occidisset,
776 2764 860 2814 tamen
884 2767 999 2812 eventum
1023 2761 1150 2810 matorum
1177 2757 1289 2811 omnium
1307 2774 1359 2810 noa

214 2826 335 2892 vidisset,
360 2846 381 2883 s.
405 2827 517 2879 vivendo
540 2843 592 2879 noa
611 2828 767 2891 attigisset:
797 2827 847 2879 boc
869 2839 954 2882 autem
973 2837 1087 2895 tempore
1109 2843 1210 2879 sensum
1233 2828 1360 2880 malorum

215 2896 314 2952 amisit.
351 2897 463 2951 Similis
483 2906 525 2950 est
542 2900 636 2950 forma
654 2896 791 2967 loquendi
811 2913 836 2948 c.
856 2900 900 2951 40.
941 2901 1047 2951 Vadit
1065 2898 1094 2949 iv
1112 2899 1219 2950 eandem
1237 2913 1357 2950 corce-

215 2982 297 3032 rem,
317 2973 394 3034 atque
412 2969 440 3020 ia
465 2970 569 3020 eundem
587 2969 683 3033 paucis
708 2973 768 3033 past
786 2967 864 3017 anais
881 2965 1037 3033 scyphum
1060 2968 1199 3030 Socratem
1230 2969 1280 3020 ubi
1299 2984 1359 3021 non

216 3045 286 3097 erat,
312 3055 364 3086 cur
388 3038 508 3092 verbum
532 3039 609 3089 vadit
632 3037 843 3089 sollicitaretur
860 3054 876 3087 a
893 3037 967 3088 viris
986 3036 1107 3088 doctis.“
1136 3037 1172 3089 ln
1190 3037 1270 3091 Eda-
1286 3039 1357 3107 Opp.

217 3103 276 3158 oie.
297 3103 450 3156 Schiitzius
468 3109 555 3177 legit:
575 3107 728 3172 occidisset,
747 3114 800 3158 tum
820 3133 852 3144 -
871 3106 1014 3170 amisisset,
1038 3105 1089 3157 bos
1112 3115 1196 3160 autem
1216 3141 1249 3152 -
1269 3109 1360 3161 aaran

215 3175 341 3227 mulorum
360 3174 508 3244 additque:
542 3178 704 3238 „amisisset
724 3180 848 3229 fortasse
869 3175 1033 3239 delendum,
1060 3183 1094 3226 ut
1111 3177 1155 3228 vis
1182 3178 1242 3232 eius
1261 3197 1297 3234 ex
1315 3196 1358 3232 ss-

135 3312 137 3315 ν
216 3245 319 3314 quenti
337 3244 428 3296 amisit
447 3244 662 3368 intelligatur.“
699 3247 778 3313 Quod
796 3248 937 3314 quomodo
962 3246 1091 3318 intelligi
1118 3246 1202 3310 velit,
1227 3265 1264 3300 ex
1281 3255 1359 3302 ante-

216 3316 334 3368 cedente
352 3315 530 3384 prolusionis
562 3331 613 3370 oco
630 3325 719 3387 patet.
739 3350 769 3360 -
791 3315 953 3379 Hotts'agers'
972 3317 1116 3369 sententia
1139 3317 1172 3369 in
1189 3317 1359 3372 Prolusione

215 3383 371 3438 Turioensi
391 3385 427 3449 (a.
449 3385 541 3451 1791.)
558 3387 629 3440 haec
647 3395 703 3441 est:
736 3387 840 3453 „Bene
864 3388 1007 3441 Henricus
1028 3386 1200 3456 Stephanus,
1225 3389 1280 3442 etsi
1304 3391 1360 3440 im-

215 3457 355 3525 probante
372 3455 508 3524 Ernesto,
529 3458 704 3512 emendavitt
723 3458 801 3511 talem
819 3465 943 3510 eventum.
980 3457 1036 3509 Sed
1054 3466 1085 3508 et
1101 3457 1223 3509 verbum
1247 3459 1359 3512 omisis-

214 3533 257 3579 set
285 3526 370 3578 cubat
392 3528 424 3579 in
449 3529 561 3582 mendo.
599 3529 659 3582 Pro
678 3545 735 3598 quo
759 3528 931 3582 Bouhierius
954 3526 1064 3601 legens,
1090 3528 1139 3581 vel
1166 3528 1269 3580 omniuo
1297 3545 1360 3581 noo

215 3596 379 3659 vidisset,
405 3598 455 3651 vel
478 3600 581 3652 omnino
607 3599 804 3663 amovisset,
832 3615 948 3668 operam
975 3615 1042 3650 sane
1068 3597 1147 3651 lusit.
1185 3599 1260 3652 Mihi
1290 3615 1360 3652 vero

178 3729 179 3732 Ἴ
215 3667 257 3719 ita
281 3667 436 3741 legendum
461 3669 591 3724 videtum
616 3672 693 3722 tatem
717 3677 837 3721 eventum
853 3670 956 3721 omnino
973 3665 1254 3733 aonlbcbut'aset.
1291 3671 1360 3723 Par·

214 3737 307 3791 ticula
330 3754 438 3811 negans
462 3741 551 3794 facile
579 3741 730 3809 absumpta
752 3741 811 3792 fuit
833 3747 978 3809 postrema
1006 3737 1117 3808 syllaba
1140 3740 1220 3791 vocis
1246 3741 1358 3792 ormino.

214 3807 419 3873 Emendationi
444 3819 560 3863 nostrae
581 3813 681 3864 favere
705 3810 823 3863 videtur
849 3811 929 3862 locus
947 3808 1018 3860 huic
1036 3810 1178 3884 geminus,
1208 3808 1242 3862 do
1261 3809 1359 3864 Divin.

215 3879 254 3936 11.
273 3883 306 3935 92
337 3895 403 3948 quoe
429 3882 495 3932 enim
521 3882 580 3934 cita
597 3879 693 3945 {uisset
711 3879 828 3945 Priamo,
854 3879 879 3932 si
901 3880 935 3931 ab
953 3880 1138 3930 adolescentia
1163 3881 1272 3944 scisset,
1299 3896 1361 3948 quos

215 3957 354 4002 eventus
375 3949 523 4003 senectutis
547 3956 615 4002 esset
638 3950 867 4004 habiturust“
903 3980 935 3992 —
972 3950 1032 4001 Iam
1055 3949 1090 4001 ad
1112 3950 1224 4014 Buggii
1247 3959 1361 4004 senten-

216 4022 286 4074 tiam
305 4019 477 4084 accedimus,
497 4021 595 4089 quiin
614 4020 795 4084 Prolusione,
814 4020 1004 4073 Christianiae
1021 4020 1057 4084 (a.
1079 4021 1169 4083 ibib)
1187 4021 1274 4084 edita,
1291 4020 1363 4075 haec

215 4093 319 4145 habet:
339 4091 437 4158 „Sana
455 4090 527 4144 haec
543 4107 601 4145 non
620 4108 682 4146 esse
699 4092 788 4145 facile
805 4092 896 4144 vides.
916 4089 983 4155 Quis
1002 4091 1080 4142 enim
1100 4090 1131 4141 in
1149 4090 1205 4143 hoc
1224 4099 1363 4145 contextu

215 4160 297 4215 locus
315 4163 513 4215 adversativae
530 4163 693 4232 particulae
710 4165 830 4216 tamen?
868 4162 1002 4215 Correxit
1020 4160 1152 4213 Davisius
1181 4162 1280 4214 tolerat
1303 4179 1363 4216 mo·

215 4231 283 4297 lius,
302 4239 382 4301 puto,
400 4230 562 4302 Stephanus
581 4239 648 4298 turm
675 4234 760 4287 facili
780 4234 859 4287 enim
877 4249 976 4286 errore
994 4241 1078 4284 notae
1096 4232 1364 4302 manuscriptorum

210 4307 245 4362 ,tsi
264 4311 293 4358 et
311 4305 341 4355 tvi
357 4305 519 4372 permutari
536 4308 723 4375 potuerunt]
737 4307 798 4359 Nec
816 4313 913 4358 tamen
931 4303 973 4355 sio
990 4303 1058 4355 satis
1074 4311 1270 4376 perpurgatus
1289 4302 1365 4356 mibi

214 4373 296 4430 locus
314 4373 439 4430 videtur.
475 4375 596 4431 Etenim
614 4384 730 4431 eventum
748 4374 870 4430 omittere
887 4391 924 4429 an
941 4373 1012 4427 bene
1030 4373 1123 4428 latins
1140 4374 1264 4440 dicator,
1284 4373 1365 4442 equi·
