2856 5084
433 270 655 338 excitastis
676 270 718 338 ΙΙ.
742 272 785 335 ad
806 271 831 337 1.
854 275 903 338 16.
924 275 976 340 et.
1221 273 1284 338 359

139 431 174 486 da
192 433 258 487 Iure
278 431 381 487 Pontii.
401 435 449 487 lv.
469 440 496 492 9.
521 435 571 504 qui
596 436 670 490 dieit
694 437 822 501 falsum
847 434 1004 499 sanguinem
1032 433 1090 487 dici
1106 450 1160 504 pro
1178 435 1284 500 impiata

140 511 169 555 et
195 503 334 568 nefariam,
371 521 436 556 eum
460 504 542 558 nihil
569 506 609 559 ad
633 522 713 560 suam
744 507 918 560 sententiam
945 505 1119 575 probandam
1151 506 1283 560 attulerit

139 573 265 627 Bentleii
290 578 352 640 fuso
374 575 463 628 nimis
489 577 624 630 recedere
648 594 664 629 a
690 576 834 630 librorum
866 576 1027 644 scriptione
1055 574 1221 629 contendit:
1254 587 1283 629 et

137 652 254 764 praeter
275 659 392 718 versum
410 645 501 698 Ennii
523 664 540 698 a
557 644 693 700 Turnebo
718 645 839 701 allatum
857 646 936 700 addit
960 646 1057 698 locum
1075 645 1170 698 Plauti
1189 645 1282 700 Stich.

154 747 161 761 ·
181 717 206 767 2.
225 716 269 768 35.
290 715 340 767 ubi
359 723 417 768 est:
437 716 499 781 qaia
516 716 558 768 ita
575 732 647 768 meae
665 716 769 769 animoa
786 719 895 770 salsura
913 715 1008 770 evenit.
1029 743 1062 754 —
1097 715 1212 768 Ernesto
1229 719 1284 769 fri-

137 798 206 855 gere
225 784 376 836 videbatur
393 786 543 854 epitheton
561 792 672 853 opertos
691 786 872 857 praeferebat
889 787 983 860 igitur
997 785 1183 839 Davisianum
1202 802 1282 852 oper·

137 859 197 916 1000
215 871 308 923 neque
327 862 423 906 tamen
442 857 560 925 recepit.
599 857 681 908 Falso
700 866 794 909 autem
814 875 850 911 ax
869 855 935 914 coa.
957 856 1054 909 Guelf.
1076 865 1105 910 et
1117 855 1191 908 Edd·
1210 865 1281 910 vett.

138 923 277 976 restituit.
320 925 462 978 Nissenius
485 926 505 975 1.
526 943 551 978 0.
579 944 606 994 p.
627 929 669 981 13.
694 933 817 992 operto
842 927 912 980 ostio
938 935 1018 979 recte
1036 919 1164 995 profert}
1188 927 1282 996 expli-

138 1008 220 1046 cans:
250 995 324 1059 „via
343 1012 377 1046 ex
394 995 557 1049 Acheronte
581 1013 631 1049 seu
649 997 752 1050 inferis
776 999 929 1066 patefacta.
966 996 1072 1050 satana
1096 1005 1192 1050 autem
1219 1014 1282 1050 san·

136 1063 255 1186 {niuem
273 1064 425 1134 improbat,
454 1067 530 1134 quia,
558 1067 670 1118 etiamsi
687 1069 775 1119 salsus
798 1068 857 1118 diei
877 1067 992 1139 sanguis
1013 1066 1163 1120 commode
1179 1067 1281 1136 possit,

158 1137 314 1188 emortuis
333 1135 449 1204 quidem
467 1152 524 1188 non
542 1125 750 1190 benedicatur.
789 1137 886 1189 Falsus
905 1137 1031 1212 sangnis,
1054 1138 1104 1199 ait,
1130 1144 1174 1190 001
1201 1138 1282 1206 quasi

138 1205 286 1277 sanguis.“
321 1207 496 1271 FAWolfs'ue
520 1207 612 1258 edidit
637 1214 793 1274 opertoque
816 1207 897 1270 ostio,
927 1215 955 1258 et
980 1207 1022 1258 sio
1044 1208 1133 1260 etiam
1160 1207 1191 1257 G.
1212 1207 1282 1260 Her-

136 1287 246 1326 000000
270 1276 302 1327 10
320 1276 423 1329 Annot.
450 1277 485 1329 ad
502 1276 605 1344 Eurip.
625 1276 731 1330 Hecub.
755 1283 776 1330 t.
804 1276 933 1345 itemque
952 1276 1110 1341 Scdattzs‘us3
1140 1277 1281 1329 nimirum

136 1351 170 1394 ut
192 1343 288 1397 hiatus
316 1345 449 1398 tollatur:
478 1348 528 1400 sed
555 1347 655 1399 invitis
680 1347 771 1398 libris.
815 1346 949 1399 Coniecit
975 1355 1072 1402 tamen
1097 1348 1280 1403 Hermannus

136 1413 157 1468 l.
177 1431 201 1468 0.
220 1431 248 1484 p.
268 1418 312 1479 62,
331 1431 397 1466 cum
415 1417 518 1485 copula
535 1417 610 1470 absit
627 1434 643 1468 a
662 1416 809 1470 Ciceronis
828 1413 904 1481 loeo,

383 1517 415 1528 -
436 1511 469 1524 -
487 1493 580 1553 aperto
597 1486 667 1539 atti
683 1488 753 1539 catio

382 1556 547 1609 Acheruntia
567 1584 600 1594 -
621 1583 653 1595 -
673 1589 706 1599 -
726 1584 776 1622 —‚

86 1667 89 1670 .
135 1629 169 1676 ut
186 1623 283 1692 prima
301 1625 410 1695 syllaba
434 1627 466 1678 in
484 1626 659 1680 Acheruntis
681 1627 790 1681 iterum
808 1627 992 1697 producatur,
1017 1635 1162 1697 utsupra.
1200 1627 1278 1680 Kat-

135 1709 214 1745 neras
236 1696 306 1747 item
330 1696 459 1749 additum
483 1713 532 1763 que
552 1697 746 1750 necessarium
772 1700 962 1752 existimabat.
998 1698 1042 1750 Ad
1068 1700 1216 1767 sequentia
1233 1699 1281 1752 ad·

136 1763 194 1815 dite
226 1764 360 1829 „Salsum
383 1767 553 1842 sanguinem
576 1767 687 1819 dictum
714 1776 797 1836 putat
814 1770 946 1831 Neidius‚
979 1769 1046 1837 quia
1069 1767 1181 1822 hostiae
1203 1769 1280 1821 moli

135 1833 386 1910 adspergerentur,
405 1854 527 1906 quarum
546 1839 662 1912 sanguis
680 1839 712 1889 in
731 1838 889 1902 sacrificiis,
915 1855 987 1907 quae
1007 1839 1041 1890 ad
1067 1837 1228 1891 excitandos
1246 1840 1280 1892 ab

135 1904 240 1957 inferis
263 1913 392 1958 mortuos
414 1907 591 1972 ferebantur,
615 1908 652 1958 in
674 1909 787 1960 foveam
818 1909 1004 1972 fundebatur,
1035 1923 1128 1977 comp.
1153 1910 1280 1962 Homero

135 1973 236 2043 Odyss.
256 1977 278 2026 1.
297 1978 341 2030 35.
377 1975 456 2028 Alibi
484 1977 572 2029 etiarn
596 1977 708 2051 legitur
733 1979 823 2029 001000
849 1978 974 2042 sangnis,
1000 1986 1034 2029 ut
1058 1979 1133 2059 apud
1155 1981 1278 2031 Macrob.

134 2044 183 2098 vl.
202 2045 397 2101 2‘ex'Ennio
424 2055 453 2098 et
469 2047 544 2098 Non.
592 2085 597 2096 .
619 2050 679 2104 192.
705 2047 852 2111 (sanguine
870 2074 903 2086 -·
922 2046 1016 2109 salso).
1053 2046 1198 2100 Similiter
1221 2046 1282 2117 Ερ-

133 2115 200 2167 0100
226 2133 272 2184 ap.
297 2116 410 2171 haeret.
430 2118 454 2172 1.
477 2119 535 2172 126.
564 2065 638 2169 ‹iirit
661 2116 790 2169 lacrimas
815 2119 948 2182 effundere
966 2118 1067 2179 001000,
1092 2125 1121 2168 01
1138 2117 1279 2191 Virgilius

135 2188 233 2236 salsam
256 2186 379 2239 sudorem
411 2186 491 2250 [Aen.
510 2186 547 2239 11.
575 2191 634 2242 173.
662 2188 711 2240 ubi
734 2187 792 2239 vid.
818 2188 947 2241 Indicam
973 2185 1134 2256 Erythraei
1167 2188 1199 2239 in
1225 2187 1278 2239 Ed.

133 2256 287 2310 Burmann.
313 2274 340 2307 v.
359 2258 496 2322 salsasque
520 2257 610 2320 endor,
635 2259 686 2324 qui
709 2256 807 2310 laudat
835 2274 871 2311 ex
887 2258 1023 2308 Lucretio
1051 2257 1137 2308 etiam
1156 2257 1171 2308 1
1191 2255 1278 2320 [919]:

134 2332 161 2378 et
180 2326 306 2393 lacrymis
323 2326 435 2379 001οἑ0
453 2327 597 2380 humectent
615 2342 664 2378 oro
681 2341 829 2393 genesaret
856 2344 912 2396 quo
930 2327 993 2378 looo
1014 2331 1089 2388 sunt,
1114 2327 1165 2394 qui
1184 2327 1280 2400 legant

133 2396 249 2462 fulcias]
281 2396 436 2465 exquibus
463 2397 535 2448 locis
554 2396 681 2448 Orellius
699 2397 826 2518 colliffit,
855 2395 987 2450 essehoc
1006 2395 1155 2464 epitheton
1174 2412 1280 2449 ornans

133 2481 283 2517 succorum
303 2467 474 2518 animalium
492 2468 555 2519 fere
573 2467 713 2530 omnium,
738 2482 769 2518 00
781 2482 884 2534 samque
904 2467 1062 2530 sanguinem
1086 2466 1134 2519 vel
1158 2466 1193 2520 de
1213 2485 1280 2519 san-

153 2537 220 2589 0100
246 2535 336 2589 effuso
365 2553 381 2587 a
405 2537 565 2588 vulneratis
593 2537 652 2587 dici
680 2536 729 2590 rel
757 2536 792 2589 de
823 2538 936 2591 recenti
965 2536 1138 2589 cadaverum
1164 2553 1277 2589 cruore.
1334 2543 1336 2550 '

132 2553 243 2674 itaque,
271 2607 296 2657 si
321 2605 392 2658 haas
414 2605 503 2659 lectio
530 2608 686 2669 retinetur,
716 2607 804 2659 verba
825 2607 899 2658 salso
923 2606 1057 2670 sanguine
1076 2606 1279 2678 coniungenda

133 2683 201 2730 sunt
224 2691 291 2727 eum
316 2677 405 2729 verbo
433 2676 593 2728 excitantur.
630 2675 675 2727 Ad
692 2675 763 2729 haee
790 2678 944 2730 verborum
969 2678 1105 2729 iunctura
1123 2677 1280 2729 durissima

131 2753 184 2800 ast.
223 2744 314 2809 Quare
332 2761 390 2797 non
409 2746 517 2810 dubito,
537 2748 609 2815 quin
628 2747 656 2799 10
681 2747 784 2798 endum
803 2748 842 2799 sit
858 2747 934 2811 falco
951 2747 1106 2819 sanguine:
1126 2746 1203 2815 quod
1221 2761 1280 2798 non
1313 2769 1316 2776 ·

131 2816 245 2883 recepit
273 2816 399 2884 quidem,
427 2817 476 2869 sed
504 2817 638 2885 pmbavit
688 2816 799 2870 rellins.
837 2817 935 2868 Falsas
961 2817 1077 2878 sanguia
1098 2817 1118 2867 i.
1143 2833 1167 2869 0.
1196 2815 1279 2882 quasi

120 2885 259 2959 sanguis,
286 2887 353 2953 quia
370 2894 552 2938 mortuorum
570 2887 712 2959 imagines
731 2886 871 2960 sanguine
888 2902 947 2938 non
965 2887 1045 2939 omni
1064 2885 1218 2938 destitutae
1235 2885 1280 2936 vi-

132 2957 249 3019 dentur,
275 2973 446 3024 quamquam
470 2973 625 3030 exsangues
650 2958 789 3009 duntaxat
812 2955 928 3009 umbrae
952 2963 1028 3009 sunt.
1072 2955 1218 3017 Ceterum,
1246 2962 1280 3006 ut

133 3025 283 3095 dactylum
306 3026 460 3090 (sanguine)
488 3028 519 3079 in
551 3034 653 3094 quarto
682 3027 754 3096 pede
778 3027 905 3079 vitemus
937 3025 975 3090 (v.
997 3022 1154 3078 Hermann.
1183 3022 1278 3077 Elem.

131 3097 230 3148 Docte.
250 3098 333 3148 Metr.
353 3113 381 3164 p.
402 3094 457 3158 at.)
486 3095 642 3169 legendum
665 3096 782 3149 videtur
799 3095 933 3159 sanguine
956 3095 1061 3161 folco.“
1095 3095 1136 3146 Et
1153 3095 1194 3146 ita
1212 3110 1280 3147 eor·

128 3167 269 3218 ,reximus
306 3166 351 3218 Ex
370 3165 473 3219 Orellis'
489 3168 673 3219 annotatione
690 3174 807 3236 praeter
826 3183 867 3227 ea,
890 3182 962 3236 quae
980 3173 1049 3217 sunt
1067 3164 1143 3234 apud
1160 3162 1280 3219 1111100·
1333 3212 1335 3217 .

132 3253 208 3301 rum,
227 3236 298 3289 haec
316 3236 495 3305 excerpenda
512 3237 574 3290 visa
594 3244 674 3289 sunta
703 3236 895 3303 „Apertoqae
913 3235 1078 3310 corrigebat
1102 3236 1190 3288 etiam
1208 3238 1278 3290 Vos·

133 3307 202 3371 sias,
230 3307 278 3359 sed
296 3308 416 3380 languet
434 3307 537 3376 copula
554 3324 646 3376 aeque
664 3312 750 3375 atque
775 3306 808 3359 in
824 3304 975 3359 Bouhierii
993 3306 1160 3358 coniectura
1185 3311 1279 3372 operto

133 3383 166 3428 et
191 3378 270 3428 ostio.
306 3377 426 3430 Bothius
453 3379 530 3429 Po‘e‘t.
559 3377 643 3430 Scen.
666 3379 728 3430 hat
752 3393 780 3445 p.
807 3380 851 3432 ts.
881 3375 1074 3444 transposuit:
1109 3381 1203 3439 aperto
1225 3373 1280 3427 alti
1346 3437 1349 3441 Δ

131 3447 202 3498 ostio
233 3443 244 3515 [Ι
269 3446 433 3500 Acheruntia
461 3446 555 3517 [quod
584 3447 783 3499 Hermannum
811 3445 970 3499 coniecisse
1000 3461 1087 3514 supra
1118 3442 1279 3508 diximusz]

133 3516 235 3571 00000.
254 3517 337 3568 Anal.
357 3536 385 3586 p.
407 3521 470 3573 132:
496 3518 587 3570 ambra
605 3518 719 3569 obscura
736 3517 865 3583 adoperto
890 3518 970 3570 ostio.
991 3542 1024 3552 ·-
1055 3513 1280 3568 1001111101ὓὶ-

132 3603 214 3639 mum
238 3595 282 3640 001
306 3587 465 3642 diiudicare
488 3587 568 3640 inter
591 3587 671 3638 10011.
691 3586 764 3652 falso
783 3595 813 3640 et
830 3588 911 3638 00100.
948 3585 1010 3637 1100
1033 3584 1141 3638 habent
1157 3584 1279 3660 Regius,

133 3659 158 3710 si
183 3658 253 3709 fides
278 3656 422 3721 00110100ὶρ
443 3686 475 3700 -
499 3685 532 3696 -·
555 3657 715 3728 probarunt
734 3683 767 3694 —-
787 3656 938 3720 columna,
959 3682 992 3692 —
1011 3655 1113 3710 Osann.
1142 3654 1226 3707 Falso
1246 3682 1278 3694 -

131 3726 268 3796 probavit
287 3727 374 3779 etiam
391 3727 574 3782 Doederlein.
595 3727 677 3798 Spes.
696 3725 828 3798 Sophocl.
854 3745 884 3797 p.
905 3725 1118 3782 mattathias:
1146 3725 1234 3794 idque
1253 3726 1279 3777 si

132 3814 235 3849 verum
262 3805 314 3859 est,
337 3797 484 3871 significat
507 3799 566 3850 sine
583 3798 725 3864 sanguise,
750 3812 908 3865 exsangues.
945 3797 1019 3850 Mire
1043 3805 1143 3849 tamen
1160 3796 1278 3860 dicitur,

131 3883 187 3937 pro
205 3867 359 3931 facillimo,
378 3884 432 3920 neo
449 3870 545 3922 minus
561 3869 693 3938 poeticae
722 3883 840 3921 000000
858 3867 1000 3929 sanguine.
1037 3867 1093 3919 Pro
1117 3866 1191 3916 00100
1207 3865 1279 3917 tacit

132 3938 264 4012 analogia
282 3937 413 3989 locorum
430 3939 500 3991 Enii
519 3946 548 3992 et
566 3940 641 3992 Attii
659 3940 787 4008 itemque
805 3937 942 4011 Virgilii3
962 3953 998 3988 ex
1015 3951 1071 4004 quo
1089 3934 1279 3987 manifestum

133 4017 185 4073 est,
214 4025 274 4060 esse
296 4006 353 4059 hoo
377 4008 527 4076 epitheton
550 4025 654 4062 ornans
680 4023 833 4062 suecorum
857 4005 1028 4058 animalium
1051 4007 1114 4057 fere
1137 4005 1277 4059 omnium.

131 4079 221 4130 Errat
244 4086 341 4130 tamen
365 4077 469 4129 Osann.
488 4079 509 4130 l.
528 4075 549 4129 l.
569 4080 712 4132 scribens:
739 4112 758 4142 ,‚
766 4077 873 4129 salsum
896 4092 944 4128 san
986 4076 1065 4128 inem
1091 4081 1205 4129 veteres
1224 4073 1279 4124 tri·

131 4147 254 4202 buebant
277 4147 431 4202 mortuis.“
466 4149 540 4202 Nam
566 4149 598 4200 in
622 4148 696 4201 loeis
719 4146 821 4216 paullo
847 4153 914 4198 ante
931 4164 947 4197 a
962 4145 1030 4199 latis
1050 4160 1145 4197 sermo
1169 4143 1280 4197 estrei
1373 4158 1376 4164 ’

133 4218 167 4269 de
193 4221 333 4294 sanguine
355 4217 444 4273 effuso
468 4217 671 4281 uolneratis,
702 4218 752 4270 vel
777 4216 813 4269 de
839 4216 951 4269 recenti
974 4215 1145 4269 cadaverum
1164 4229 1279 4266 cruore.

131 4288 253 4343 Mortuis
271 4291 342 4359 ipsis
360 4309 382 4343 s.
402 4289 513 4343 umbris
532 4289 701 4371 sanguinem
718 4287 769 4342 vel
787 4286 894 4340 salsum
921 4285 969 4339 vel
986 4300 1045 4337 non
1057 4284 1179 4367 ⁴salsum
1196 4299 1279 4365 nemo

131 4375 259 4429 nuquam
282 4361 394 4414 tribuit.
433 4360 514 4428 Quod
540 4360 566 4413 si
590 4359 685 4434 igitur
705 4359 837 4428 praefers
864 4356 940 4408 salso
962 4368 1106 4422 saugosae,
1128 4354 1188 4410 hos
1211 4371 1280 4409 cum
