2856 5084
208 267 270 333 38⁰
503 262 726 328 EXCURSUS
747 264 789 328 X.
812 263 853 326 ad
874 263 914 328 H.
940 266 987 331 15.
1010 266 1060 330 ³5.

206 429 305 482 dolore
328 426 484 493 cruciatur,
517 429 688 482 laboriosam
705 431 808 481 vocat?
844 428 945 496 Videat
963 445 1042 503 ergo,
1069 429 1094 480 si
1116 428 1172 480 hoc
1190 428 1311 480 nomine
1331 429 1362 482 in

208 501 331 552 Graecos
354 498 433 551 volet
458 517 515 552 esse
539 501 648 565 durior,
676 517 713 552 ne
738 510 849 551 caussae
877 507 941 551 suae
971 501 1095 552 securim
1118 499 1185 552 talis
1203 516 1237 552 ac
1264 508 1363 552 tantus

205 580 342 641 patronus
368 570 489 644 infligat.
528 571 633 623 Facere
656 572 688 620 in
715 585 747 622 eo
772 586 885 638 quoque
905 569 980 622 mihi
1002 570 1118 622 videtur
1137 569 1253 636 injuste,
1283 570 1362 639 quod

206 642 419 694 accubationem
445 642 594 710 epularum
621 641 724 693 melius
743 658 758 690 a
776 641 887 692 Latinis
906 640 1068 705 convivium,
1098 658 1184 712 quam
1207 659 1223 692 a
1242 640 1363 694 Graecis

206 709 376 771 σύνδειπνον
400 720 448 763 aut
467 710 625 782 συμπόσιον
647 712 790 763 nominari
815 710 929 774 judicat.
968 712 1075 764 Contra
1101 713 1179 763 enim
1201 711 1361 781 appellatio

205 784 308 836 Latina
325 783 429 835 habere
449 791 584 852 quantam
603 783 841 852 intemperantiae
860 781 1101 854 significationem
1117 782 1249 834 videtur:
1278 782 1361 851 quasi

205 861 269 906 tum
291 854 405 906 demum
429 855 529 905 vivant
555 853 694 917 homines,
725 870 792 904 cum
816 853 912 904 cibum
936 853 1068 921 capiunt:
1106 870 1200 922 neque
1224 853 1263 904 sit
1280 853 1361 905 inter

206 940 262 989 eos,
294 932 496 993 praeterquam
523 924 554 973 in
580 924 682 992 epulis,
711 925 772 976 ulla
793 922 870 977 vitae
894 924 1066 976 communio.
1110 924 1149 975 At
1172 923 1279 991 Graeci
1302 940 1360 977 una

205 995 296 1055 uivere
315 995 413 1047 dicent
432 1011 479 1047 eos
499 994 596 1055 etiam,
630 995 680 1063 qui
704 994 820 1068 negotia
838 1012 886 1047 sua
911 994 987 1044 inter
1006 1012 1034 1046 se
1055 993 1276 1061 communicant,
1307 995 1360 1064 qui

205 1065 305 1118 crebro
324 1083 381 1116 una
401 1073 476 1129 sunt,
506 1065 557 1133 qui
575 1083 631 1115 una
656 1064 792 1128 militant,
811 1082 879 1114 una
900 1061 1156 1133 philosophantur:
1190 1065 1359 1117 convictum

205 1136 330 1205 denique
349 1137 450 1186 multis
468 1134 533 1186 aliis
553 1135 583 1184 in
599 1135 691 1196 rebus,
711 1153 795 1203 quam
814 1135 845 1184 in
856 1136 925 1186 vino
945 1141 973 1185 et
987 1135 1079 1203 epulis
1098 1134 1279 1208 intelligent:
1301 1152 1360 1188 non

204 1215 237 1258 ut
256 1207 374 1270 Latinis,
393 1207 445 1274 qui
464 1205 619 1271 convivere,
647 1214 680 1256 ut
696 1205 757 1257 hoc·
770 1206 857 1257 verbo
876 1213 950 1266 utar,
971 1220 1017 1257 eos
1036 1206 1150 1256 demum
1169 1206 1280 1271 dicunt,
1307 1205 1359 1274 qui

204 1294 260 1329 una
279 1286 415 1345 tanquam
434 1277 467 1329 ad
486 1277 563 1328 idem
581 1293 714 1345 praesepe
734 1285 900 1345 pascuntur,
926 1275 1006 1342 quasi
1027 1275 1104 1326 nihil
1119 1276 1157 1326 sit
1173 1276 1253 1327 aliud
1275 1279 1359 1344 συζῇν

205 1365 291 1416 quam
316 1342 559 1416 συνχορτόζεσδαι.
601 1347 770 1418 Elegantius
790 1345 845 1409 illi,
876 1346 927 1414 qui
953 1344 1032 1398 aliud
1051 1363 1108 1398 esse
1125 1345 1274 1413 viderunt,
1302 1365 1360 1400 una

204 1418 311 1481 bibere,
331 1417 410 1469 aliud
428 1436 484 1468 una
501 1419 611 1469 vivere.
655 1419 755 1485 ltaque
779 1417 1010 1467 communionem
1028 1417 1178 1485 epularum
1197 1416 1230 1468 ab
1244 1430 1296 1482 eo,
1325 1427 1359 1470 ut

205 1488 299 1540 Varro
319 1488 369 1551 ait,
388 1489 518 1561 coagulo,
539 1503 595 1556 quo
609 1489 740 1539 convivia
759 1487 954 1550 continentur,
974 1488 1174 1538 nominarunt:
1194 1486 1271 1539 vitae
1291 1505 1359 1541 con·

204 1557 381 1622 junctionem
400 1558 434 1609 ad
453 1559 507 1610 alia
524 1558 658 1630 graviora
677 1567 705 1610 et
729 1557 818 1631 magis
846 1557 918 1608 seria
941 1566 1133 1608 reservarunt.
1170 1558 1247 1610 Haec
1266 1560 1290 1619 si
1310 1559 1358 1610 cui

204 1629 393 1681 confidentius
413 1629 517 1691 dixisse
545 1629 578 1679 ad
595 1646 695 1681 versus
715 1627 860 1680 Ciceronis
882 1628 1054 1679 sententiam
1075 1626 1207 1692 videbor,
1237 1629 1357 1703 cogitet,

204 1717 290 1768 quam
316 1700 407 1750 multa
434 1699 467 1751 ab
492 1717 523 1752 eo
549 1700 681 1751 adversus
707 1698 865 1763 Platonem,
890 1697 1086 1763 Aristotelem,
1111 1697 1356 1767 Theophrastum,

204 1769 331 1839 aliosque
349 1778 462 1821 veteres
481 1771 556 1822 dicta
575 1769 641 1822 sint.
678 1771 842 1837 Numquam
862 1769 931 1820 haec
955 1768 1004 1819 vel
1022 1768 1217 1835 dissentiendi,
1244 1770 1294 1823 vel
1314 1771 1358 1822 in·

203 1843 282 1915 genii
302 1842 454 1892 exercendi
473 1841 590 1893 libertas
609 1841 640 1890 in
665 1839 771 1892 litteris
789 1839 951 1908 vituperata
970 1847 1020 1890 est.
1041 1862 1072 1871 -
1094 1867 1126 1878 -

274 1912 463 1964 Canterart'us·
473 1911 503 1961 in
523 1911 742 1978 commentario:

256 1983 413 2040 ,Excurrit
438 1991 535 2034 autern
559 1981 614 2033 hoc
644 1981 708 2032 loco
733 1981 834 2033 Cicero
862 1979 892 2030 in
920 1980 1143 2050 disputationem
1169 1983 1204 2035 de
1232 1984 1359 2052 quodam

203 2052 422 2126 significationis
440 2052 617 2117 discrimine,
644 2051 749 2102 laboris
775 2058 803 2102 et
828 2050 945 2115 doloris,
974 2069 1058 2120 quam
1079 2054 1201 2120 Graecos
1220 2072 1279 2106 non
1298 2073 1358 2108 ser-

202 2141 270 2175 vare
289 2125 338 2187 ait,
367 2124 401 2173 de
421 2141 476 2191 qua
500 2123 615 2190 quidem
638 2128 698 2172 tota
717 2139 748 2173 re
770 2121 819 2172 vix
837 2121 953 2173 invenio
974 2123 1043 2190 quid
1068 2124 1170 2190 dicam.
1208 2123 1247 2176 At
1266 2127 1358 2195 suspi-

203 2210 253 2246 cor
272 2194 436 2252 (dicendum
455 2193 541 2255 enim,
562 2192 636 2260 quod
655 2189 759 2252 sentio)
778 2192 809 2242 in
819 2191 939 2258 quadam
951 2193 1106 2260 cupiditate
1125 2195 1215 2246 nimia
1232 2189 1356 2248 'ornandi

202 2264 454 2333 arnplificandique
476 2263 607 2335 linguam
629 2262 747 2312 latinam
766 2262 935 2314 Ciceronem
962 2263 1146 2336 progressum
1162 2265 1218 2316 hoc
1239 2267 1357 2334 quidem

202 2333 265 2386 loco
293 2335 327 2387 ad
346 2335 523 2388 Graecorum
546 2332 797 2402 reprehensionem
821 2332 916 2401 paullo
941 2331 1154 2405 incogitantius.
1192 2337 1257 2388 Etsi
1276 2338 1355 2389 enim

201 2399 289 2457 πόνον
308 2405 385 2467 (nam
412 2420 470 2455 non
498 2404 613 2472 reperio
636 2403 714 2454 aliud
731 2402 911 2466 vocabulum,
941 2404 1016 2470 quod
1034 2404 1136 2456 Cicero
1155 2405 1297 2479 designet,
1327 2415 1356 2460 et

202 2469 368 2545 φιλοπόνους
397 2473 545 2543 appellant·
561 2473 665 2526 Graeci
690 2473 753 2533 τούς
771 2471 948 2536 σπουδαίους,
979 2473 1029 2541 qui
1056 2482 1122 2525 sunt
1140 2476 1252 2528 Latinis
1272 2478 1356 2530 indu·

202 2547 276 2610 strii,
297 2561 353 2614 quo
373 2554 401 2597 et
419 2546 542 2597 Joannes
561 2543 677 2612 quidam
696 2542 907 2596 Grammaticus
933 2553 1123 2615 cognomento
1149 2546 1207 2597 fuit
1224 2549 1355 2614 vocatus)

201 2614 291 2668 πόνον
314 2632 384 2688 ergo
412 2615 465 2665 etsi
489 2615 537 2665 illi
565 2615 653 2667 etiam
670 2615 702 2664 in
721 2614 827 2665 doloris
855 2613 1066 2688 significatione
1085 2625 1207 2685 ponunt,
1235 2627 1269 2669 ut
1288 2637 1356 2672 oum

201 2686 307 2738 medici
325 2686 365 2736 sie
383 2684 558 2751 loquuntur,
584 2683 671 2744 πόνος
694 2685 817 2749 αἴσθησίς
842 2681 915 2736 ἔστιν
933 2680 1044 2753 ἀνιαρὰ,
1073 2685 1199 2758 καθάπερ
1223 2689 1241 2756 ἡ
1265 2686 1355 2756 ἡδονὴ

201 2752 335 2827 προςηνὴς
354 2759 495 2820 atroam.-
525 2764 553 2808 et
572 2755 673 2814 πόνους
691 2773 723 2806 ac
742 2753 845 2813 κόπους
874 2755 1024 2811 nominant
1043 2774 1115 2824 quae
1134 2757 1243 2823 dolent,
1268 2769 1355 2830 atque

201 2827 241 2879 ita
260 2838 288 2881 et
308 2827 451 2879 cruciatus
470 2826 653 2896 appellarunt
672 2825 772 2890 Stoici,
791 2835 824 2877 ut
843 2843 907 2877 eum
926 2825 1022 2896 dicere
1047 2821 1214 2880 πόνονεεεο
1232 2829 1357 2900 ἀδιάφο-

200 2917 260 2971 ρον,
280 2899 355 2970 quod
375 2897 491 2967 quidem
511 2898 634 2948 maxime
653 2896 819 2948 Ciceronem
838 2895 960 2948 movisse
979 2895 1107 2966 apparet,
1126 2906 1158 2949 ut
1175 2899 1247 2952 haec
1266 2903 1356 2954 talem

201 2970 235 3022 ad
253 2971 368 3022 modum
388 2969 554 3020 dissereret:
574 2966 646 3018 haec
665 2967 758 3039 igitur
776 2966 833 3018 etsi'
848 2967 887 3017 ita
897 2984 925 3018 se
944 2965 1058 3032 habent,
1078 2977 1174 3021 tamen
1183 2971 1356 3024 vocabulum

200 3044 331 3110 profecto
356 3039 386 3090 id
410 3038 528 3107 proprie
552 3037 697 3157 siqnificat
716 3037 833 3090 Graecis
851 3037 945 3100 πόνος,
974 3040 1049 3106 quod
1072 3039 1182 3091 Latinis
1206 3042 1298 3107 labor,
1327 3050 1356 3095 et

201 3110 236 3162 ad
254 3109 359 3162 doloris
378 3125 491 3159 sensum
510 3109 542 3158 in
561 3108 611 3159 ila
629 3107 772 3159 affinitate
791 3108 1009 3191 significationis
1034 3111 1224 3163 transfertur:
1251 3122 1285 3165 ut
1304 3116 1357 3166 La-

201 3180 259 3231 tini
278 3195 392 3248 quoque
411 3178 540 3230 laborare
559 3178 659 3228 dicunt
677 3195 752 3241 eum,
782 3196 833 3246 qui
859 3180 954 3230 animo
978 3179 1017 3230 sit
1035 3181 1171 3247 sollicito,
1199 3184 1277 3252 quod
1295 3200 1356 3237 mo-

200 3250 312 3302 lestiam
331 3257 410 3302 certe
427 3246 521 3299 habet.
559 3248 660 3316 ltaque
680 3248 822 3300 Homerus
841 3250 923 3300 Iliad.
941 3255 966 3312 β.

365 3318 432 3386 ᾔδεε
450 3314 504 3389 γὰρ
527 3319 596 3372 aava
621 3318 715 3385 θυμόν
733 3314 872 3388 ἀδελφεόν
890 3315 928 3377 οἷς
951 3318 1083 3375 ἐπονεῖτο.

200 3398 230 3443 et
247 3390 330 3443 Iliad.
351 3390 377 3442 d.
960 3424 962 3428 t

364 3460 381 3526 ἢ
402 3459 498 3517 ἐθέλοις
523 3460 601 3513 ἅλιον
619 3464 709 3513 θεῖναι
730 3459 829 3526 πόνον,
855 3457 896 3528 ἠδ
917 3458 1068 3527 ἀτέλεστον,

368 3531 465 3602 ἱδρώθ’
484 3529 519 3583 ὃν
538 3531 644 3600 ἵδρωσα
661 3536 748 3599 μόγῳ.

201 3611 230 3654 et
249 3600 404 3671 Sophocles
429 3603 526 3668 Aiace,

364 3673 450 3733 πόνος
468 3668 545 3738 πόνῳ
571 3673 663 3727 πόνον
679 3673 765 3745 φέρει.

199 3743 233 3795 de
259 3744 400 3796 laboriosa
427 3745 557 3796 molestia
586 3746 792 3814 inquisitionis.
837 3745 875 3797 Et
905 3762 970 3796 cum
998 3746 1053 3797 alia
1083 3746 1213 3799 dolorem
1236 3748 1355 3802 Graecis

200 3815 372 3888 significant,
392 3824 454 3866 tum
473 3817 553 3884 ἄλγος
573 3825 601 3866 ct
621 3817 798 3867 communius
817 3814 954 3884 ἀλγηδών.
991 3817 1073 3870 lliad.
1095 3823 1114 3884 β

363 3885 485 3953 οῖλγήοας
504 3885 646 3956 δ’ἀχρεῖον
668 3886 749 3951 ἰδών,
940 3894 944 3902 “

198 3956 232 4009 de
251 3956 393 4011 Thersita.
415 3989 447 3998 -

252 4061 253 4064 =
340 4028 531 4094 Leodegarius
554 4043 572 4078 ο
591 4029 710 4083 Quercu:

268 4099 366 4151 Ironia
384 4107 434 4151 est.
471 4100 545 4149 Nam
564 4107 592 4150 et
610 4099 685 4151 libro
703 4098 800 4169 primo
819 4098 853 4152 de
863 4099 995 4172 Legibus,
1016 4108 1045 4151 et
1062 4100 1112 4152 lib.
1132 4101 1229 4171 primo
1249 4102 1284 4154 de
1302 4101 1354 4154 Di·

196 4169 354 4230 vinatione,
372 4169 438 4221 vult
457 4169 557 4222 Cicero
576 4170 707 4221 Latinam
725 4171 857 4245 linguam
876 4188 935 4223 esse
954 4171 1143 4240 copiosiorem
1163 4172 1281 4224 Graeca.

338 4239 503 4293 Lambinus.-
1145 4248 1149 4256 ·

268 4311 299 4364 Si
318 4312 452 4380 prudens,
481 4320 510 4364 et
533 4311 625 4363 sciens
651 4311 705 4362 ista
720 4305 882 4382 ‘'scripsisti,
910 4315 946 4365 Μ.
966 4312 1059 4377 Tulli,
1086 4329 1148 4364 rem
1165 4312 1354 4384 philosophia

197 4378 344 4456 indignam
363 4382 469 4446 fecisti,
499 4383 550 4452 qui
569 4399 635 4434 cum
653 4383 750 4449 scires,
777 4383 901 4436 Graecos
927 4382 1006 4436 aliud
1029 4397 1134 4436 nomen
1152 4383 1269 4452 habere,
1294 4403 1353 4456 quo
