<?xml version="1.0" encoding="UTF-8"?>
<!DOCTYPE html PUBLIC "-//W3C//DTD XHTML 1.0 Transitional//EN"
    "http://www.w3.org/TR/xhtml1/DTD/xhtml1-transitional.dtd">
<html xmlns="http://www.w3.org/1999/xhtml" xml:lang="en" lang="en">
 <head>
  <title>
</title>
<meta http-equiv="Content-Type" content="text/html;charset=utf-8" />
  <meta name='ocr-system' content='tesseract 3.04.00' />
  <meta name='ocr-capabilities' content='ocr_page ocr_carea ocr_par ocr_line ocrx_word'/>
</head>
<body>
  <div class='ocr_page' id='page_1' title='image "./mtulliiciceroni02davigoog/mtulliiciceroni02davigoog_0303.png"; bbox 0 0 2856 5084; ppageno 0'>
   <div class='ocr_carea' id='block_1_1' title="bbox 210 232 1009 366">
    <p class='ocr_par' dir='ltr' id='par_1_1' title="bbox 210 232 1009 366">
     <span class='ocr_line' id='line_1_1' title="bbox 210 232 1009 366; baseline 0.003 -33"><span class='ocrx_word' id='word_1_1' title='bbox 210 265 274 333; x_wconf 82' lang='lat' dir='ltr'><strong>aaa</strong></span> <span class='ocrx_word' id='word_1_2' title='bbox 399 321 401 325; x_wconf 95' lang='lat'><strong>.</strong></span> <span class='ocrx_word' id='word_1_3' title='bbox 461 363 462 366; x_wconf 4' lang='grc' dir='ltr'><strong><em>Ν</em></strong></span> <span class='ocrx_word' id='word_1_4' title='bbox 507 290 511 294; x_wconf 69' lang='lat'><em>=</em></span> <span class='ocrx_word' id='word_1_5' title='bbox 561 232 1009 335; x_wconf 79' lang='lat' dir='ltr'><strong>ntomm1amrm11</strong></span> 
     </span>
    </p>
   </div>
   <div class='ocr_carea' id='block_1_2' title="bbox 142 425 1423 1073">
    <p class='ocr_par' dir='ltr' id='par_1_2' title="bbox 151 425 1405 662">
     <span class='ocr_line' id='line_1_2' title="bbox 208 425 1361 510; baseline 0.003 -25"><span class='ocrx_word' id='word_1_6' title='bbox 208 425 346 486; x_wconf 78' lang='lat' dir='ltr'><strong>similiter</strong></span> <span class='ocrx_word' id='word_1_7' title='bbox 366 427 458 485; x_wconf 76' lang='lat' dir='ltr'><strong>neorii</strong></span> <span class='ocrx_word' id='word_1_8' title='bbox 490 430 745 510; x_wconf 76' lang='lat' dir='ltr'><strong>aegrotationesque</strong></span> <span class='ocrx_word' id='word_1_9' title='bbox 769 433 949 501; x_wconf 65' lang='lat' dir='ltr'><strong>catenatam]</strong></span> <span class='ocrx_word' id='word_1_10' title='bbox 992 432 1086 501; x_wconf 86' lang='lat' dir='ltr'><strong>Qualis</strong></span> <span class='ocrx_word' id='word_1_11' title='bbox 1118 431 1190 488; x_wconf 85' lang='lat' dir='ltr'><strong>haec</strong></span> <span class='ocrx_word' id='word_1_12' title='bbox 1218 433 1361 506; x_wconf 85' lang='lat' dir='ltr'><strong>loquendi</strong></span> 
     </span>
     <span class='ocr_line' id='line_1_3' title="bbox 207 499 1405 577; baseline 0.006 -23"><span class='ocrx_word' id='word_1_13' title='bbox 207 509 320 577; x_wconf 79' lang='lat' dir='ltr'><strong>sartago</strong></span> <span class='ocrx_word' id='word_1_14' title='bbox 348 505 407 554; x_wconf 77' lang='lat' dir='ltr'><strong>est?</strong></span> <span class='ocrx_word' id='word_1_15' title='bbox 441 499 637 576; x_wconf 74' lang='lat' dir='ltr'><strong>Similiterque</strong></span> <span class='ocrx_word' id='word_1_16' title='bbox 662 506 752 558; x_wconf 79' lang='lat' dir='ltr'><strong>ceteri</strong></span> <span class='ocrx_word' id='word_1_17' title='bbox 776 507 867 560; x_wconf 78' lang='lat' dir='ltr'><strong>neorii</strong></span> <span class='ocrx_word' id='word_1_18' title='bbox 885 533 919 544; x_wconf 90' lang='lat'><em>-</em></span> <span class='ocrx_word' id='word_1_19' title='bbox 937 507 1073 575; x_wconf 83' lang='lat' dir='ltr'><strong>ceterique</strong></span> <span class='ocrx_word' id='word_1_20' title='bbox 1097 505 1232 559; x_wconf 83' lang='lat' dir='ltr'><strong>similiter</strong></span> <span class='ocrx_word' id='word_1_21' title='bbox 1258 506 1364 561; x_wconf 76' lang='lat' dir='ltr'><strong>morbi.</strong></span> <span class='ocrx_word' id='word_1_22' title='bbox 1402 532 1405 537; x_wconf 25' lang='grc' dir='ltr'><strong>Δ</strong></span> 
     </span>
     <span class='ocr_line' id='line_1_4' title="bbox 151 571 1364 662; baseline 0.007 -39"><span class='ocrx_word' id='word_1_23' title='bbox 151 599 154 602; x_wconf 51' lang='grc'><strong>&lt;</strong></span> <span class='ocrx_word' id='word_1_24' title='bbox 208 573 275 641; x_wconf 83' lang='lat' dir='ltr'><strong>Quis</strong></span> <span class='ocrx_word' id='word_1_25' title='bbox 299 571 445 643; x_wconf 82' lang='lat' dir='ltr'>patienter</span> <span class='ocrx_word' id='word_1_26' title='bbox 471 575 576 628; x_wconf 88' lang='lat' dir='ltr'><strong>tulerit</strong></span> <span class='ocrx_word' id='word_1_27' title='bbox 600 584 660 629; x_wconf 82' lang='lat' dir='ltr'><strong>tam</strong></span> <span class='ocrx_word' id='word_1_28' title='bbox 686 576 824 650; x_wconf 73' lang='lat' dir='ltr'><strong>frigidam</strong></span> <span class='ocrx_word' id='word_1_29' title='bbox 851 577 1052 630; x_wconf 79' lang='lat' dir='ltr'><strong>iterationem?</strong></span> <span class='ocrx_word' id='word_1_30' title='bbox 1087 577 1181 662; x_wconf 70' lang='lat' dir='ltr'><strong>Lege,</strong></span> <span class='ocrx_word' id='word_1_31' title='bbox 1213 577 1290 631; x_wconf 90' lang='lat' dir='ltr'><strong>haud</strong></span> <span class='ocrx_word' id='word_1_32' title='bbox 1319 579 1364 632; x_wconf 84' lang='lat' dir='ltr'><strong>ita</strong></span> 
     </span>
    </p>

    <p class='ocr_par' dir='ltr' id='par_1_3' title="bbox 208 644 1423 792">
     <span class='ocr_line' id='line_1_5' title="bbox 208 644 1364 726; baseline 0.004 -30"><span class='ocrx_word' id='word_1_33' title='bbox 208 661 312 718; x_wconf 80' lang='lat' dir='ltr'><strong>magna</strong></span> <span class='ocrx_word' id='word_1_34' title='bbox 338 644 511 707; x_wconf 74' lang='lat' dir='ltr'><strong>mutatione:</strong></span> <span class='ocrx_word' id='word_1_35' title='bbox 545 647 670 712; x_wconf 87' lang='lat' dir='ltr'><strong>ceteri,</strong></span> <span class='ocrx_word' id='word_1_36' title='bbox 701 649 859 717; x_wconf 81' lang='lat' dir='ltr'><strong>inquam,</strong></span> <span class='ocrx_word' id='word_1_37' title='bbox 886 646 1021 701; x_wconf 81' lang='lat' dir='ltr'><strong>similiter</strong></span> <span class='ocrx_word' id='word_1_38' title='bbox 1044 648 1144 726; x_wconf 72' lang='lat' dir='ltr'><strong>marps.</strong></span> <span class='ocrx_word' id='word_1_39' title='bbox 1187 647 1232 700; x_wconf 90' lang='lat' dir='ltr'><strong>lta</strong></span> <span class='ocrx_word' id='word_1_40' title='bbox 1253 648 1364 718; x_wconf 86' lang='lat' dir='ltr'><strong>passim</strong></span> 
     </span>
     <span class='ocr_line' id='line_1_6' title="bbox 208 715 1423 792; baseline 0.003 -24"><span class='ocrx_word' id='word_1_41' title='bbox 208 716 282 770; x_wconf 80' lang='lat' dir='ltr'><strong>solet</strong></span> <span class='ocrx_word' id='word_1_42' title='bbox 300 715 411 779; x_wconf 85' lang='lat' dir='ltr'><strong>Cicero,</strong></span> <span class='ocrx_word' id='word_1_43' title='bbox 429 716 479 769; x_wconf 88' lang='lat' dir='ltr'><strong>ubi</strong></span> <span class='ocrx_word' id='word_1_44' title='bbox 496 717 582 770; x_wconf 80' lang='lat' dir='ltr'><strong>verba</strong></span> <span class='ocrx_word' id='word_1_45' title='bbox 600 718 681 788; x_wconf 91' lang='lat' dir='ltr'><strong>prius</strong></span> <span class='ocrx_word' id='word_1_46' title='bbox 700 719 786 783; x_wconf 90' lang='lat' dir='ltr'><strong>dicta,</strong></span> <span class='ocrx_word' id='word_1_47' title='bbox 805 718 967 772; x_wconf 87' lang='lat' dir='ltr'><strong>interiectis</strong></span> <span class='ocrx_word' id='word_1_48' title='bbox 986 718 1060 784; x_wconf 84' lang='lat' dir='ltr'><strong>aliis,</strong></span> <span class='ocrx_word' id='word_1_49' title='bbox 1080 726 1213 789; x_wconf 80' lang='lat' dir='ltr'><strong>repetere</strong></span> <span class='ocrx_word' id='word_1_50' title='bbox 1231 721 1360 792; x_wconf 77' lang='lat' dir='ltr'><strong>cogitur.</strong></span> <span class='ocrx_word' id='word_1_51' title='bbox 1420 725 1423 728; x_wconf 82' lang='grc'><strong>’</strong></span> 
     </span>
    </p>

    <p class='ocr_par' dir='ltr' id='par_1_4' title="bbox 142 786 1364 1073">
     <span class='ocr_line' id='line_1_7' title="bbox 281 786 1364 859; baseline 0.003 -19"><span class='ocrx_word' id='word_1_52' title='bbox 281 786 353 840; x_wconf 83' lang='lat' dir='ltr'><strong>thid.</strong></span> <span class='ocrx_word' id='word_1_53' title='bbox 390 786 466 842; x_wconf 86' lang='lat' dir='ltr'><strong>Quae</strong></span> <span class='ocrx_word' id='word_1_54' title='bbox 483 794 575 842; x_wconf 82' lang='lat' dir='ltr'><strong>autem</strong></span> <span class='ocrx_word' id='word_1_55' title='bbox 600 793 663 842; x_wconf 83' lang='lat' dir='ltr'><strong>sant</strong></span> <span class='ocrx_word' id='word_1_56' title='bbox 688 787 734 842; x_wconf 80' lang='lat' dir='ltr'><strong>leia</strong></span> <span class='ocrx_word' id='word_1_57' title='bbox 755 790 908 853; x_wconf 85' lang='lat' dir='ltr'><strong>contraria,</strong></span> <span class='ocrx_word' id='word_1_58' title='bbox 933 805 967 842; x_wconf 87' lang='lat' dir='ltr'><strong>ea</strong></span> <span class='ocrx_word' id='word_1_59' title='bbox 985 789 1065 843; x_wconf 79' lang='lat' dir='ltr'><strong>nasci</strong></span> <span class='ocrx_word' id='word_1_60' title='bbox 1085 794 1222 859; x_wconf 84' lang='lat' dir='ltr'><strong>putantur</strong></span> <span class='ocrx_word' id='word_1_61' title='bbox 1239 807 1256 843; x_wconf 94' lang='lat' dir='ltr'><strong>a</strong></span> <span class='ocrx_word' id='word_1_62' title='bbox 1274 797 1364 843; x_wconf 73' lang='lat' dir='ltr'><strong>metae</strong></span> 
     </span>
     <span class='ocr_line' id='line_1_8' title="bbox 209 855 1364 930; baseline 0.005 -22"><span class='ocrx_word' id='word_1_63' title='bbox 209 862 241 910; x_wconf 86' lang='lat' dir='ltr'><strong>ut</strong></span> <span class='ocrx_word' id='word_1_64' title='bbox 259 856 355 911; x_wconf 84' lang='lat' dir='ltr'><strong>odium</strong></span> <span class='ocrx_word' id='word_1_65' title='bbox 373 857 530 925; x_wconf 75' lang='lat' dir='ltr'><strong>mulierum,</strong></span> <span class='ocrx_word' id='word_1_66' title='bbox 549 861 628 928; x_wconf 82' lang='lat' dir='ltr'><strong>quale</strong></span> <span class='ocrx_word' id='word_1_67' title='bbox 646 859 676 912; x_wconf 89' lang='lat' dir='ltr'><strong>in</strong></span> <span class='ocrx_word' id='word_1_68' title='bbox 692 855 837 930; x_wconf 80' lang='grc' dir='ltr'>μισογύνφ</span> <span class='ocrx_word' id='word_1_69' title='bbox 855 859 958 915; x_wconf 77' lang='lat' dir='ltr'><strong>Attitii</strong></span> <span class='ocrx_word' id='word_1_70' title='bbox 976 866 1031 926; x_wconf 70' lang='lat' dir='ltr'><strong>eat,</strong></span> <span class='ocrx_word' id='word_1_71' title='bbox 1050 867 1082 914; x_wconf 86' lang='lat' dir='ltr'><strong>ut</strong></span> <span class='ocrx_word' id='word_1_72' title='bbox 1099 863 1131 914; x_wconf 84' lang='lat' dir='ltr'><strong>in</strong></span> <span class='ocrx_word' id='word_1_73' title='bbox 1142 859 1282 914; x_wconf 72' lang='lat' dir='ltr'><strong>hominum</strong></span> <span class='ocrx_word' id='word_1_74' title='bbox 1298 863 1364 915; x_wconf 84' lang='lat' dir='ltr'><strong>ani·</strong></span> 
     </span>
     <span class='ocr_line' id='line_1_9' title="bbox 142 926 1364 1000; baseline 0.004 -19"><span class='ocrx_word' id='word_1_75' title='bbox 142 964 146 971; x_wconf 80' lang='lat'>·</span> <span class='ocrx_word' id='word_1_76' title='bbox 209 944 319 984; x_wconf 72' lang='lat' dir='ltr'><strong>uncam</strong></span> <span class='ocrx_word' id='word_1_77' title='bbox 336 944 435 997; x_wconf 85' lang='lat' dir='ltr'><strong>genna,</strong></span> <span class='ocrx_word' id='word_1_78' title='bbox 459 933 533 999; x_wconf 75' lang='lat' dir='ltr'><strong>qaod</strong></span> <span class='ocrx_word' id='word_1_79' title='bbox 555 932 712 1000; x_wconf 82' lang='lat' dir='ltr'><strong>accepimus</strong></span> <span class='ocrx_word' id='word_1_80' title='bbox 735 932 770 985; x_wconf 82' lang='lat' dir='ltr'><strong>de</strong></span> <span class='ocrx_word' id='word_1_81' title='bbox 790 931 914 996; x_wconf 85' lang='lat' dir='ltr'><strong>Timone,</strong></span> <span class='ocrx_word' id='word_1_82' title='bbox 939 930 989 1000; x_wconf 80' lang='lat' dir='ltr'><strong>qai</strong></span> <span class='ocrx_word' id='word_1_83' title='bbox 1009 926 1212 998; x_wconf 74' lang='grc' dir='ltr'><strong><em>μισάνθρωπος</em></strong></span> <span class='ocrx_word' id='word_1_84' title='bbox 1224 928 1364 1000; x_wconf 75' lang='lat' dir='ltr'><strong>&#39;appelta-</strong></span> 
     </span>
     <span class='ocr_line' id='line_1_10' title="bbox 187 998 1363 1073; baseline 0.003 -21"><span class='ocrx_word' id='word_1_85' title='bbox 187 998 279 1066; x_wconf 72' lang='lat' dir='ltr'><strong>‘tan</strong></span> <span class='ocrx_word' id='word_1_86' title='bbox 315 1001 429 1054; x_wconf 78' lang='lat' dir='ltr'>Primus</span> <span class='ocrx_word' id='word_1_87' title='bbox 446 1009 480 1054; x_wconf 89' lang='lat' dir='ltr'><strong>tu</strong></span> <span class='ocrx_word' id='word_1_88' title='bbox 497 1002 573 1055; x_wconf 88' lang='lat' dir='ltr'><strong>illud</strong></span> <span class='ocrx_word' id='word_1_89' title='bbox 590 1001 693 1056; x_wconf 70' lang='lat' dir='ltr'><strong>natatis·</strong></span> <span class='ocrx_word' id='word_1_90' title='bbox 711 1001 872 1056; x_wconf 86' lang='lat' dir='ltr'><strong>intextum</strong></span> <span class='ocrx_word' id='word_1_91' title='bbox 890 1002 1037 1073; x_wconf 83' lang='lat' dir='ltr'><strong>recepisti,</strong></span> <span class='ocrx_word' id='word_1_92' title='bbox 1055 1010 1155 1073; x_wconf 84' lang='lat' dir='ltr'><strong>utpote</strong></span> <span class='ocrx_word' id='word_1_93' title='bbox 1168 1020 1254 1073; x_wconf 87' lang='lat' dir='ltr'><strong>quam</strong></span> <span class='ocrx_word' id='word_1_94' title='bbox 1268 1005 1363 1073; x_wconf 87' lang='lat' dir='ltr'><strong>ipsam</strong></span> 
     </span>
    </p>
   </div>
   <div class='ocr_carea' id='block_1_3' title="bbox 110 1070 1363 1143">
    <p class='ocr_par' dir='ltr' id='par_1_5' title="bbox 110 1070 1363 1143">
     <span class='ocr_line' id='line_1_11' title="bbox 110 1070 1363 1143; baseline 0.002 -20"><span class='ocrx_word' id='word_1_95' title='bbox 110 1081 114 1086; x_wconf 75' lang='grc'><em>’</em></span> <span class='ocrx_word' id='word_1_96' title='bbox 209 1070 358 1126; x_wconf 79' lang='lat' dir='ltr'><strong>Ciceronis</strong></span> <span class='ocrx_word' id='word_1_97' title='bbox 375 1089 491 1125; x_wconf 77' lang='lat' dir='ltr'><strong>inanum</strong></span> <span class='ocrx_word' id='word_1_98' title='bbox 510 1090 568 1126; x_wconf 85' lang='lat' dir='ltr'><strong>esse</strong></span> <span class='ocrx_word' id='word_1_99' title='bbox 592 1073 739 1126; x_wconf 87' lang='lat' dir='ltr'><strong>neminem</strong></span> <span class='ocrx_word' id='word_1_100' title='bbox 756 1073 955 1139; x_wconf 68' lang='lat' dir='ltr'><strong>dubitaturum</strong></span> <span class='ocrx_word' id='word_1_101' title='bbox 978 1089 1038 1127; x_wconf 86' lang='lat' dir='ltr'><strong>esse</strong></span> <span class='ocrx_word' id='word_1_102' title='bbox 1062 1091 1169 1127; x_wconf 82' lang='lat' dir='ltr'><strong>censes.</strong></span> <span class='ocrx_word' id='word_1_103' title='bbox 1205 1073 1280 1127; x_wconf 88' lang='lat' dir='ltr'><strong>Sane</strong></span> <span class='ocrx_word' id='word_1_104' title='bbox 1307 1089 1363 1143; x_wconf 87' lang='lat' dir='ltr'><strong>pro</strong></span> 
     </span>
    </p>
   </div>
   <div class='ocr_carea' id='block_1_4' title="bbox 203 1143 1408 3060">
    <p class='ocr_par' dir='ltr' id='par_1_6' title="bbox 203 1143 1408 3060">
     <span class='ocr_line' id='line_1_12' title="bbox 207 1143 1364 1216; baseline 0.002 -21"><span class='ocrx_word' id='word_1_105' title='bbox 207 1143 357 1211; x_wconf 77' lang='lat' dir='ltr'><strong>verissima</strong></span> <span class='ocrx_word' id='word_1_106' title='bbox 374 1144 590 1216; x_wconf 85' lang='lat' dir='ltr'><strong>amplectuntur</strong></span> <span class='ocrx_word' id='word_1_107' title='bbox 608 1144 770 1211; x_wconf 78' lang='lat' dir='ltr'><strong>Latnbinue,</strong></span> <span class='ocrx_word' id='word_1_108' title='bbox 795 1146 940 1198; x_wconf 84' lang='lat' dir='ltr'><strong>Mercerus</strong></span> <span class='ocrx_word' id='word_1_109' title='bbox 963 1143 998 1197; x_wconf 91' lang='lat' dir='ltr'><strong>ad</strong></span> <span class='ocrx_word' id='word_1_110' title='bbox 1015 1145 1153 1212; x_wconf 88' lang='lat' dir='ltr'><strong>Nonium,</strong></span> <span class='ocrx_word' id='word_1_111' title='bbox 1180 1150 1209 1197; x_wconf 84' lang='lat' dir='ltr'><strong>et</strong></span> <span class='ocrx_word' id='word_1_112' title='bbox 1232 1144 1364 1198; x_wconf 85' lang='lat' dir='ltr'><strong>Gebhar-</strong></span> 
     </span>
     <span class='ocr_line' id='line_1_13' title="bbox 208 1214 1365 1285; baseline 0.001 -18"><span class='ocrx_word' id='word_1_113' title='bbox 208 1214 271 1280; x_wconf 90' lang='lat' dir='ltr'><strong>dus,</strong></span> <span class='ocrx_word' id='word_1_114' title='bbox 297 1222 335 1280; x_wconf 92' lang='lat' dir='ltr'><strong>et,</strong></span> <span class='ocrx_word' id='word_1_115' title='bbox 360 1221 394 1266; x_wconf 92' lang='lat' dir='ltr'><strong>ut</strong></span> <span class='ocrx_word' id='word_1_116' title='bbox 412 1216 524 1285; x_wconf 84' lang='lat' dir='ltr'><strong>opinor,</strong></span> <span class='ocrx_word' id='word_1_117' title='bbox 548 1216 601 1269; x_wconf 87' lang='lat' dir='ltr'><strong>alii</strong></span> <span class='ocrx_word' id='word_1_118' title='bbox 618 1216 767 1285; x_wconf 82' lang='lat' dir='ltr'><strong>plerique:</strong></span> <span class='ocrx_word' id='word_1_119' title='bbox 793 1216 893 1268; x_wconf 80' lang='lat' dir='ltr'><strong>favent</strong></span> <span class='ocrx_word' id='word_1_120' title='bbox 917 1215 996 1269; x_wconf 88' lang='lat' dir='ltr'><strong>enim</strong></span> <span class='ocrx_word' id='word_1_121' title='bbox 1013 1216 1133 1282; x_wconf 88' lang='lat' dir='ltr'><strong>codices,</strong></span> <span class='ocrx_word' id='word_1_122' title='bbox 1156 1215 1208 1284; x_wconf 92' lang='lat' dir='ltr'><strong>qui</strong></span> <span class='ocrx_word' id='word_1_123' title='bbox 1225 1215 1257 1268; x_wconf 89' lang='lat' dir='ltr'><strong>in</strong></span> <span class='ocrx_word' id='word_1_124' title='bbox 1274 1217 1365 1270; x_wconf 81' lang='lat' dir='ltr'><strong>micea</strong></span> 
     </span>
     <span class='ocr_line' id='line_1_14' title="bbox 207 1283 1364 1356; baseline -0.002 -17"><span class='ocrx_word' id='word_1_125' title='bbox 207 1299 282 1351; x_wconf 79' lang='lat' dir='ltr'><strong>gano</strong></span> <span class='ocrx_word' id='word_1_126' title='bbox 301 1283 370 1340; x_wconf 83' lang='lat' dir='ltr'><strong>atili</strong></span> <span class='ocrx_word' id='word_1_127' title='bbox 392 1293 432 1339; x_wconf 79' lang='lat' dir='ltr'><strong>eat</strong></span> <span class='ocrx_word' id='word_1_128' title='bbox 457 1288 520 1340; x_wconf 86' lang='lat' dir='ltr'><strong>fere</strong></span> <span class='ocrx_word' id='word_1_129' title='bbox 546 1286 690 1340; x_wconf 81' lang='lat' dir='ltr'><strong>exhibent.</strong></span> <span class='ocrx_word' id='word_1_130' title='bbox 729 1285 786 1340; x_wconf 89' lang='lat' dir='ltr'><strong>Sed</strong></span> <span class='ocrx_word' id='word_1_131' title='bbox 810 1303 879 1356; x_wconf 91' lang='lat' dir='ltr'><strong>pace</strong></span> <span class='ocrx_word' id='word_1_132' title='bbox 901 1295 998 1340; x_wconf 80' lang='lat' dir='ltr'><strong>restra</strong></span> <span class='ocrx_word' id='word_1_133' title='bbox 1021 1285 1110 1340; x_wconf 89' lang='lat' dir='ltr'><strong>liceat</strong></span> <span class='ocrx_word' id='word_1_134' title='bbox 1137 1285 1212 1338; x_wconf 87' lang='lat' dir='ltr'><strong>mihi</strong></span> <span class='ocrx_word' id='word_1_135' title='bbox 1237 1286 1364 1339; x_wconf 91' lang='lat' dir='ltr'><strong>lectioni</strong></span> 
     </span>
     <span class='ocr_line' id='line_1_15' title="bbox 208 1355 1365 1426; baseline 0.001 -18"><span class='ocrx_word' id='word_1_136' title='bbox 208 1355 279 1409; x_wconf 81' lang='lat' dir='ltr'><strong>huic</strong></span> <span class='ocrx_word' id='word_1_137' title='bbox 297 1357 522 1410; x_wconf 85' lang='lat' dir='ltr'><strong>controversiam</strong></span> <span class='ocrx_word' id='word_1_138' title='bbox 538 1373 665 1414; x_wconf 87' lang='lat' dir='ltr'><strong>movere.</strong></span> <span class='ocrx_word' id='word_1_139' title='bbox 701 1358 807 1422; x_wconf 89' lang='lat' dir='ltr'><strong>Primo,</strong></span> <span class='ocrx_word' id='word_1_140' title='bbox 833 1362 878 1423; x_wconf 79' lang='grc' dir='ltr'><strong>τῆς</strong></span> <span class='ocrx_word' id='word_1_141' title='bbox 898 1359 1075 1425; x_wconf 74' lang='grc' dir='ltr'><strong><em>μισογυνείας</em></strong></span> <span class='ocrx_word' id='word_1_142' title='bbox 1099 1356 1264 1426; x_wconf 87' lang='lat' dir='ltr'><strong>exemplum</strong></span> <span class='ocrx_word' id='word_1_143' title='bbox 1290 1357 1365 1426; x_wconf 90' lang='lat' dir='ltr'><strong>poni</strong></span> 
     </span>
     <span class='ocr_line' id='line_1_16' title="bbox 207 1425 1363 1499; baseline 0.001 -20"><span class='ocrx_word' id='word_1_144' title='bbox 207 1425 258 1480; x_wconf 82' lang='lat' dir='ltr'><strong>liic</strong></span> <span class='ocrx_word' id='word_1_145' title='bbox 275 1425 463 1496; x_wconf 77' lang='lat' dir='ltr'><strong>Hippolytum,</strong></span> <span class='ocrx_word' id='word_1_146' title='bbox 491 1435 525 1479; x_wconf 94' lang='lat' dir='ltr'><strong>ut</strong></span> <span class='ocrx_word' id='word_1_147' title='bbox 547 1433 594 1496; x_wconf 72' lang='grc' dir='ltr'><strong>τῆς</strong></span> <span class='ocrx_word' id='word_1_148' title='bbox 610 1430 826 1499; x_wconf 75' lang='grc' dir='ltr'><strong>μισανθρωπίας</strong></span> <span class='ocrx_word' id='word_1_149' title='bbox 846 1427 997 1490; x_wconf 80' lang='lat' dir='ltr'><strong>Timonem,</strong></span> <span class='ocrx_word' id='word_1_150' title='bbox 1020 1428 1106 1499; x_wconf 89' lang='lat' dir='ltr'><strong>plane</strong></span> <span class='ocrx_word' id='word_1_151' title='bbox 1151 1443 1184 1480; x_wconf 90' lang='lat' dir='ltr'><strong>ro</strong></span> <span class='ocrx_word' id='word_1_152' title='bbox 1211 1436 1363 1496; x_wconf 82' lang='lat' dir='ltr'><strong>comperto</strong></span> 
     </span>
     <span class='ocr_line' id='line_1_17' title="bbox 206 1444 1365 1573; baseline 0 -23"><span class='ocrx_word' id='word_1_153' title='bbox 206 1495 311 1552; x_wconf 76' lang='lat' dir='ltr'><strong>hibeo:</strong></span> <span class='ocrx_word' id='word_1_154' title='bbox 339 1497 426 1565; x_wconf 88' lang='lat' dir='ltr'><strong>idque</strong></span> <span class='ocrx_word' id='word_1_155' title='bbox 444 1497 550 1573; x_wconf 85' lang='lat' dir='ltr'><strong>colligo</strong></span> <span class='ocrx_word' id='word_1_156' title='bbox 575 1515 611 1552; x_wconf 78' lang='lat' dir='ltr'><strong>ex</strong></span> <span class='ocrx_word' id='word_1_157' title='bbox 629 1500 691 1569; x_wconf 85' lang='lat' dir='ltr'><strong>ipso</strong></span> <span class='ocrx_word' id='word_1_158' title='bbox 709 1498 863 1564; x_wconf 78' lang='lat' dir='ltr'><strong>Cicerone,</strong></span> <span class='ocrx_word' id='word_1_159' title='bbox 878 1500 938 1568; x_wconf 53' lang='lat' dir='ltr'><strong>¹qui</strong></span> <span class='ocrx_word' id='word_1_160' title='bbox 956 1515 1024 1551; x_wconf 76' lang='lat' dir='ltr'><strong>mox</strong></span> <span class='ocrx_word' id='word_1_161' title='bbox 1047 1498 1118 1552; x_wconf 87' lang='lat' dir='ltr'><strong>haec</strong></span> <span class='ocrx_word' id='word_1_162' title='bbox 1129 1444 1253 1551; x_wconf 61' lang='lat' dir='ltr'><strong>iremus</strong></span> <span class='ocrx_word' id='word_1_163' title='bbox 1273 1499 1365 1552; x_wconf 87' lang='lat' dir='ltr'><strong>attin-</strong></span> 
     </span>
     <span class='ocr_line' id='line_1_18' title="bbox 203 1567 1363 1643; baseline 0.001 -22"><span class='ocrx_word' id='word_1_164' title='bbox 203 1586 288 1643; x_wconf 75' lang='lat' dir='ltr'><strong>gens,</strong></span> <span class='ocrx_word' id='word_1_165' title='bbox 304 1567 503 1638; x_wconf 77' lang='lat' dir='ltr'><strong>Similiterque,</strong></span> <span class='ocrx_word' id='word_1_166' title='bbox 523 1570 574 1632; x_wconf 89' lang='lat' dir='ltr'><strong>ait,</strong></span> <span class='ocrx_word' id='word_1_167' title='bbox 588 1568 726 1635; x_wconf 76' lang='lat' dir='ltr'><strong>definitur</strong></span> <span class='ocrx_word' id='word_1_168' title='bbox 743 1575 771 1623; x_wconf 86' lang='lat' dir='ltr'><strong>et</strong></span> <span class='ocrx_word' id='word_1_169' title='bbox 788 1569 938 1624; x_wconf 84' lang='lat' dir='ltr'><strong>mulierum</strong></span> <span class='ocrx_word' id='word_1_170' title='bbox 956 1569 1064 1636; x_wconf 85' lang='lat' dir='ltr'><strong>odiam,</strong></span> <span class='ocrx_word' id='word_1_171' title='bbox 1082 1576 1113 1623; x_wconf 89' lang='lat' dir='ltr'><strong>at</strong></span> <span class='ocrx_word' id='word_1_172' title='bbox 1131 1568 1298 1639; x_wconf 84' lang='lat' dir='ltr'><strong>Hippolyti,</strong></span> <span class='ocrx_word' id='word_1_173' title='bbox 1325 1575 1363 1635; x_wconf 88' lang='lat' dir='ltr'><strong>et,</strong></span> 
     </span>
     <span class='ocr_line' id='line_1_19' title="bbox 206 1638 1363 1711; baseline 0 -17"><span class='ocrx_word' id='word_1_174' title='bbox 206 1646 238 1694; x_wconf 83' lang='lat' dir='ltr'><strong>at</strong></span> <span class='ocrx_word' id='word_1_175' title='bbox 255 1639 397 1707; x_wconf 88' lang='lat' dir='ltr'><strong>Timonis,</strong></span> <span class='ocrx_word' id='word_1_176' title='bbox 422 1639 539 1709; x_wconf 80' lang='lat' dir='ltr'><strong>generis</strong></span> <span class='ocrx_word' id='word_1_177' title='bbox 555 1638 677 1694; x_wconf 78' lang='lat' dir='ltr'><strong>lamani.</strong></span> <span class='ocrx_word' id='word_1_178' title='bbox 714 1642 789 1694; x_wconf 88' lang='lat' dir='ltr'><strong>Nam</strong></span> <span class='ocrx_word' id='word_1_179' title='bbox 807 1641 839 1692; x_wconf 86' lang='lat' dir='ltr'><strong>in</strong></span> <span class='ocrx_word' id='word_1_180' title='bbox 856 1649 982 1711; x_wconf 89' lang='lat' dir='ltr'><strong>utroque</strong></span> <span class='ocrx_word' id='word_1_181' title='bbox 1000 1640 1064 1693; x_wconf 92' lang='lat' dir='ltr'><strong>loco</strong></span> <span class='ocrx_word' id='word_1_182' title='bbox 1089 1640 1193 1693; x_wconf 90' lang='lat' dir='ltr'><strong>iisdem</strong></span> <span class='ocrx_word' id='word_1_183' title='bbox 1217 1640 1363 1710; x_wconf 81' lang='lat' dir='ltr'><strong>exemplis</strong></span> 
     </span>
     <span class='ocr_line' id='line_1_20' title="bbox 206 1711 1373 1778; baseline 0 -14"><span class='ocrx_word' id='word_1_184' title='bbox 206 1728 291 1764; x_wconf 86' lang='lat' dir='ltr'><strong>usum</strong></span> <span class='ocrx_word' id='word_1_185' title='bbox 310 1728 368 1764; x_wconf 87' lang='lat' dir='ltr'><strong>esse</strong></span> <span class='ocrx_word' id='word_1_186' title='bbox 382 1712 447 1765; x_wconf 82' lang='lat' dir='ltr'><strong>reri</strong></span> <span class='ocrx_word' id='word_1_187' title='bbox 465 1711 651 1764; x_wconf 86' lang='lat' dir='ltr'><strong>simillimum</strong></span> <span class='ocrx_word' id='word_1_188' title='bbox 669 1719 721 1778; x_wconf 88' lang='lat' dir='ltr'><strong>est,</strong></span> <span class='ocrx_word' id='word_1_189' title='bbox 738 1730 776 1765; x_wconf 93' lang='lat' dir='ltr'><strong>ne</strong></span> <span class='ocrx_word' id='word_1_190' title='bbox 793 1711 886 1766; x_wconf 87' lang='lat' dir='ltr'><strong>dicam</strong></span> <span class='ocrx_word' id='word_1_191' title='bbox 904 1711 1108 1765; x_wconf 84' lang='lat' dir='ltr'><strong>certissimum.</strong></span> <span class='ocrx_word' id='word_1_192' title='bbox 1146 1711 1194 1766; x_wconf 90' lang='lat' dir='ltr'><strong>Sic</strong></span> <span class='ocrx_word' id='word_1_193' title='bbox 1212 1711 1297 1763; x_wconf 87' lang='lat' dir='ltr'><strong>Tusc.</strong></span> <span class='ocrx_word' id='word_1_194' title='bbox 1317 1711 1373 1775; x_wconf 71' lang='lat' dir='ltr'><strong>lt,</strong></span> 
     </span>
     <span class='ocr_line' id='line_1_21' title="bbox 209 1779 1364 1858; baseline -0.004 -19"><span class='ocrx_word' id='word_1_195' title='bbox 209 1785 252 1839; x_wconf 79' lang='lat'><strong>1³.</strong></span> <span class='ocrx_word' id='word_1_196' title='bbox 290 1781 362 1835; x_wconf 86' lang='lat' dir='ltr'><strong>Nam</strong></span> <span class='ocrx_word' id='word_1_197' title='bbox 386 1779 506 1835; x_wconf 72' lang='lat' dir='ltr'><strong>hamana</strong></span> <span class='ocrx_word' id='word_1_198' title='bbox 529 1788 745 1858; x_wconf 63' lang='lat' dir='ltr'><strong>contemnentur</strong></span> <span class='ocrx_word' id='word_1_199' title='bbox 763 1788 843 1851; x_wconf 81' lang='lat' dir='ltr'><strong>potes</strong></span> <span class='ocrx_word' id='word_1_200' title='bbox 864 1782 959 1837; x_wconf 83' lang='lat' dir='ltr'><strong>dicere</strong></span> <span class='ocrx_word' id='word_1_201' title='bbox 981 1780 1170 1836; x_wconf 67' lang='lat' dir='ltr'><strong>Prometheum</strong></span> <span class='ocrx_word' id='word_1_202' title='bbox 1194 1785 1242 1835; x_wconf 85' lang='lat' dir='ltr'><strong>ant</strong></span> <span class='ocrx_word' id='word_1_203' title='bbox 1264 1780 1364 1835; x_wconf 76' lang='lat' dir='ltr'><strong>Petta-</strong></span> 
     </span>
     <span class='ocr_line' id='line_1_22' title="bbox 205 1851 1363 1928; baseline 0.001 -22"><span class='ocrx_word' id='word_1_204' title='bbox 205 1857 309 1907; x_wconf 84' lang='lat' dir='ltr'><strong>ctetam</strong></span> <span class='ocrx_word' id='word_1_205' title='bbox 325 1851 429 1906; x_wconf 72' lang='lat' dir='ltr'><strong>illam?</strong></span> <span class='ocrx_word' id='word_1_206' title='bbox 464 1854 577 1924; x_wconf 83' lang='lat' dir='ltr'><strong>Nempe</strong></span> <span class='ocrx_word' id='word_1_207' title='bbox 594 1854 629 1907; x_wconf 85' lang='lat' dir='ltr'><strong>de</strong></span> <span class='ocrx_word' id='word_1_208' title='bbox 647 1854 700 1907; x_wconf 90' lang='lat' dir='ltr'><strong>illo</strong></span> <span class='ocrx_word' id='word_1_209' title='bbox 719 1853 802 1924; x_wconf 83' lang='lat' dir='ltr'><strong>prius</strong></span> <span class='ocrx_word' id='word_1_210' title='bbox 819 1863 920 1928; x_wconf 81' lang='lat' dir='ltr'><strong>egerat</strong></span> <span class='ocrx_word' id='word_1_211' title='bbox 937 1854 968 1910; x_wconf 79' lang='lat' dir='ltr'><strong>G.</strong></span> <span class='ocrx_word' id='word_1_212' title='bbox 987 1857 1014 1920; x_wconf 82' lang='grc'><strong>9,</strong></span> <span class='ocrx_word' id='word_1_213' title='bbox 1033 1854 1068 1907; x_wconf 88' lang='lat' dir='ltr'><strong>de</strong></span> <span class='ocrx_word' id='word_1_214' title='bbox 1085 1852 1142 1906; x_wconf 87' lang='lat' dir='ltr'><strong>hoc</strong></span> <span class='ocrx_word' id='word_1_215' title='bbox 1160 1868 1185 1906; x_wconf 88' lang='lat' dir='ltr'><strong>c.</strong></span> <span class='ocrx_word' id='word_1_216' title='bbox 1205 1856 1231 1907; x_wconf 83' lang='lat' dir='ltr'><strong>t.</strong></span> <span class='ocrx_word' id='word_1_217' title='bbox 1268 1854 1313 1907; x_wconf 90' lang='lat' dir='ltr'><strong>Ita</strong></span> <span class='ocrx_word' id='word_1_218' title='bbox 1332 1860 1363 1907; x_wconf 88' lang='lat' dir='ltr'><strong>et</strong></span> 
     </span>
     <span class='ocr_line' id='line_1_23' title="bbox 206 1922 1363 2000; baseline 0.001 -23"><span class='ocrx_word' id='word_1_219' title='bbox 206 1924 293 1982; x_wconf 82' lang='lat' dir='ltr'><strong>Tusa.</strong></span> <span class='ocrx_word' id='word_1_220' title='bbox 309 1922 365 1989; x_wconf 86' lang='lat'><strong>111,</strong></span> <span class='ocrx_word' id='word_1_221' title='bbox 384 1926 429 1980; x_wconf 77' lang='lat'><strong>24.</strong></span> <span class='ocrx_word' id='word_1_222' title='bbox 455 1924 629 1991; x_wconf 83' lang='lat' dir='ltr'><strong>Telamonis,</strong></span> <span class='ocrx_word' id='word_1_223' title='bbox 655 1924 771 1991; x_wconf 86' lang='lat' dir='ltr'><strong>Thesei,</strong></span> <span class='ocrx_word' id='word_1_224' title='bbox 795 1932 825 1977; x_wconf 89' lang='lat' dir='ltr'><strong>et</strong></span> <span class='ocrx_word' id='word_1_225' title='bbox 841 1923 1025 2000; x_wconf 75' lang='lat' dir='ltr'><strong>Anaxagorae</strong></span> <span class='ocrx_word' id='word_1_226' title='bbox 1051 1924 1140 1977; x_wconf 81' lang='lat' dir='ltr'><strong>verba</strong></span> <span class='ocrx_word' id='word_1_227' title='bbox 1164 1923 1296 1976; x_wconf 82' lang='lat' dir='ltr'><strong>breviter</strong></span> <span class='ocrx_word' id='word_1_228' title='bbox 1313 1941 1363 1978; x_wconf 87' lang='lat' dir='ltr'><strong>re-</strong></span> 
     </span>
     <span class='ocr_line' id='line_1_24' title="bbox 206 1994 1362 2070; baseline -0.003 -21"><span class='ocrx_word' id='word_1_229' title='bbox 206 2003 314 2061; x_wconf 89' lang='lat' dir='ltr'><strong>censet,</strong></span> <span class='ocrx_word' id='word_1_230' title='bbox 338 2011 410 2064; x_wconf 88' lang='lat' dir='ltr'><strong>quae</strong></span> <span class='ocrx_word' id='word_1_231' title='bbox 435 2003 517 2049; x_wconf 87' lang='lat' dir='ltr'><strong>antea</strong></span> <span class='ocrx_word' id='word_1_232' title='bbox 540 1996 632 2048; x_wconf 85' lang='lat' dir='ltr'><strong>fusius</strong></span> <span class='ocrx_word' id='word_1_233' title='bbox 654 2003 821 2066; x_wconf 78' lang='lat' dir='ltr'><strong>persecutus</strong></span> <span class='ocrx_word' id='word_1_234' title='bbox 847 2004 890 2048; x_wconf 87' lang='lat' dir='ltr'><strong>est</strong></span> <span class='ocrx_word' id='word_1_235' title='bbox 916 1995 947 2049; x_wconf 83' lang='lat' dir='ltr'><strong>G.</strong></span> <span class='ocrx_word' id='word_1_236' title='bbox 967 1999 1011 2051; x_wconf 81' lang='lat'><strong>13.</strong></span> <span class='ocrx_word' id='word_1_237' title='bbox 1038 2004 1067 2049; x_wconf 88' lang='lat' dir='ltr'><strong>et</strong></span> <span class='ocrx_word' id='word_1_238' title='bbox 1090 1996 1133 2050; x_wconf 80' lang='lat'><strong>14.</strong></span> <span class='ocrx_word' id='word_1_239' title='bbox 1169 1994 1252 2048; x_wconf 86' lang='lat' dir='ltr'><strong>Unde</strong></span> <span class='ocrx_word' id='word_1_240' title='bbox 1279 2011 1362 2070; x_wconf 78' lang='lat' dir='ltr'><strong>ergo,</strong></span> 
     </span>
     <span class='ocr_line' id='line_1_25' title="bbox 207 2065 1364 2138; baseline -0.002 -18"><span class='ocrx_word' id='word_1_241' title='bbox 207 2075 258 2121; x_wconf 83' lang='lat' dir='ltr'><strong>aut</strong></span> <span class='ocrx_word' id='word_1_242' title='bbox 275 2083 333 2137; x_wconf 91' lang='lat' dir='ltr'><strong>quo</strong></span> <span class='ocrx_word' id='word_1_243' title='bbox 351 2065 436 2119; x_wconf 86' lang='lat' dir='ltr'><strong>modo</strong></span> <span class='ocrx_word' id='word_1_244' title='bbox 453 2065 604 2137; x_wconf 75' lang='lat' dir='ltr'><strong>Hippolyti</strong></span> <span class='ocrx_word' id='word_1_245' title='bbox 622 2067 789 2138; x_wconf 85' lang='lat' dir='ltr'><strong>exemplum</strong></span> <span class='ocrx_word' id='word_1_246' title='bbox 806 2066 881 2120; x_wconf 88' lang='lat' dir='ltr'><strong>inest</strong></span> <span class='ocrx_word' id='word_1_247' title='bbox 906 2067 939 2118; x_wconf 88' lang='lat' dir='ltr'><strong>in</strong></span> <span class='ocrx_word' id='word_1_248' title='bbox 956 2066 1107 2136; x_wconf 80' lang='lat' dir='ltr'><strong>Mieogpno</strong></span> <span class='ocrx_word' id='word_1_249' title='bbox 1125 2065 1246 2121; x_wconf 76' lang='lat' dir='ltr'><strong>Attttttt</strong></span> <span class='ocrx_word' id='word_1_250' title='bbox 1282 2066 1364 2132; x_wconf 84' lang='lat' dir='ltr'><strong>Quis-</strong></span> 
     </span>
     <span class='ocr_line' id='line_1_26' title="bbox 207 2137 1364 2207; baseline -0.003 -16"><span class='ocrx_word' id='word_1_251' title='bbox 207 2155 274 2191; x_wconf 86' lang='lat' dir='ltr'><strong>nam</strong></span> <span class='ocrx_word' id='word_1_252' title='bbox 292 2139 346 2191; x_wconf 87' lang='lat' dir='ltr'><strong>iste</strong></span> <span class='ocrx_word' id='word_1_253' title='bbox 364 2137 504 2189; x_wconf 83' lang='lat' dir='ltr'><strong>Attilius?</strong></span> <span class='ocrx_word' id='word_1_254' title='bbox 539 2140 633 2203; x_wconf 77' lang='lat' dir='ltr'><strong>Poeta,</strong></span> <span class='ocrx_word' id='word_1_255' title='bbox 648 2138 808 2207; x_wconf 87' lang='lat' dir='ltr'><strong>inquiunt,</strong></span> <span class='ocrx_word' id='word_1_256' title='bbox 836 2137 977 2202; x_wconf 84' lang='lat' dir='ltr'><strong>Comicus,</strong></span> <span class='ocrx_word' id='word_1_257' title='bbox 1000 2138 1052 2207; x_wconf 92' lang='lat' dir='ltr'><strong>qui</strong></span> <span class='ocrx_word' id='word_1_258' title='bbox 1069 2138 1190 2190; x_wconf 78' lang='lat' dir='ltr'><strong>fortasse</strong></span> <span class='ocrx_word' id='word_1_259' title='bbox 1210 2137 1364 2190; x_wconf 86' lang='lat' dir='ltr'><strong>Menandri</strong></span> 
     </span>
     <span class='ocr_line' id='line_1_27' title="bbox 206 2202 1364 2277; baseline -0.001 -15"><span class='ocrx_word' id='word_1_260' title='bbox 206 2209 344 2268; x_wconf 72' lang='lat' dir='ltr'><strong>Eubulam</strong></span> <span class='ocrx_word' id='word_1_261' title='bbox 365 2202 533 2277; x_wconf 78' lang='lat' dir='ltr'><strong>Meaiyuaoa</strong></span> <span class='ocrx_word' id='word_1_262' title='bbox 550 2209 654 2261; x_wconf 86' lang='lat' dir='ltr'><strong>Latino</strong></span> <span class='ocrx_word' id='word_1_263' title='bbox 670 2208 771 2262; x_wconf 76' lang='lat' dir='ltr'><strong>vertit.</strong></span> <span class='ocrx_word' id='word_1_264' title='bbox 809 2208 891 2260; x_wconf 83' lang='lat' dir='ltr'><strong>Esto:</strong></span> <span class='ocrx_word' id='word_1_265' title='bbox 924 2207 979 2260; x_wconf 90' lang='lat' dir='ltr'><strong>etsi</strong></span> <span class='ocrx_word' id='word_1_266' title='bbox 996 2206 1054 2261; x_wconf 88' lang='lat' dir='ltr'><strong>hoc</strong></span> <span class='ocrx_word' id='word_1_267' title='bbox 1077 2206 1115 2259; x_wconf 86' lang='lat' dir='ltr'><strong>sit</strong></span> <span class='ocrx_word' id='word_1_268' title='bbox 1132 2207 1287 2262; x_wconf 87' lang='lat' dir='ltr'><strong>hariolari:</strong></span> <span class='ocrx_word' id='word_1_269' title='bbox 1314 2207 1364 2261; x_wconf 86' lang='lat' dir='ltr'><strong>sed</strong></span> 
     </span>
     <span class='ocr_line' id='line_1_28' title="bbox 207 2277 1364 2351; baseline -0.002 -18"><span class='ocrx_word' id='word_1_270' title='bbox 207 2281 279 2351; x_wconf 87' lang='lat' dir='ltr'><strong>quid</strong></span> <span class='ocrx_word' id='word_1_271' title='bbox 297 2279 466 2334; x_wconf 78' lang='lat' dir='ltr'><strong>Comoedias</strong></span> <span class='ocrx_word' id='word_1_272' title='bbox 484 2296 550 2332; x_wconf 90' lang='lat' dir='ltr'><strong>cum</strong></span> <span class='ocrx_word' id='word_1_273' title='bbox 568 2279 748 2350; x_wconf 78' lang='lat' dir='ltr'><strong>Hippolyto?</strong></span> <span class='ocrx_word' id='word_1_274' title='bbox 777 2277 838 2348; x_wconf 87' lang='lat' dir='ltr'><strong>qui,</strong></span> <span class='ocrx_word' id='word_1_275' title='bbox 863 2285 897 2331; x_wconf 91' lang='lat' dir='ltr'><strong>ut</strong></span> <span class='ocrx_word' id='word_1_276' title='bbox 914 2279 1039 2332; x_wconf 85' lang='lat' dir='ltr'><strong>Hemem</strong></span> <span class='ocrx_word' id='word_1_277' title='bbox 1065 2278 1173 2344; x_wconf 90' lang='lat' dir='ltr'><strong>decuit,</strong></span> <span class='ocrx_word' id='word_1_278' title='bbox 1198 2294 1257 2332; x_wconf 89' lang='lat' dir='ltr'><strong>non</strong></span> <span class='ocrx_word' id='word_1_279' title='bbox 1279 2294 1364 2333; x_wconf 89' lang='lat' dir='ltr'><strong>socco</strong></span> 
     </span>
     <span class='ocr_line' id='line_1_29' title="bbox 207 2348 1408 2420; baseline -0.002 -16"><span class='ocrx_word' id='word_1_280' title='bbox 207 2352 327 2418; x_wconf 85' lang='lat' dir='ltr'><strong>comico,</strong></span> <span class='ocrx_word' id='word_1_281' title='bbox 346 2350 396 2404; x_wconf 86' lang='lat' dir='ltr'><strong>sed</strong></span> <span class='ocrx_word' id='word_1_282' title='bbox 412 2349 555 2403; x_wconf 86' lang='lat' dir='ltr'><strong>cothurno</strong></span> <span class='ocrx_word' id='word_1_283' title='bbox 573 2367 689 2420; x_wconf 81' lang='lat' dir='ltr'><strong>semper</strong></span> <span class='ocrx_word' id='word_1_284' title='bbox 704 2348 864 2404; x_wconf 82' lang='lat' dir='ltr'><strong>incedebat.</strong></span> <span class='ocrx_word' id='word_1_285' title='bbox 899 2349 943 2402; x_wconf 87' lang='lat' dir='ltr'><strong>Er</strong></span> <span class='ocrx_word' id='word_1_286' title='bbox 1005 2349 1103 2420; x_wconf 89' lang='lat' dir='ltr'><strong>potius</strong></span> <span class='ocrx_word' id='word_1_287' title='bbox 1127 2351 1219 2405; x_wconf 80' lang='lat' dir='ltr'><strong>fuerit</strong></span> <span class='ocrx_word' id='word_1_288' title='bbox 1240 2349 1365 2402; x_wconf 88' lang='lat' dir='ltr'><strong>Attilius</strong></span> <span class='ocrx_word' id='word_1_289' title='bbox 1406 2384 1408 2389; x_wconf 91' lang='lat'><em>-</em></span> 
     </span>
     <span class='ocr_line' id='line_1_30' title="bbox 206 2418 1364 2496; baseline -0.001 -21"><span class='ocrx_word' id='word_1_290' title='bbox 206 2421 358 2496; x_wconf 80' lang='lat' dir='ltr'><strong>Tragicus,</strong></span> <span class='ocrx_word' id='word_1_291' title='bbox 386 2438 474 2490; x_wconf 86' lang='lat' dir='ltr'><strong>quem</strong></span> <span class='ocrx_word' id='word_1_292' title='bbox 492 2420 645 2490; x_wconf 81' lang='lat' dir='ltr'><strong>Sophoclis</strong></span> <span class='ocrx_word' id='word_1_293' title='bbox 665 2420 817 2474; x_wconf 80' lang='lat' dir='ltr'><strong>Electram</strong></span> <span class='ocrx_word' id='word_1_294' title='bbox 841 2418 917 2472; x_wconf 87' lang='lat' dir='ltr'><strong>male</strong></span> <span class='ocrx_word' id='word_1_295' title='bbox 977 2420 1039 2474; x_wconf 88' lang='lat' dir='ltr'><strong>tine</strong></span> <span class='ocrx_word' id='word_1_296' title='bbox 1068 2422 1243 2474; x_wconf 78' lang='lat' dir='ltr'><strong>convertisse</strong></span> <span class='ocrx_word' id='word_1_297' title='bbox 1262 2429 1364 2474; x_wconf 87' lang='lat' dir='ltr'><strong>narrat</strong></span> 
     </span>
     <span class='ocr_line' id='line_1_31' title="bbox 206 2490 1365 2566; baseline 0 -20"><span class='ocrx_word' id='word_1_298' title='bbox 206 2494 314 2547; x_wconf 85' lang='lat' dir='ltr'><strong>Noster</strong></span> <span class='ocrx_word' id='word_1_299' title='bbox 330 2492 374 2545; x_wconf 90' lang='lat' dir='ltr'><strong>De</strong></span> <span class='ocrx_word' id='word_1_300' title='bbox 391 2492 457 2545; x_wconf 85' lang='lat' dir='ltr'><strong>Fin.</strong></span> <span class='ocrx_word' id='word_1_301' title='bbox 476 2492 502 2558; x_wconf 89' lang='lat'><strong>1,</strong></span> <span class='ocrx_word' id='word_1_302' title='bbox 520 2495 547 2547; x_wconf 75' lang='lat' dir='ltr'><strong>l.</strong></span> <span class='ocrx_word' id='word_1_303' title='bbox 582 2492 665 2545; x_wconf 90' lang='lat' dir='ltr'><strong>ldem</strong></span> <span class='ocrx_word' id='word_1_304' title='bbox 683 2491 777 2566; x_wconf 80' lang='lat' dir='ltr'><strong>igitur</strong></span> <span class='ocrx_word' id='word_1_305' title='bbox 804 2500 834 2544; x_wconf 90' lang='lat' dir='ltr'><strong>et</strong></span> <span class='ocrx_word' id='word_1_306' title='bbox 851 2491 1001 2562; x_wconf 85' lang='lat' dir='ltr'><strong>Euripidis</strong></span> <span class='ocrx_word' id='word_1_307' title='bbox 1019 2490 1214 2561; x_wconf 80' lang='lat' dir='ltr'><strong>Hippolytum</strong></span> <span class='ocrx_word' id='word_1_308' title='bbox 1240 2492 1365 2546; x_wconf 85' lang='lat' dir='ltr'><strong>fortasse</strong></span> 
     </span>
     <span class='ocr_line' id='line_1_32' title="bbox 205 2561 1363 2633; baseline -0.003 -16"><span class='ocrx_word' id='word_1_309' title='bbox 205 2563 395 2618; x_wconf 80' lang='lat' dir='ltr'><strong>converterit.</strong></span> <span class='ocrx_word' id='word_1_310' title='bbox 432 2562 487 2616; x_wconf 90' lang='lat' dir='ltr'><strong>Sed</strong></span> <span class='ocrx_word' id='word_1_311' title='bbox 504 2578 538 2616; x_wconf 91' lang='lat' dir='ltr'><strong>ro</strong></span> <span class='ocrx_word' id='word_1_312' title='bbox 594 2579 654 2628; x_wconf 85' lang='lat' dir='ltr'><strong>vos,</strong></span> <span class='ocrx_word' id='word_1_313' title='bbox 673 2579 727 2616; x_wconf 91' lang='lat' dir='ltr'><strong>cur</strong></span> <span class='ocrx_word' id='word_1_314' title='bbox 743 2561 839 2633; x_wconf 87' lang='lat' dir='ltr'><strong>potius</strong></span> <span class='ocrx_word' id='word_1_315' title='bbox 856 2561 936 2614; x_wconf 87' lang='lat' dir='ltr'><strong>hunc</strong></span> <span class='ocrx_word' id='word_1_316' title='bbox 954 2562 1087 2632; x_wconf 88' lang='lat' dir='ltr'><strong>ineptum</strong></span> <span class='ocrx_word' id='word_1_317' title='bbox 1100 2571 1134 2624; x_wconf 81' lang='lat' dir='ltr'><strong>,et</strong></span> <span class='ocrx_word' id='word_1_318' title='bbox 1150 2561 1363 2628; x_wconf 76' lang='lat' dir='ltr'><strong>ferreumacri·</strong></span> 
     </span>
     <span class='ocr_line' id='line_1_33' title="bbox 204 2632 1364 2703; baseline -0.004 -14"><span class='ocrx_word' id='word_1_319' title='bbox 204 2641 313 2702; x_wconf 80' lang='lat' dir='ltr'><strong>ptorem</strong></span> <span class='ocrx_word' id='word_1_320' title='bbox 329 2633 525 2688; x_wconf 81' lang='lat' dir='ltr'><strong>nominaverit</strong></span> <span class='ocrx_word' id='word_1_321' title='bbox 565 2634 656 2698; x_wconf 87' lang='lat' dir='ltr'><strong>icero,</strong></span> <span class='ocrx_word' id='word_1_322' title='bbox 682 2650 768 2703; x_wconf 90' lang='lat' dir='ltr'><strong>quam</strong></span> <span class='ocrx_word' id='word_1_323' title='bbox 785 2632 957 2703; x_wconf 85' lang='lat' dir='ltr'><strong>Euripidem</strong></span> <span class='ocrx_word' id='word_1_324' title='bbox 975 2632 1091 2702; x_wconf 77' lang='lat' dir='ltr'><strong>ipsum?</strong></span> <span class='ocrx_word' id='word_1_325' title='bbox 1115 2640 1165 2684; x_wconf 83' lang='lat' dir='ltr'><strong>aut</strong></span> <span class='ocrx_word' id='word_1_326' title='bbox 1180 2648 1237 2684; x_wconf 90' lang='lat' dir='ltr'><strong>cur</strong></span> <span class='ocrx_word' id='word_1_327' title='bbox 1254 2649 1364 2685; x_wconf 88' lang='lat' dir='ltr'><strong>nomen</strong></span> 
     </span>
     <span class='ocr_line' id='line_1_34' title="bbox 205 2701 1364 2779; baseline -0.004 -19"><span class='ocrx_word' id='word_1_328' title='bbox 205 2706 351 2760; x_wconf 87' lang='lat' dir='ltr'><strong>Dramatis</strong></span> <span class='ocrx_word' id='word_1_329' title='bbox 381 2722 417 2757; x_wconf 90' lang='lat' dir='ltr'><strong>ex</strong></span> <span class='ocrx_word' id='word_1_330' title='bbox 442 2704 602 2775; x_wconf 85' lang='lat' dir='ltr'><strong>Hippolyto</strong></span> <span class='ocrx_word' id='word_1_331' title='bbox 627 2707 738 2757; x_wconf 88' lang='lat' dir='ltr'><strong>factum</strong></span> <span class='ocrx_word' id='word_1_332' title='bbox 764 2711 807 2756; x_wconf 89' lang='lat' dir='ltr'><strong>est</strong></span> <span class='ocrx_word' id='word_1_333' title='bbox 829 2704 1016 2779; x_wconf 71' lang='lat' dir='ltr'><strong>Misogynus?</strong></span> <span class='ocrx_word' id='word_1_334' title='bbox 1051 2702 1205 2772; x_wconf 84' lang='lat' dir='ltr'><strong>Tantisper</strong></span> <span class='ocrx_word' id='word_1_335' title='bbox 1234 2701 1303 2754; x_wconf 89' lang='lat' dir='ltr'><strong>dum</strong></span> <span class='ocrx_word' id='word_1_336' title='bbox 1328 2702 1364 2755; x_wconf 79' lang='lat' dir='ltr'><strong>lai</strong></span> 
     </span>
     <span class='ocr_line' id='line_1_35' title="bbox 206 2772 1364 2848; baseline -0.003 -16"><span class='ocrx_word' id='word_1_337' title='bbox 206 2777 338 2848; x_wconf 89' lang='lat' dir='ltr'><strong>scrupuli</strong></span> <span class='ocrx_word' id='word_1_338' title='bbox 356 2775 534 2839; x_wconf 78' lang='lat' dir='ltr'><strong>eximantur3</strong></span> <span class='ocrx_word' id='word_1_339' title='bbox 555 2776 698 2845; x_wconf 87' lang='lat' dir='ltr'><strong>equidem,</strong></span> <span class='ocrx_word' id='word_1_340' title='bbox 718 2773 824 2828; x_wconf 75' lang='lat' dir='ltr'><strong>attilio</strong></span> <span class='ocrx_word' id='word_1_341' title='bbox 840 2774 897 2827; x_wconf 87' lang='lat' dir='ltr'><strong>hoc</strong></span> <span class='ocrx_word' id='word_1_342' title='bbox 914 2775 1012 2828; x_wconf 83' lang='lat' dir='ltr'><strong>valere</strong></span> <span class='ocrx_word' id='word_1_343' title='bbox 1031 2773 1115 2839; x_wconf 81' lang='lat' dir='ltr'><strong>iusso,</strong></span> <span class='ocrx_word' id='word_1_344' title='bbox 1138 2774 1180 2825; x_wconf 87' lang='lat' dir='ltr'><strong>sic</strong></span> <span class='ocrx_word' id='word_1_345' title='bbox 1203 2772 1300 2842; x_wconf 84' lang='lat' dir='ltr'><strong>potius</strong></span> <span class='ocrx_word' id='word_1_346' title='bbox 1319 2774 1364 2828; x_wconf 91' lang='lat' dir='ltr'><strong>lo-</strong></span> 
     </span>
     <span class='ocr_line' id='line_1_36' title="bbox 206 2844 1364 2915; baseline -0.007 -11"><span class='ocrx_word' id='word_1_347' title='bbox 206 2867 274 2904; x_wconf 87' lang='lat' dir='ltr'><strong>cum</strong></span> <span class='ocrx_word' id='word_1_348' title='bbox 290 2845 469 2904; x_wconf 80' lang='lat' dir='ltr'><strong>refinxer‘im.</strong></span> <span class='ocrx_word' id='word_1_349' title='bbox 509 2845 548 2900; x_wconf 87' lang='lat' dir='ltr'><strong>Ut</strong></span> <span class='ocrx_word' id='word_1_350' title='bbox 566 2847 661 2900; x_wconf 84' lang='lat' dir='ltr'><strong>odium</strong></span> <span class='ocrx_word' id='word_1_351' title='bbox 684 2846 723 2900; x_wconf 74' lang='lat' dir='ltr'><strong>ia</strong></span> <span class='ocrx_word' id='word_1_352' title='bbox 740 2845 925 2912; x_wconf 81' lang='lat' dir='ltr'><strong>mulieres,</strong></span> <span class='ocrx_word' id='word_1_353' title='bbox 953 2845 1035 2915; x_wconf 78' lang='lat' dir='ltr'><strong>quale</strong></span> <span class='ocrx_word' id='word_1_354' title='bbox 1084 2844 1256 2912; x_wconf 76' lang='lat' dir='ltr'><strong>aaoprlrov</strong></span> <span class='ocrx_word' id='word_1_355' title='bbox 1274 2844 1364 2913; x_wconf 87' lang='lat' dir='ltr'><strong>Hip·</strong></span> 
     </span>
     <span class='ocr_line' id='line_1_37' title="bbox 203 2862 1364 2991; baseline -0.006 -16"><span class='ocrx_word' id='word_1_356' title='bbox 203 2919 325 2991; x_wconf 77' lang='lat' dir='ltr'><strong>polyti</strong></span> <span class='ocrx_word' id='word_1_357' title='bbox 343 2924 398 2982; x_wconf 83' lang='lat' dir='ltr'><strong>crt‚·</strong></span> <span class='ocrx_word' id='word_1_358' title='bbox 426 2923 456 2971; x_wconf 89' lang='lat' dir='ltr'><strong>at</strong></span> <span class='ocrx_word' id='word_1_359' title='bbox 479 2914 670 2971; x_wconf 74' lang='lat' dir='ltr'><strong>inhominem</strong></span> <span class='ocrx_word' id='word_1_360' title='bbox 688 2918 849 2972; x_wconf 71' lang='lat' dir='ltr'><strong>universam</strong></span> <span class='ocrx_word' id='word_1_361' title='bbox 865 2932 966 2984; x_wconf 83' lang='lat' dir='ltr'><strong>genua,</strong></span> <span class='ocrx_word' id='word_1_362' title='bbox 990 2862 1241 2986; x_wconf 52' lang='lat' dir='ltr'><strong>palaeensium</strong></span> <span class='ocrx_word' id='word_1_363' title='bbox 1259 2915 1293 2968; x_wconf 83' lang='lat' dir='ltr'><strong>tte</strong></span> <span class='ocrx_word' id='word_1_364' title='bbox 1315 2915 1364 2968; x_wconf 86' lang='lat' dir='ltr'><strong>Ti-</strong></span> 
     </span>
     <span class='ocr_line' id='line_1_38' title="bbox 205 2985 1364 3060; baseline -0.007 -14"><span class='ocrx_word' id='word_1_365' title='bbox 205 3007 295 3046; x_wconf 80' lang='lat' dir='ltr'><strong>mone.</strong></span> <span class='ocrx_word' id='word_1_366' title='bbox 332 2989 406 3044; x_wconf 83' lang='lat' dir='ltr'><strong>Sane</strong></span> <span class='ocrx_word' id='word_1_367' title='bbox 429 2989 501 3060; x_wconf 84' lang='lat' dir='ltr'><strong>quin</strong></span> <span class='ocrx_word' id='word_1_368' title='bbox 525 2989 620 3043; x_wconf 80' lang='lat' dir='ltr'><strong>odiunt</strong></span> <span class='ocrx_word' id='word_1_369' title='bbox 646 2988 677 3041; x_wconf 88' lang='lat' dir='ltr'><strong>in</strong></span> <span class='ocrx_word' id='word_1_370' title='bbox 702 2987 835 3042; x_wconf 78' lang='lat' dir='ltr'><strong>mulieres</strong></span> <span class='ocrx_word' id='word_1_371' title='bbox 860 2988 1011 3057; x_wconf 86' lang='lat' dir='ltr'><strong>scripserit</strong></span> <span class='ocrx_word' id='word_1_372' title='bbox 1033 2985 1148 3052; x_wconf 86' lang='lat' dir='ltr'><strong>Noster,</strong></span> <span class='ocrx_word' id='word_1_373' title='bbox 1176 2986 1229 3038; x_wconf 80' lang='lat' dir='ltr'><strong>vix</strong></span> <span class='ocrx_word' id='word_1_374' title='bbox 1248 2986 1364 3039; x_wconf 90' lang='lat' dir='ltr'><strong>dubitet</strong></span> 
     </span>
    </p>
   </div>
   <div class='ocr_carea' id='block_1_5' title="bbox 94 3057 1364 3132">
    <p class='ocr_par' dir='ltr' id='par_1_7' title="bbox 94 3057 1364 3132">
     <span class='ocr_line' id='line_1_39' title="bbox 94 3057 1364 3132; baseline -0.007 -16"><span class='ocrx_word' id='word_1_375' title='bbox 94 3113 102 3129; x_wconf 70' lang='grc'><strong><em>,</em></strong></span> <span class='ocrx_word' id='word_1_376' title='bbox 206 3063 257 3132; x_wconf 87' lang='lat' dir='ltr'><strong>qui</strong></span> <span class='ocrx_word' id='word_1_377' title='bbox 276 3061 306 3114; x_wconf 89' lang='lat' dir='ltr'><strong>id</strong></span> <span class='ocrx_word' id='word_1_378' title='bbox 324 3061 400 3130; x_wconf 87' lang='lat' dir='ltr'><strong>quod</strong></span> <span class='ocrx_word' id='word_1_379' title='bbox 417 3060 552 3128; x_wconf 88' lang='lat' dir='ltr'><strong>sequitur</strong></span> <span class='ocrx_word' id='word_1_380' title='bbox 569 3059 780 3122; x_wconf 83' lang='lat' dir='ltr'><strong>animadvertat</strong></span> <span class='ocrx_word' id='word_1_381' title='bbox 796 3057 827 3112; x_wconf 87' lang='lat' dir='ltr'><strong>in</strong></span> <span class='ocrx_word' id='word_1_382' title='bbox 844 3060 1005 3112; x_wconf 77' lang='lat' dir='ltr'><strong>universam</strong></span> <span class='ocrx_word' id='word_1_383' title='bbox 1020 3072 1125 3126; x_wconf 78' lang='lat' dir='ltr'><strong>gennae</strong></span> <span class='ocrx_word' id='word_1_384' title='bbox 1151 3064 1258 3126; x_wconf 87' lang='lat' dir='ltr'><strong>quanto</strong></span> <span class='ocrx_word' id='word_1_385' title='bbox 1284 3057 1364 3109; x_wconf 87' lang='lat' dir='ltr'><strong>enim</strong></span> 
     </span>
    </p>
   </div>
   <div class='ocr_carea' id='block_1_6' title="bbox 161 3127 1365 4482">
    <p class='ocr_par' dir='ltr' id='par_1_8' title="bbox 200 3127 1364 3328">
     <span class='ocr_line' id='line_1_40' title="bbox 200 3127 1364 3195; baseline -0.003 -9"><span class='ocrx_word' id='word_1_386' title='bbox 200 3132 262 3188; x_wconf 80' lang='lat' dir='ltr'><strong>¹hoc</strong></span> <span class='ocrx_word' id='word_1_387' title='bbox 279 3131 470 3184; x_wconf 81' lang='lat' dir='ltr'><strong>concinnius?</strong></span> <span class='ocrx_word' id='word_1_388' title='bbox 507 3130 693 3183; x_wconf 80' lang='lat' dir='ltr'><strong>comantem</strong></span> <span class='ocrx_word' id='word_1_389' title='bbox 712 3131 743 3185; x_wconf 80' lang='grc' dir='ltr'><strong>τό</strong></span> <span class='ocrx_word' id='word_1_390' title='bbox 763 3131 804 3195; x_wconf 87' lang='lat' dir='ltr'><strong>in,</strong></span> <span class='ocrx_word' id='word_1_391' title='bbox 830 3129 909 3182; x_wconf 85' lang='lat' dir='ltr'><strong>inter</strong></span> <span class='ocrx_word' id='word_1_392' title='bbox 927 3128 982 3182; x_wconf 90' lang='lat' dir='ltr'><strong>duo</strong></span> <span class='ocrx_word' id='word_1_393' title='bbox 999 3144 1027 3181; x_wconf 84' lang='lat' dir='ltr'><strong>ne</strong></span> <span class='ocrx_word' id='word_1_394' title='bbox 1052 3128 1236 3195; x_wconf 88' lang='lat' dir='ltr'><strong>collocatum,</strong></span> <span class='ocrx_word' id='word_1_395' title='bbox 1265 3127 1364 3194; x_wconf 80' lang='lat' dir='ltr'><strong>facile,</strong></span> 
     </span>
     <span class='ocr_line' id='line_1_41' title="bbox 205 3196 1364 3272; baseline -0.003 -16"><span class='ocrx_word' id='word_1_396' title='bbox 205 3212 240 3256; x_wconf 91' lang='lat' dir='ltr'><strong>ut</strong></span> <span class='ocrx_word' id='word_1_397' title='bbox 257 3203 303 3267; x_wconf 81' lang='lat' dir='ltr'><strong>fit,</strong></span> <span class='ocrx_word' id='word_1_398' title='bbox 322 3201 538 3266; x_wconf 60' lang='lat' dir='ltr'><strong>absos-heretum</strong></span> <span class='ocrx_word' id='word_1_399' title='bbox 571 3201 721 3272; x_wconf 88' lang='lat' dir='ltr'><strong>reliquum</strong></span> <span class='ocrx_word' id='word_1_400' title='bbox 739 3209 810 3268; x_wconf 88' lang='lat' dir='ltr'><strong>erat,</strong></span> <span class='ocrx_word' id='word_1_401' title='bbox 837 3208 872 3253; x_wconf 93' lang='lat' dir='ltr'><strong>ut</strong></span> <span class='ocrx_word' id='word_1_402' title='bbox 889 3196 1017 3252; x_wconf 76' lang='lat' dir='ltr'><strong>librarii</strong></span> <span class='ocrx_word' id='word_1_403' title='bbox 1039 3199 1162 3263; x_wconf 78' lang='lat' dir='ltr'><strong>verbum</strong></span> <span class='ocrx_word' id='word_1_404' title='bbox 1180 3215 1301 3269; x_wconf 88' lang='lat' dir='ltr'><strong>sequens</strong></span> <span class='ocrx_word' id='word_1_405' title='bbox 1319 3200 1364 3252; x_wconf 87' lang='lat' dir='ltr'><strong>in·</strong></span> 
     </span>
     <span class='ocr_line' id='line_1_42' title="bbox 205 3274 1050 3328; baseline -0.011 0"><span class='ocrx_word' id='word_1_406' title='bbox 205 3283 236 3328; x_wconf 89' lang='lat' dir='ltr'><strong>te</strong></span> <span class='ocrx_word' id='word_1_407' title='bbox 274 3274 397 3327; x_wconf 85' lang='lat' dir='ltr'><strong>clarent.</strong></span> <span class='ocrx_word' id='word_1_408' title='bbox 544 3309 551 3324; x_wconf 91' lang='lat'><strong>.</strong></span> <span class='ocrx_word' id='word_1_409' title='bbox 1047 3279 1050 3282; x_wconf 81' lang='grc'>’</span> 
     </span>
    </p>

    <p class='ocr_par' dir='ltr' id='par_1_9' title="bbox 204 3293 1365 3631">
     <span class='ocr_line' id='line_1_43' title="bbox 237 3293 1365 3414; baseline -0.005 -16"><span class='ocrx_word' id='word_1_410' title='bbox 237 3293 344 3414; x_wconf 76' lang='lat' dir='ltr'><strong>rp(lap.</strong></span> <span class='ocrx_word' id='word_1_411' title='bbox 365 3345 408 3398; x_wconf 71' lang='lat'><strong>12.</strong></span> <span class='ocrx_word' id='word_1_412' title='bbox 445 3342 524 3396; x_wconf 86' lang='lat' dir='ltr'><strong>Haec</strong></span> <span class='ocrx_word' id='word_1_413' title='bbox 539 3341 632 3410; x_wconf 78' lang='lat' dir='ltr'><strong>igitur</strong></span> <span class='ocrx_word' id='word_1_414' title='bbox 647 3339 813 3411; x_wconf 78' lang='lat' dir='ltr'><strong>proclivitas</strong></span> <span class='ocrx_word' id='word_1_415' title='bbox 830 3341 869 3394; x_wconf 83' lang='lat' dir='ltr'><strong>ad</strong></span> <span class='ocrx_word' id='word_1_416' title='bbox 884 3355 963 3394; x_wconf 83' lang='lat' dir='ltr'><strong>caum</strong></span> <span class='ocrx_word' id='word_1_417' title='bbox 981 3341 1102 3412; x_wconf 78' lang='lat' dir='ltr'><strong>quodque</strong></span> <span class='ocrx_word' id='word_1_418' title='bbox 1119 3354 1219 3408; x_wconf 84' lang='lat' dir='ltr'><strong>genae,</strong></span> <span class='ocrx_word' id='word_1_419' title='bbox 1244 3335 1264 3391; x_wconf 84' lang='lat' dir='ltr'><strong>a</strong></span> <span class='ocrx_word' id='word_1_420' title='bbox 1281 3337 1365 3413; x_wconf 80' lang='lat' dir='ltr'><strong>simi-</strong></span> 
     </span>
     <span class='ocr_line' id='line_1_44' title="bbox 205 3411 1365 3488; baseline -0.006 -17"><span class='ocrx_word' id='word_1_421' title='bbox 205 3416 326 3471; x_wconf 79' lang='lat' dir='ltr'><strong>litudinc</strong></span> <span class='ocrx_word' id='word_1_422' title='bbox 343 3415 480 3482; x_wconf 78' lang='lat' dir='ltr'><strong>corporis,</strong></span> <span class='ocrx_word' id='word_1_423' title='bbox 499 3415 661 3488; x_wconf 76' lang='lat' dir='ltr'><strong>aegrotatio</strong></span> <span class='ocrx_word' id='word_1_424' title='bbox 680 3413 805 3468; x_wconf 83' lang='lat' dir='ltr'><strong>dicitur:</strong></span> <span class='ocrx_word' id='word_1_425' title='bbox 824 3413 889 3466; x_wconf 81' lang='lat' dir='ltr'><strong>dam</strong></span> <span class='ocrx_word' id='word_1_426' title='bbox 907 3428 941 3467; x_wconf 88' lang='lat' dir='ltr'><strong>ea</strong></span> <span class='ocrx_word' id='word_1_427' title='bbox 959 3413 1137 3479; x_wconf 80' lang='lat' dir='ltr'><strong>intelligatur</strong></span> <span class='ocrx_word' id='word_1_428' title='bbox 1159 3411 1197 3463; x_wconf 84' lang='lat' dir='ltr'><strong>ad</strong></span> <span class='ocrx_word' id='word_1_429' title='bbox 1214 3419 1365 3477; x_wconf 70' lang='lat' dir='ltr'><strong>aegrotan-</strong></span> 
     </span>
     <span class='ocr_line' id='line_1_45' title="bbox 205 3481 1364 3556; baseline -0.006 -15"><span class='ocrx_word' id='word_1_430' title='bbox 205 3484 475 3556; x_wconf 70' lang='lat' dir='ltr'><strong>tempestivitas]</strong></span> <span class='ocrx_word' id='word_1_431' title='bbox 511 3485 657 3538; x_wconf 81' lang='lat' dir='ltr'><strong>Audacter</strong></span> <span class='ocrx_word' id='word_1_432' title='bbox 675 3485 805 3554; x_wconf 82' lang='lat' dir='ltr'><strong>quamvis</strong></span> <span class='ocrx_word' id='word_1_433' title='bbox 824 3500 941 3554; x_wconf 86' lang='lat' dir='ltr'><strong>repone,</strong></span> <span class='ocrx_word' id='word_1_434' title='bbox 962 3485 1123 3550; x_wconf 81' lang='lat' dir='ltr'><strong>aegrotatio</strong></span> <span class='ocrx_word' id='word_1_435' title='bbox 1142 3481 1295 3535; x_wconf 82' lang='lat' dir='ltr'><strong>dicatur.</strong></span> <span class='ocrx_word' id='word_1_436' title='bbox 1319 3482 1364 3535; x_wconf 90' lang='lat' dir='ltr'><strong>lta</strong></span> 
     </span>
     <span class='ocr_line' id='line_1_46' title="bbox 204 3553 1210 3631; baseline -0.007 -20"><span class='ocrx_word' id='word_1_437' title='bbox 204 3560 353 3631; x_wconf 87' lang='lat' dir='ltr'><strong>postulant</strong></span> <span class='ocrx_word' id='word_1_438' title='bbox 370 3554 529 3626; x_wconf 87' lang='lat' dir='ltr'><strong>sequentia,</strong></span> <span class='ocrx_word' id='word_1_439' title='bbox 549 3556 622 3609; x_wconf 85' lang='lat' dir='ltr'><strong>Dum</strong></span> <span class='ocrx_word' id='word_1_440' title='bbox 642 3554 835 3624; x_wconf 75' lang='lat' dir='ltr'><strong>intelligatur,</strong></span> <span class='ocrx_word' id='word_1_441' title='bbox 855 3564 886 3609; x_wconf 90' lang='lat' dir='ltr'><strong>et</strong></span> <span class='ocrx_word' id='word_1_442' title='bbox 901 3555 1027 3621; x_wconf 71' lang='lat' dir='ltr'><strong>facilitas</strong></span> <span class='ocrx_word' id='word_1_443' title='bbox 1045 3553 1210 3607; x_wconf 84' lang='lat' dir='ltr'><strong>nominetur.</strong></span> 
     </span>
    </p>

    <p class='ocr_par' dir='ltr' id='par_1_10' title="bbox 161 3619 1364 4482">
     <span class='ocr_line' id='line_1_47' title="bbox 278 3619 1363 3697; baseline -0.006 -15"><span class='ocrx_word' id='word_1_444' title='bbox 278 3628 345 3697; x_wconf 82' lang='lat' dir='ltr'><strong>Cap.</strong></span> <span class='ocrx_word' id='word_1_445' title='bbox 368 3631 411 3683; x_wconf 83' lang='lat'><strong>13.</strong></span> <span class='ocrx_word' id='word_1_446' title='bbox 435 3627 498 3679; x_wconf 89' lang='lat' dir='ltr'><strong>Non</strong></span> <span class='ocrx_word' id='word_1_447' title='bbox 516 3629 591 3682; x_wconf 83' lang='lat' dir='ltr'><strong>enim</strong></span> <span class='ocrx_word' id='word_1_448' title='bbox 608 3643 688 3679; x_wconf 89' lang='lat' dir='ltr'><strong>omne</strong></span> <span class='ocrx_word' id='word_1_449' title='bbox 704 3625 804 3680; x_wconf 85' lang='lat' dir='ltr'><strong>citium</strong></span> <span class='ocrx_word' id='word_1_450' title='bbox 821 3634 917 3695; x_wconf 85' lang='lat' dir='ltr'><strong>partes</strong></span> <span class='ocrx_word' id='word_1_451' title='bbox 935 3624 1014 3679; x_wconf 81' lang='lat' dir='ltr'><strong>labet</strong></span> <span class='ocrx_word' id='word_1_452' title='bbox 1033 3619 1253 3688; x_wconf 72' lang='lat' dir='ltr'><strong>dissentientes]</strong></span> <span class='ocrx_word' id='word_1_453' title='bbox 1272 3622 1363 3689; x_wconf 82' lang='lat' dir='ltr'><strong>Quem</strong></span> 
     </span>
     <span class='ocr_line' id='line_1_48' title="bbox 205 3696 1363 3770; baseline -0.006 -16"><span class='ocrx_word' id='word_1_454' title='bbox 205 3699 303 3754; x_wconf 88' lang='lat' dir='ltr'><strong>locum</strong></span> <span class='ocrx_word' id='word_1_455' title='bbox 321 3699 398 3750; x_wconf 90' lang='lat' dir='ltr'><strong>sicco</strong></span> <span class='ocrx_word' id='word_1_456' title='bbox 416 3696 488 3766; x_wconf 86' lang='lat' dir='ltr'><strong>pede</strong></span> <span class='ocrx_word' id='word_1_457' title='bbox 506 3697 709 3750; x_wconf 83' lang='lat' dir='ltr'><strong>transilierunt</strong></span> <span class='ocrx_word' id='word_1_458' title='bbox 728 3697 792 3763; x_wconf 83' lang='lat' dir='ltr'><strong>alii,</strong></span> <span class='ocrx_word' id='word_1_459' title='bbox 810 3707 843 3750; x_wconf 89' lang='lat' dir='ltr'><strong>tu</strong></span> <span class='ocrx_word' id='word_1_460' title='bbox 861 3698 987 3770; x_wconf 79' lang='lat' dir='ltr'><strong>ingenue</strong></span> <span class='ocrx_word' id='word_1_461' title='bbox 1005 3697 1107 3750; x_wconf 83' lang='lat' dir='ltr'><strong>fateris</strong></span> <span class='ocrx_word' id='word_1_462' title='bbox 1125 3703 1156 3747; x_wconf 90' lang='lat' dir='ltr'><strong>te</strong></span> <span class='ocrx_word' id='word_1_463' title='bbox 1172 3703 1231 3748; x_wconf 82' lang='lat' dir='ltr'><strong>non</strong></span> <span class='ocrx_word' id='word_1_464' title='bbox 1248 3711 1363 3764; x_wconf 86' lang='lat' dir='ltr'><strong>capere,</strong></span> 
     </span>
     <span class='ocr_line' id='line_1_49' title="bbox 206 3765 1363 3834; baseline -0.007 -9"><span class='ocrx_word' id='word_1_465' title='bbox 206 3780 237 3826; x_wconf 91' lang='lat' dir='ltr'><strong>et</strong></span> <span class='ocrx_word' id='word_1_466' title='bbox 254 3769 430 3824; x_wconf 80' lang='lat' dir='ltr'><strong>medicinam</strong></span> <span class='ocrx_word' id='word_1_467' title='bbox 446 3776 551 3820; x_wconf 87' lang='lat' dir='ltr'><strong>tentas.</strong></span> <span class='ocrx_word' id='word_1_468' title='bbox 586 3771 678 3821; x_wconf 86' lang='lat' dir='ltr'><strong>Macte</strong></span> <span class='ocrx_word' id='word_1_469' title='bbox 698 3785 729 3821; x_wconf 89' lang='lat' dir='ltr'><strong>ea</strong></span> <span class='ocrx_word' id='word_1_470' title='bbox 746 3769 866 3821; x_wconf 85' lang='lat' dir='ltr'><strong>virtute.</strong></span> <span class='ocrx_word' id='word_1_471' title='bbox 904 3765 959 3821; x_wconf 89' lang='lat' dir='ltr'><strong>Sed</strong></span> <span class='ocrx_word' id='word_1_472' title='bbox 977 3767 1053 3832; x_wconf 85' lang='lat' dir='ltr'><strong>vide,</strong></span> <span class='ocrx_word' id='word_1_473' title='bbox 1081 3785 1117 3821; x_wconf 84' lang='lat' dir='ltr'><strong>an</strong></span> <span class='ocrx_word' id='word_1_474' title='bbox 1135 3775 1164 3818; x_wconf 89' lang='lat' dir='ltr'><strong>et</strong></span> <span class='ocrx_word' id='word_1_475' title='bbox 1182 3782 1233 3818; x_wconf 88' lang='lat' dir='ltr'><strong>nos</strong></span> <span class='ocrx_word' id='word_1_476' title='bbox 1251 3765 1363 3834; x_wconf 87' lang='lat' dir='ltr'><strong>aliquid</strong></span> 
     </span>
     <span class='ocr_line' id='line_1_50' title="bbox 204 3837 1363 3913; baseline -0.005 -17"><span class='ocrx_word' id='word_1_477' title='bbox 204 3842 378 3896; x_wconf 88' lang='lat' dir='ltr'><strong>audiendum</strong></span> <span class='ocrx_word' id='word_1_478' title='bbox 394 3840 583 3910; x_wconf 83' lang='lat' dir='ltr'><strong>proferamus.</strong></span> <span class='ocrx_word' id='word_1_479' title='bbox 622 3838 695 3905; x_wconf 85' lang='lat' dir='ltr'><strong>Quid</strong></span> <span class='ocrx_word' id='word_1_480' title='bbox 713 3840 737 3892; x_wconf 94' lang='lat' dir='ltr'><strong>si</strong></span> <span class='ocrx_word' id='word_1_481' title='bbox 755 3839 844 3913; x_wconf 76' lang='lat' dir='ltr'><strong>legas,</strong></span> <span class='ocrx_word' id='word_1_482' title='bbox 867 3837 933 3892; x_wconf 84' lang='lat' dir='ltr'><strong>Non</strong></span> <span class='ocrx_word' id='word_1_483' title='bbox 952 3840 1024 3893; x_wconf 83' lang='lat' dir='ltr'><strong>enim</strong></span> <span class='ocrx_word' id='word_1_484' title='bbox 1042 3854 1121 3892; x_wconf 72' lang='lat' dir='ltr'><strong>omne</strong></span> <span class='ocrx_word' id='word_1_485' title='bbox 1138 3837 1240 3891; x_wconf 68' lang='lat' dir='ltr'><strong>tattiano</strong></span> <span class='ocrx_word' id='word_1_486' title='bbox 1254 3851 1363 3908; x_wconf 80' lang='lat' dir='ltr'><strong>pares</strong></span> 
     </span>
     <span class='ocr_line' id='line_1_51' title="bbox 204 3907 1364 3977; baseline -0.007 -9"><span class='ocrx_word' id='word_1_487' title='bbox 204 3913 288 3969; x_wconf 78' lang='lat' dir='ltr'><strong>liutet</strong></span> <span class='ocrx_word' id='word_1_488' title='bbox 312 3914 331 3967; x_wconf 85' lang='lat' dir='ltr'><strong>d</strong></span> <span class='ocrx_word' id='word_1_489' title='bbox 338 3912 351 3965; x_wconf 88' lang='lat' dir='ltr'><strong>i</strong></span> <span class='ocrx_word' id='word_1_490' title='bbox 357 3911 475 3964; x_wconf 79' lang='lat' dir='ltr'><strong>acensi</strong></span> <span class='ocrx_word' id='word_1_491' title='bbox 481 3926 571 3964; x_wconf 83' lang='lat' dir='ltr'><strong>anea.</strong></span> <span class='ocrx_word' id='word_1_492' title='bbox 612 3909 741 3977; x_wconf 83' lang='lat' dir='ltr'><strong>Quorum</strong></span> <span class='ocrx_word' id='word_1_493' title='bbox 763 3909 836 3963; x_wconf 89' lang='lat' dir='ltr'><strong>haec</strong></span> <span class='ocrx_word' id='word_1_494' title='bbox 860 3911 918 3963; x_wconf 87' lang='lat' dir='ltr'><strong>erit</strong></span> <span class='ocrx_word' id='word_1_495' title='bbox 945 3911 1095 3964; x_wconf 81' lang='lat' dir='ltr'><strong>sententia.</strong></span> <span class='ocrx_word' id='word_1_496' title='bbox 1132 3908 1290 3973; x_wconf 86' lang='lat' dir='ltr'><strong>vitiositas,</strong></span> <span class='ocrx_word' id='word_1_497' title='bbox 1318 3907 1364 3960; x_wconf 90' lang='lat' dir='ltr'><strong>in-</strong></span> 
     </span>
     <span class='ocr_line' id='line_1_52' title="bbox 205 3980 1364 4066; baseline -0.007 -28"><span class='ocrx_word' id='word_1_498' title='bbox 205 3987 279 4056; x_wconf 79' lang='lat' dir='ltr'><strong>quit,</strong></span> <span class='ocrx_word' id='word_1_499' title='bbox 300 3992 343 4038; x_wconf 87' lang='lat' dir='ltr'><strong>est</strong></span> <span class='ocrx_word' id='word_1_500' title='bbox 360 3981 486 4048; x_wconf 81' lang='lat' dir='ltr'><strong>affectio,</strong></span> <span class='ocrx_word' id='word_1_501' title='bbox 504 3998 523 4035; x_wconf 91' lang='lat' dir='ltr'><strong>a</strong></span> <span class='ocrx_word' id='word_1_502' title='bbox 540 3997 571 4035; x_wconf 81' lang='lat' dir='ltr'><strong>se</strong></span> <span class='ocrx_word' id='word_1_503' title='bbox 586 3982 654 4049; x_wconf 82' lang='lat' dir='ltr'><strong>ipsa</strong></span> <span class='ocrx_word' id='word_1_504' title='bbox 670 3980 853 4036; x_wconf 77' lang='lat' dir='ltr'><strong>dissentient.</strong></span> <span class='ocrx_word' id='word_1_505' title='bbox 891 3981 965 4048; x_wconf 77' lang='lat' dir='ltr'><strong>Quae</strong></span> <span class='ocrx_word' id='word_1_506' title='bbox 984 3981 1006 4033; x_wconf 91' lang='lat' dir='ltr'><strong>si</strong></span> <span class='ocrx_word' id='word_1_507' title='bbox 1036 3981 1154 4066; x_wconf 76' lang='lat' dir='ltr'><strong>gravior</strong></span> <span class='ocrx_word' id='word_1_508' title='bbox 1173 3980 1221 4046; x_wconf 89' lang='lat' dir='ltr'><strong>sit,</strong></span> <span class='ocrx_word' id='word_1_509' title='bbox 1244 3988 1309 4033; x_wconf 90' lang='lat' dir='ltr'><strong>tum</strong></span> <span class='ocrx_word' id='word_1_510' title='bbox 1328 3996 1364 4032; x_wconf 87' lang='lat' dir='ltr'><strong>ex</strong></span> 
     </span>
     <span class='ocr_line' id='line_1_53' title="bbox 204 4050 1363 4128; baseline -0.006 -19"><span class='ocrx_word' id='word_1_511' title='bbox 204 4056 393 4128; x_wconf 84' lang='lat' dir='ltr'><strong>corruptione</strong></span> <span class='ocrx_word' id='word_1_512' title='bbox 411 4053 581 4124; x_wconf 86' lang='lat' dir='ltr'><strong>opinionum</strong></span> <span class='ocrx_word' id='word_1_513' title='bbox 598 4053 711 4107; x_wconf 78' lang='lat' dir='ltr'><strong>moriae</strong></span> <span class='ocrx_word' id='word_1_514' title='bbox 727 4055 766 4106; x_wconf 82' lang='lat' dir='ltr'><strong>fn</strong></span> <span class='ocrx_word' id='word_1_515' title='bbox 783 4062 813 4106; x_wconf 87' lang='lat' dir='ltr'><strong>et</strong></span> <span class='ocrx_word' id='word_1_516' title='bbox 824 4052 1001 4121; x_wconf 83' lang='lat' dir='ltr'><strong>aegrotatio:</strong></span> <span class='ocrx_word' id='word_1_517' title='bbox 1020 4071 1066 4105; x_wconf 87' lang='lat' dir='ltr'><strong>sm</strong></span> <span class='ocrx_word' id='word_1_518' title='bbox 1078 4052 1181 4117; x_wconf 87' lang='lat' dir='ltr'><strong>levior,</strong></span> <span class='ocrx_word' id='word_1_519' title='bbox 1199 4050 1363 4105; x_wconf 83' lang='lat' dir='ltr'><strong>inconstan-</strong></span> 
     </span>
     <span class='ocr_line' id='line_1_54' title="bbox 205 4122 1363 4194; baseline -0.007 -13"><span class='ocrx_word' id='word_1_520' title='bbox 205 4131 248 4183; x_wconf 86' lang='lat' dir='ltr'><strong>tia</strong></span> <span class='ocrx_word' id='word_1_521' title='bbox 265 4135 380 4181; x_wconf 85' lang='lat' dir='ltr'><strong>tantum</strong></span> <span class='ocrx_word' id='word_1_522' title='bbox 396 4125 447 4188; x_wconf 81' lang='lat' dir='ltr'><strong>fit,</strong></span> <span class='ocrx_word' id='word_1_523' title='bbox 467 4133 496 4178; x_wconf 89' lang='lat' dir='ltr'><strong>et</strong></span> <span class='ocrx_word' id='word_1_524' title='bbox 515 4126 715 4194; x_wconf 78' lang='lat' dir='ltr'><strong>repugnantia.</strong></span> <span class='ocrx_word' id='word_1_525' title='bbox 752 4126 820 4179; x_wconf 87' lang='lat' dir='ltr'><strong>Non</strong></span> <span class='ocrx_word' id='word_1_526' title='bbox 838 4125 917 4178; x_wconf 91' lang='lat' dir='ltr'><strong>enim</strong></span> <span class='ocrx_word' id='word_1_527' title='bbox 935 4141 1019 4179; x_wconf 87' lang='lat' dir='ltr'><strong>omne</strong></span> <span class='ocrx_word' id='word_1_528' title='bbox 1042 4123 1149 4177; x_wconf 84' lang='lat' dir='ltr'><strong>vitium</strong></span> <span class='ocrx_word' id='word_1_529' title='bbox 1170 4138 1259 4192; x_wconf 84' lang='lat' dir='ltr'><strong>porea</strong></span> <span class='ocrx_word' id='word_1_530' title='bbox 1276 4122 1363 4175; x_wconf 86' lang='lat' dir='ltr'><strong>habet</strong></span> 
     </span>
     <span class='ocr_line' id='line_1_55' title="bbox 205 4193 1362 4320; baseline -0.006 -67"><span class='ocrx_word' id='word_1_531' title='bbox 205 4197 410 4253; x_wconf 74' lang='lat' dir='ltr'><strong>distentiones:</strong></span> <span class='ocrx_word' id='word_1_532' title='bbox 435 4215 502 4250; x_wconf 90' lang='lat' dir='ltr'><strong>nam</strong></span> <span class='ocrx_word' id='word_1_533' title='bbox 520 4196 572 4267; x_wconf 88' lang='lat' dir='ltr'><strong>qui</strong></span> <span class='ocrx_word' id='word_1_534' title='bbox 591 4196 826 4320; x_wconf 58' lang='lat' dir='ltr'><strong>quamproxime</strong></span> <span class='ocrx_word' id='word_1_535' title='bbox 844 4197 879 4249; x_wconf 87' lang='lat' dir='ltr'><strong>ad</strong></span> <span class='ocrx_word' id='word_1_536' title='bbox 897 4194 1067 4269; x_wconf 83' lang='lat' dir='ltr'><strong>sapientiam</strong></span> <span class='ocrx_word' id='word_1_537' title='bbox 1093 4194 1266 4269; x_wconf 80' lang='lat' dir='ltr'><strong>attigerunt,</strong></span> <span class='ocrx_word' id='word_1_538' title='bbox 1300 4193 1362 4247; x_wconf 80' lang='lat' dir='ltr'><strong>tlic-</strong></span> 
     </span>
     <span class='ocr_line' id='line_1_56' title="bbox 204 4266 1360 4341; baseline -0.006 -19"><span class='ocrx_word' id='word_1_539' title='bbox 204 4277 317 4341; x_wconf 83' lang='lat' dir='ltr'><strong>crepant</strong></span> <span class='ocrx_word' id='word_1_540' title='bbox 336 4267 454 4338; x_wconf 87' lang='lat' dir='ltr'><strong>quidem</strong></span> <span class='ocrx_word' id='word_1_541' title='bbox 477 4267 622 4338; x_wconf 83' lang='lat' dir='ltr'><strong>sibiipsi,</strong></span> <span class='ocrx_word' id='word_1_542' title='bbox 652 4284 682 4321; x_wconf 89' lang='lat' dir='ltr'><strong>se</strong></span> <span class='ocrx_word' id='word_1_543' title='bbox 728 4284 787 4322; x_wconf 91' lang='lat' dir='ltr'><strong>non</strong></span> <span class='ocrx_word' id='word_1_544' title='bbox 804 4268 846 4321; x_wconf 87' lang='lat' dir='ltr'><strong>ita</strong></span> <span class='ocrx_word' id='word_1_545' title='bbox 863 4268 986 4323; x_wconf 86' lang='lat' dir='ltr'><strong>distorto</strong></span> <span class='ocrx_word' id='word_1_546' title='bbox 1013 4275 1044 4321; x_wconf 90' lang='lat' dir='ltr'><strong>et</strong></span> <span class='ocrx_word' id='word_1_547' title='bbox 1059 4283 1149 4338; x_wconf 86' lang='lat' dir='ltr'><strong>pravo</strong></span> <span class='ocrx_word' id='word_1_548' title='bbox 1168 4266 1265 4319; x_wconf 90' lang='lat' dir='ltr'><strong>animo</strong></span> <span class='ocrx_word' id='word_1_549' title='bbox 1282 4271 1360 4330; x_wconf 88' lang='lat' dir='ltr'><strong>sunt,</strong></span> 
     </span>
     <span class='ocr_line' id='line_1_57' title="bbox 161 4338 1337 4410; baseline -0.003 -14"><span class='ocrx_word' id='word_1_550' title='bbox 161 4391 163 4396; x_wconf 88' lang='lat'><strong>.</strong></span> <span class='ocrx_word' id='word_1_551' title='bbox 206 4349 241 4394; x_wconf 90' lang='lat' dir='ltr'><strong>ut</strong></span> <span class='ocrx_word' id='word_1_552' title='bbox 257 4341 310 4394; x_wconf 88' lang='lat' dir='ltr'><strong>alii</strong></span> <span class='ocrx_word' id='word_1_553' title='bbox 327 4339 454 4392; x_wconf 86' lang='lat' dir='ltr'><strong>stultitia</strong></span> <span class='ocrx_word' id='word_1_554' title='bbox 472 4349 502 4395; x_wconf 90' lang='lat' dir='ltr'><strong>et</strong></span> <span class='ocrx_word' id='word_1_555' title='bbox 518 4339 599 4394; x_wconf 84' lang='lat' dir='ltr'><strong>vitiis</strong></span> <span class='ocrx_word' id='word_1_556' title='bbox 617 4338 757 4410; x_wconf 86' lang='lat' dir='ltr'><strong>cooperti.</strong></span> <span class='ocrx_word' id='word_1_557' title='bbox 1335 4389 1337 4393; x_wconf 74' lang='grc'>,</span> 
     </span>
     <span class='ocr_line' id='line_1_58' title="bbox 276 4405 1363 4482; baseline -0.007 -16"><span class='ocrx_word' id='word_1_558' title='bbox 276 4410 348 4466; x_wconf 84' lang='lat' dir='ltr'><strong>lbid.</strong></span> <span class='ocrx_word' id='word_1_559' title='bbox 386 4411 441 4466; x_wconf 82' lang='lat' dir='ltr'><strong>Est</strong></span> <span class='ocrx_word' id='word_1_560' title='bbox 457 4412 531 4467; x_wconf 87' lang='lat' dir='ltr'><strong>enim</strong></span> <span class='ocrx_word' id='word_1_561' title='bbox 547 4410 678 4482; x_wconf 74' lang='lat' dir='ltr'><strong>emporia</strong></span> <span class='ocrx_word' id='word_1_562' title='bbox 696 4408 860 4481; x_wconf 80' lang='lat' dir='ltr'><strong>temperatio</strong></span> <span class='ocrx_word' id='word_1_563' title='bbox 879 4441 911 4454; x_wconf 89' lang='lat'>-</span> <span class='ocrx_word' id='word_1_564' title='bbox 930 4407 1058 4464; x_wconf 79' lang='lat' dir='ltr'><strong>sanitae:</strong></span> <span class='ocrx_word' id='word_1_565' title='bbox 1086 4408 1129 4464; x_wconf 81' lang='lat' dir='ltr'><strong>sic</strong></span> <span class='ocrx_word' id='word_1_566' title='bbox 1147 4405 1238 4463; x_wconf 84' lang='lat' dir='ltr'><strong>animi</strong></span> <span class='ocrx_word' id='word_1_567' title='bbox 1254 4406 1363 4464; x_wconf 82' lang='lat' dir='ltr'><strong>dicitur</strong></span> 
     </span>
    </p>
   </div>
   <div class='ocr_carea' id='block_1_7' title="bbox 0 0 1432 5084">
    <p class='ocr_par' dir='ltr' id='par_1_11' title="bbox 0 0 1432 5084">
     <span class='ocr_line' id='line_1_59' title="bbox 0 0 1432 5084; baseline 0 0"><span class='ocrx_word' id='word_1_568' title='bbox 0 0 1432 5084; x_wconf 95' lang='lat' dir='ltr'><strong> </strong></span> 
     </span>
    </p>
   </div>
  </div>
 </body>
</html>
