2856 5084
349 285 702 353 nunananouns
723 250 785 352 an
806 286 976 354 aranon
997 287 1058 355 111.
1224 290 1287 360 aas

241 450 335 508 Simul
354 451 503 508 eonsilium
520 469 588 505 cum
605 470 638 508 re
657 450 778 507 amiati!

132 522 181 590 At,
200 523 306 594 inquis,
324 524 441 577 Tacitus
460 533 489 576 et
507 523 559 576 alii
575 524 632 576 hoo
648 525 828 580 Hellenismo
845 532 980 591 utuntur,
999 522 1183 592 eimulnobie,
1201 523 1288 579 simul

132 610 191 660 ore,
209 596 294 648 simut
311 593 496 662 septemviris,
516 593 604 646 simul
621 593 796 652 Laodicenis.
834 595 924 666 Atqui
944 614 976 649 ea
1001 596 1117 660 scabies,
1143 613 1214 666 quae
1233 613 1286 668 pro

131 663 286 738 Elegantia
312 665 478 732 habebatur,
500 667 615 717 nonnisi
637 675 753 720 mortuo
773 666 913 720 Cicerone
931 667 1064 720 Latinam
1092 666 1224 740 linguam
1242 668 1287 720 in·

130 736 211 789 fecit.
249 736 306 789 Ille
333 737 422 811 longe
446 736 628 807 parcissimus
648 746 690 790 est
709 738 740 788 in
758 737 942 791 Hellenismis
969 736 1166 791 adsciscendis.
1203 739 1287 790 Prae·

130 814 210 860 terea
228 807 358 859 advertas
376 807 476 871 velim,
496 808 538 858 in>
549 807 679 861 omnibus
696 807 783 859 huius
801 808 974 861 Hellenismi
989 808 1127 878 exemplis
1138 801 1176 860 ab
1193 806 1286 872 timul,

131 877 214 930 nulla
233 878 290 930 alio
308 878 396 931 verbo
415 879 641 943 interveniente,
660 896 727 932 cum
746 879 870 932 ablativo
890 879 1038 953 coniungi,
1064 879 1141 950 quod
1158 877 1287 952 ambigui

115 947 243 1001 ,vitandi
272 965 369 1003 caussa
394 949 587 1002 necessarium
610 957 684 1002 erat:
714 956 744 1002 at
766 950 798 1002 in
821 958 871 1003 tua
897 951 1078 1003 correctione
1097 949 1285 1024 disiungitur,

130 1018 225 1072 Sineul
241 1020 353 1070 animus
372 1036 404 1072 re
426 1018 561 1071 concidit.
1192 1072 1209 1090 ,

202 1089 273 1145 lbid.
313 1088 374 1154 Qui,
394 1090 421 1143 ei
438 1089 556 1142 uirtutes
574 1088 690 1142 ebullire
709 1092 801 1142 volent
818 1095 846 1143 et
864 1088 1043 1157 sapientius]
1079 1089 1231 1164 Ingeniosa
1257 1097 1305 1141 et⁴

129 1175 200 1212 vere
225 1169 258 1212 tu
283 1161 408 1229 reponis,
436 1159 563 1214 Ebullire
585 1161 691 1213 nolente
720 1168 768 1212 aut
792 1160 834 1214 sic
859 1160 937 1214 enim
960 1159 1116 1235 legendum
1146 1168 1198 1225 est,
1227 1169 1286 1225 aut,

131 1231 209 1299 quod
233 1230 332 1283 eodem
356 1231 441 1296 redit,
468 1233 530 1295 Qui,
556 1231 633 1284 aiei
653 1231 689 1284 ai
713 1229 833 1284 uirtutes
860 1231 976 1284 ebullire
1003 1234 1099 1285 uolent.
1138 1231 1286 1296 Ceterum,

85 1318 88 1323 ·
131 1317 200 1352 oum
222 1299 273 1352 hic
299 1301 468 1364 interpretis
492 1319 612 1353 munere
640 1303 692 1353 fun
715 1308 780 1354 atur
807 1302 919 1366 Cicero,
949 1311 978 1354 et
995 1302 1116 1355 verbum
1144 1302 1179 1354 de
1197 1300 1287 1354 verbo

131 1370 246 1436 reddat3
265 1371 436 1424 vocabulum
456 1373 684 1440 Graecumque
720 1372 770 1424 hic
788 1372 880 1425 vertit
899 1371 1025 1437 ebullire,
1050 1373 1102 1424 vix
1128 1372 1287 1425 aliudesse

130 1442 229 1511 potuit
255 1459 340 1511 quam
357 1437 535 1510 Παφλάζεινε
566 1442 596 1494 id
623 1443 700 1495 enim
728 1451 757 1494 et
782 1443 901 1513 proprie
924 1441 1043 1498 ebullire
1066 1442 1227 1517 significan
1258 1449 1289 1496 et

130 1511 338 1583 metaphorice,
358 1529 424 1564 oum
442 1514 567 1582 strepitu
586 1521 615 1565 et
633 1513 713 1564 inani
732 1513 886 1566 iactatione
904 1513 992 1566 rerba
1009 1513 1140 1567 fundere.
1179 1513 1289 1565 Noster

130 1584 201 1635 alibi
220 1583 254 1636 de
273 1583 401 1652 Epicuro
420 1593 448 1636 et
467 1585 527 1636 eius
545 1583 657 1635 asseclis
676 1582 789 1648 effutire
808 1592 837 1636 et
854 1583 994 1636 balbutire
1011 1599 1069 1637 non
1083 1583 1190 1654 dispari
1202 1599 1287 1635 sensu

130 1655 227 1708 dicere
245 1654 332 1706 solet:
353 1671 426 1723 quae
444 1663 487 1707 sat
505 1670 595 1724 prope
614 1654 753 1706 accedunt
771 1654 805 1706 ad
818 1661 965 1726 receptam
981 1654 1138 1708 lectionem
1151 1652 1291 1707 ebullires

130 1726 181 1779 aed
197 1724 253 1776 hoc
273 1724 362 1776 Nouii
381 1725 552 1777 auctoritate
572 1724 726 1776 stabilitur.
1062 1730 1064 1732 ’

202 1795 268 1865 Cap.
290 1799 331 1850 19.
368 1795 443 1849 Quid
457 1800 552 1863 petam
566 1794 719 1864 praesidii,
740 1800 789 1849 aut
807 1795 965 1864 exaequari
994 1811 1077 1864 quoru
1103 1810 1177 1848 nuuc
1204 1793 1288 1848 aare
1336 1804 1341 1808 '

131 1866 181 1931 lio,
201 1866 265 1932 ela]
290 1864 488 1917 Andromacha
504 1866 576 1918 haec
594 1866 728 1935 loquitur
746 1866 820 1935 apud
837 1867 981 1924 Enniume
1000 1867 1087 1918 verba
1105 1874 1200 1918 autem
1219 1866 1287 1918 satis

132 1954 199 1989 sana
217 1944 297 2000 sunt,
317 1936 351 1989 de
370 1937 497 1988 numeris
516 1954 620 2012 magna
639 1937 833 1989 controversia
853 1945 903 1990 est.
931 1938 1128 2006 Hieronymus
1146 1936 1288 1989 Columna

133 2015 163 2060 et
181 2008 281 2059 Petrus
299 2006 460 2060 Scriverius
479 2007 513 2058 ad
531 2005 704 2059 Trochaicos
723 2007 898 2076 septenarios
916 2007 1070 2083 redigunt,
1094 2006 1143 2059 sed
1161 2006 1287 2058 nimium
1334 2005 1336 2008 ’

132 2085 274 2148 quantum
292 2077 346 2129 sibi
364 2077 456 2129 licere
473 2078 576 2130 volunt
593 2078 625 2128 in
642 2078 797 2130 verborum
815 2077 915 2130 ordine
933 2075 1113 2132 invertendo.
1140 2075 1187 2129 Tu
1204 2084 1285 2128 recte

132 2167 169 2202 ex
187 2150 248 2218 ipso
267 2148 406 2200 Cicerone
432 2146 474 2199 lle
494 2149 612 2201 Oratore
626 2147 687 2212 111,
705 2151 749 2203 47.
773 2147 986 2214 animadvertis,
1012 2149 1124 2220 priores
1149 2155 1289 2216 quattuor

132 2218 218 2289 pedes
236 2219 269 2270 ab
288 2235 321 2271 eo
340 2218 399 2271 dici
418 2217 562 2271 creticos:
591 2219 667 2289 quod
686 2234 786 2272 eorum
805 2219 1002 2273 coniecturam
1019 2220 1149 2271 funditus
1167 2216 1284 2272 evertit.

133 2291 181 2343 Tu
198 2306 313 2358 quoque
331 2288 506 2341 Trochaicos
525 2290 705 2342 catalecticos
723 2297 832 2354 tentas5
852 2289 901 2342 sed
918 2291 1034 2343 frus-tra.
1053 2289 1201 2343 Nimirum
1219 2294 1286 2338 sunt

133 2360 245 2414 Cretici
263 2360 449 2424 Tetrametri,
478 2360 577 2429 quales
595 2360 670 2429 apud
687 2359 929 2430 Hephaestionem
945 2361 1042 2428 habes,
1071 2367 1102 2414 et
1128 2357 1203 2429 apud
1220 2356 1294 2409 Ari-r

135 2430 306 2501 stephanam
323 2445 382 2481 non
401 2430 505 2495 semel,
523 2439 557 2482 ut
575 2431 606 2503 in
623 2430 739 2501 Vespis:

239 2501 296 2552 Kal
313 2496 400 2560 ξυνὼν
414 2500 419 2568 Ι
435 2499 570 2572 Βρασίδᾳ,
584 2503 589 2565 Ι
612 2502 658 2554 καὶ
675 2500 789 2572 ‹popuirl
807 2499 951 2573 κράσπεδα

241 2570 443 2642 Στεμμάτων,1
465 2566 515 2639 τήν
528 2571 560 2623 θ’
579 2570 704 2640 bailius
721 2569 862 2642 droulpor
878 2571 996 2644 τρέφων.

134 2643 220 2713 Apud
239 2644 362 2696 Graecos
379 2645 518 2696 Paeanem
535 2643 637 2725 pedem
654 2644 708 2697 sibi
727 2645 945 2713 intermiscent,
972 2645 1047 2715 apud
1065 2643 1182 2698 Latinos
1201 2642 1307 2696 etiam·

134 2714 299 2767 Molossum.
336 2713 384 2767 Sic
404 2722 499 2767 autem
518 2713 686 2783 drsponendi
707 2723 775 2767 sunt
800 2715 833 2768 hi
851 2717 978 2774 Enniani
987 2725 1002 2770 τ’
1029 2733 1154 2786 quorum
1178 2712 1290 2785 priores

135 2784 257 2850 Cretici,
282 2785 456 2866 posteriores
474 2784 637 2837 Trochaici.

242 2856 317 2911 Quid
333 2852 440 2920 petam!
457 2852 595 2923 praesidi,
614 2861 663 2909 aut
678 2855 683 2922 l
699 2856 854 2926 exsequar?
873 2872 959 2926 quoue
978 2874 1048 2911 uuae

240 2924 375 2989 Auxilio!
394 2926 495 2990 exiliit
513 2932 562 2978 aut
579 2927 684 3000 fugae!
702 2930 779 2994 freta
798 2927 876 2980 eim?

240 3000 316 3049 Arce
334 3002 361 3049 et
379 2994 463 3063 urlbe
481 2998 550 3051 arba
567 3012 640 3050 aum.-
658 3001 663 3062 Ι
683 3015 736 3067 quo
755 2998 904 3051 accedam?
920 2998 925 3063 Ι
948 3014 1001 3068 quo
1016 2995 1180 3065 applicem?

241 3067 296 3120 (tui
313 3082 362 3120 uec
380 3083 451 3119 arae
467 3068 471 3129 Ι
486 3067 572 3136 patri'
592 3068 668 3123 domi
685 3075 771 3133 etant,
787 3068 915 3135 l-practue
933 3077 959 3122 et
978 3068 1130 3136 dieieeltae
1148 3068 1251 3121 iaceat.

239 3138 318 3191 Fara
336 3137 465 3202 flammat
483 3137 674 3206 deflagrata!
695 3139 761 3192 tosti
779 3140 832 3193 ulti
849 3147 926 3194 etant
939 3140 944 3207 Ι
958 3138 1087 3210 parietes
1093 3159 1103 3206 ;

240 3210 403 3276 Deformati
420 3209 520 3278 atlpue
538 3210 644 3263 abiecte
663 3210 766 3278 crispa.
784 3209 789 3276 Ι
806 3241 839 3253 -

134 3277 231 3348 Atque
248 3280 283 3333 hi
301 3281 420 3346 Cretici,
438 3297 498 3333 non
516 3281 611 3331 uulnus
630 3299 715 3351 quam
734 3281 782 3332 illi
798 3281 959 3346 Bacchiaci,
986 3281 1021 3334 de
1040 3281 1227 3350 quibus.iam
1246 3279 1292 3332 di·

133 3350 241 3417 ximus,
264 3352 339 3421 apud
356 3350 474 3404 Latinos
492 3351 632 3416 Comicos,
657 3351 829 3409 Terentium
854 3361 883 3404 et
900 3353 1033 3404 Plautum
1050 3352 1177 3417 latitant,
1205 3369 1222 3403 a
1241 3367 1292 3404 ne-

134 3422 214 3474 mine
232 3422 440 3484 auimadversi3
460 3423 493 3474 ln
511 3422 636 3486 Andriae
655 3421 719 3475 Act.
739 3423 786 3475 lV.
807 3422 890 3478 Sceu.
912 3427 936 3477 1.
955 3424 997 3476 sio
1015 3441 1115 3478 versus
1134 3423 1244 3498 digere,

104 3493 113 3500 ”
245 3494 335 3546 Tanta
352 3490 503 3560 velcordia
521 3489 638 3560 iuluuta
656 3490 802 3562 ouilpuam
820 3500 849 3546 ut
866 3493 931 3558 siet,

245 3564 282 3618 Ul
300 3564 382 3616 mutis
397 3564 402 3631 Ι
418 3564 568 3631 gaudeant,
587 3566 593 3623 l
610 3570 689 3632 atque
706 3581 741 3617 aa
759 3561 955 3631 iulcommodia

244 3633 390 3702 Alterilua
407 3650 457 3686 sua
473 3641 503 3686 ut
519 3635 524 3702 Ι
539 3635 715 3702 comparent!
734 3634 899 3689 commoda?
923 3633 960 3687 ab

244 3705 315 3758 ldae
332 3710 374 3756 eet
389 3701 522 3772 bairum?
547 3705 632 3758 inemo
651 3706 683 3759 iel
701 3711 743 3760 eet
758 3706 763 3773 1
778 3723 867 3775 genua
884 3703 1025 3761 bominum
1038 3706 1043 3772 Ι
1058 3704 1220 3778 pessimum,
1239 3701 1271 3757 itt

245 3772 433 3842 Denegaaldo
452 3777 534 3828 modo
550 3775 555 3843 1
572 3773 634 3846 quir
650 3774 743 3845 pudbr
758 3781 763 3843 Ι
776 3778 903 3847 paullum
921 3779 1019 3832 adeste

243 3844 313 3898 Post
331 3845 379 3897 ubi
393 3847 398 3910 1
415 3846 515 3914 tempu'
530 3845 688 3915 prolmissa
706 3848 783 3911 iamt
799 3847 908 3918 perfici,

246 3917 316 3970 tum
334 3915 443 3980 coacssti
458 3917 653 3986 ueceslaariol
671 3935 702 3972 re
719 3921 859 3988 aperiunt,
1163 3955 1179 3980 .

243 3987 280 4040 ta
298 3985 409 4039 timente
424 3989 429 4046 Ι
453 3993 479 4039 et
496 3995 587 4040 tamen
605 3988 670 4052 lrea
685 3991 792 4057 premit
810 3990 951 4057 'denega-

244 4059 294 4111 ae.
321 4055 436 4111 ibi‘tum
454 4054 564 4125 eolrum
583 4058 842 4128 impudeulliaaima
860 4055 972 4128 olratio
991 4063 1042 4111 est.

137 4134 173 4186 In
190 4130 284 4185 Plauti
306 4129 407 4181 Casina
424 4129 491 4180 Act.
511 4131 564 4183 111.
584 4128 629 4186 Sc.
649 4133 675 4186 5.
694 4131 735 4182 ita
754 4131 796 4182 dis
819 4130 923 4183 onendi
942 4137 1018 4193 sunt,

243 4201 329 4253 Nulla
348 4199 439 4266 suaa!
461 4200 539 4271 uultu
557 4202 653 4264 sumet
673 4208 743 4265 tota,
763 4149 841 4270 tolla
860 4199 959 4255 occidi.

244 4272 301 4324 Cor
319 4279 392 4325 metu
410 4272 414 4337 Ι
429 4277 566 4324 mortuum
584 4271 656 4336 est,l
678 4274 800 4326 membra
819 4269 954 4338 mieelrae
973 4274 1105 4323 lreruuut.

243 4341 346 4397 Nescio
364 4342 455 4407 ualde
474 4339 577 4408 auriti,
596 4343 601 4408 1
618 4341 757 4412 praesidi,
774 4343 778 4411 Ι
795 4339 913 4412 perfugi

245 4410 302 4481 Mt,
321 4421 369 4468 aut
388 4432 468 4485 opum
482 4415 486 4480 Ι
504 4415 632 4484 copiumt
648 4422 810 4484 comparem,
830 4418 878 4468 aut
893 4411 898 4481 Ι
914 4419 1049 4483 expetam.
