2856 5084
196 239 259 307 392
457 232 682 301 EXCURSUS
703 235 787 300 XIV
788 280 796 298 .
819 235 862 301 ad
882 236 943 304 lv.
965 238 1018 304 21.
1039 240 1090 308 48.

196 400 364 458 Bentlcium
375 398 558 473 'sequendum
576 401 656 468 duxi,
674 402 710 456 ad
727 402 810 457 cuius
827 403 1024 460 coniecturam
1042 404 1152 458 ducunt
1161 405 1232 479 ch.
1244 405 1320 459 Gud.
1332 410 1357 462 l.

196 473 285 530 Μηνὶ).
302 491 378 528 unus
396 474 448 528 Ox.
471 474 523 544 qui
538 473 644 529 habent
662 475 758 542 mrla3
777 482 807 529 ct
825 475 899 528 alius
918 477 968 529 Ox.
986 475 1019 526 in
1037 491 1104 546 quo,
1131 475 1214 530 utin
1233 476 1309 530 Gud.
1332 480 1358 532 2.

197 553 229 602 ct
245 545 356 612 Dutch„
374 545 438 617 (qui
455 544 543 599 habet
559 561 578 597 a
617 560 650 598 ro
668 547 712 612 ac)
731 552 774 600 cst
791 546 878 613 furia.
898 545 934 599 ln
952 546 1036 598 Vind.
1058 551 1082 602 1.
1101 548 1129 603 2.
1148 548 1223 599 Mon.
1244 550 1268 602 1.
1289 544 1359 617 (qui

198 616 317 673 exhibet
333 613 516 684 stomachum)
546 562 654 670 cluullus
674 618 743 672 Oxx.
763 617 853 671 Rehd.
880 617 992 693 legitur
1008 632 1071 682 una,
1097 617 1129 669 in
1146 633 1204 670 uno
1222 616 1273 670 Ox.
1303 633 1360 672 una

198 704 284 754 πτας
312 688 387 743 Gud.
414 696 443 742 ct
460 687 534 763 Aug.
559 704 625 740 cum
646 687 772 762 vulgatis
797 688 906 742 habent
922 704 998 746 cura.
1034 688 1079 742 Au
1102 689 1361 743 commendandam

198 760 357 816 lectionem
375 769 503 814 nostram
521 773 580 812 non
598 768 642 812 est
659 760 735 829 quod
752 768 817 830 post
833 759 997 814 Bentleium
1006 759 1106 814 addam
1118 759 1239 829 aliquid.
1259 761 1361 814 Unum

198 848 311 898 moneo,
331 849 366 885 cx
383 830 479 898 furiae
494 845 538 896 ac,
556 847 643 884 versu
661 844 733 884 cum·
746 829 866 885 elisione
882 831 1014 905 legendo,
1033 831 1120 884 facile
1136 830 1262 901 potuisse
1280 831 1361 899 fieri,

199 911 234 957 ut
251 903 428 957 scriberetur
444 903 540 970 surim
564 919 650 971 quam
667 917 750 972 saepe
768 902 898 967 autemf
913 910 943 956 et
961 918 976 955 ε
993 910 1207 972 permutentur,
1225 918 1285 955 non
1304 911 1361 971 cst,

199 974 276 1046 quot
301 975 432 1028 doceam:
462 972 521 1028 vid.
547 973 631 1026 modo
650 971 781 1043 Scioppii
802 971 866 1029 Art.
886 972 959 1026 crit.
979 991 1008 1044 p.
1028 975 1071 1028 4⁷.
1108 977 1263 1043 Postquam
1286 989 1361 1028 vcro

199 1047 342 1117 scriptum
359 1047 417 1099 fuit
434 1043 526 1110 curia,
555 1042 698 1097 facillime
720 1044 757 1097 ad
779 1043 911 1114 corporis
929 1043 1057 1114 aliquam
1079 1052 1193 1114 partem
1220 1043 1290 1096 inde
1310 1062 1363 1099 cx·

199 1116 392 1247 torquerffirm
408 1117 525 1189 aliquis,
543 1115 588 1173 rei
605 1113 838 1172 convenientiam
854 1132 957 1189 parum
973 1122 1126 1188 reputans,'
1146 1116 1212 1170 inde
1231 1116 1363 1172 coniecit

200 1203 279 1248 eura.
350 1204 377 1247 r.
