2856 5084
407 242 410 246 ’
506 278 637 343 nmen
659 277 705 356 v,
729 282 779 344 11.
1175 279 1216 344 oe

62 444 148 520 Quia
168 445 233 529 legi
255 451 350 506 tuum
372 463 482 527 nuper
502 447 658 527 quartum
681 442 722 505 de
742 443 888 505 Finibus.
931 442 970 504 In
992 464 1032 507 eo
1053 445 1136 506 mihi
1164 446 1216 508 vi-

63 524 196 606 debare,
240 537 359 590 contra
398 525 558 589 Catonem
596 525 774 604 disserens,
809 525 873 588 hoc
906 527 992 590 velle
1027 526 1216 607 ostendere,

62 608 151 692 quod
171 610 254 671 mihi
276 608 410 691 quidem
430 611 586 693 probare,
608 611 700 671 inter
721 588 893 671 Zenonem
915 617 949 671 et
976 610 1216 690 Peripateticos

61 691 147 754 nihil
172 702 310 774 praeter
335 693 518 754 verborum
547 694 732 754 novitatem
761 694 936 764 interesse.
985 690 1081 755 Quod
1111 694 1140 752 si
1169 695 1217 754 its

62 780 122 850 est,
145 774 223 856 quid
245 783 295 836 est
316 793 442 852 causae,
466 778 556 858 quin,
578 776 609 853 si
629 775 778 837 Zenonis
806 776 931 835 rationi
962 774 1219 838 'consentaneum

62 858 117 934 sit,
139 858 219 918 satis
240 877 393 918 maenam
420 859 490 919 vim
519 858 555 917 in
576 859 705 918 virtute
732 876 803 918 esse
831 855 873 917 ad
903 857 999 916 beate
1027 856 1219 934 vivendum,

62 938 163 1000 liceat
183 938 272 1000 idem
295 906 531 1020 i'eripateticis
554 937 687 1000 diceret
720 958 791 1000 rem
813 941 901 1000 enim
923 940 1046 1018 opinor
1074 941 1221 1020 spectari
1260 987 1262 991 ,

62 1031 232 1107 oportere,
255 1041 323 1084 non
344 1022 458 1085 verba.
502 1021 551 1086 Μ.
574 1021 629 1082 Tu
650 1020 783 1103 quidem
795 1021 925 1084 tabellis
947 1022 1129 1107 obsignatis
1151 1022 1221 1108 egis
1239 1022 1284 1089 3³2

55 1204 201 1261 'secundae
225 1225 362 1276 personae
385 1208 564 1277 passivorum
581 1210 706 1262 formam
727 1226 813 1276 quem
831 1209 863 1260 in
882 1235 915 1246 -
935 1209 970 1263 is.
1008 1210 1063 1261 Pro
1082 1208 1223 1264 disserens

63 1279 138 1334 Gud.
157 1281 184 1334 2.
211 1279 299 1330 habet
318 1279 507 1332 disertas'sed
523 1279 626 1331 literae
646 1284 658 1344 t
676 1289 818 1350 punctum
836 1279 1028 1350 subscriptum
1048 1287 1099 1335 est.
1135 1279 1219 1333 Verb.

65 1365 102 1400 ex
119 1351 169 1400 ltls.
189 1350 286 1401 nescio
306 1366 362 1418 quo
382 1351 510 1403 enotavit
528 1367 589 1418 pao
607 1348 679 1403 mibi
700 1366 753 1420 pro
772 1352 860 1416 qnod
877 1348 956 1405 mibi.
993 1351 1052 1404 Mr.

137 1420 217 1474 Quod
234 1418 304 1473 mibi
321 1419 430 1488 quidem
447 1420 580 1490 probare]
611 1422 706 1496 Vulgo
721 1422 869 1488 probator.
889 1422 962 1474 llled.
983 1430 1012 1474 et
1029 1422 1097 1475 Bak.
1115 1421 1222 1490 proba-

64 1496 150 1542 retur.
175 1490 214 1541 At
226 1493 294 1614 Reg.
316 1499 344 1542 et
358 1490 505 1545 Pithoean.
524 1491 653 1558 probare,
674 1492 803 1561 quodCl.
814 1493 946 1546 Bentleio
965 1493 1028 1544 iure
1039 1493 1162 1562 placuit.
1182 1493 1219 1546 D.

135 1561 208 1630 qnod
230 1562 301 1616 mii
327 1561 437 1630 qnidam
457 1563 649 1630 probatur]
695 1563 772 1628 „Est
799 1564 916 1632 quidem
940 1565 1063 1630 probare
1092 1565 1123 1614 in
1151 1563 1220 1618 eod.

62 1632 131 1704 Reg.
152 1641 181 1683 et
199 1632 312 1701 aliquot
329 1633 408 1686 aliis:
428 1650 482 1685 nec
500 1650 569 1686 vero
589 1633 734 1708 intelligo,
762 1634 904 1704 quomodo
927 1634 957 1686 id
975 1643 1075 1687 contra
1092 1633 1222 1703 reliquo-

62 1719 129 1754 rum
152 1703 297 1755 librorum
321 1703 478 1756 lectionem
503 1704 656 1757 meliorem
680 1704 796 1775 probari
821 1705 955 1775 potuerit:
969 1704 1100 1757 Bentleio
1119 1713 1149 1757 et
1166 1705 1221 1758 Da-

62 1772 168 1826 visio.“
185 1773 275 1826 Boni.
305 1773 394 1839 „Dea
415 1775 506 1826 edidit
522 1776 651 1843 probare.
689 1775 812 1827 Videtur
830 1777 933 1828 addere
950 1776 1076 1828 voluisse
1093 1775 1219 1830 viderier

63 1850 93 1895 et
117 1844 159 1896 sic
186 1853 228 1897 est
242 1847 285 1896 in
307 1844 365 1897 ΜΕ.
394 1846 491 1899 Guelf.
516 1864 608 1915 neque
634 1846 664 1899 id
687 1846 850 1916 displicet.“
878 1847 944 1898 Ern.
986 1847 1078 1898 Habet
1097 1847 1221 1914 probare

61 1913 174 1967 videris
193 1914 259 1968 (lod.
280 1915 404 1991 Auget
421 1917 475 1972 Ed.
495 1919 527 1972 P.-
544 1921 649 1970 Paueos
667 1916 756 1970 libros
775 1916 854 1970 loss.
870 1917 1035 1969 habereiit
1054 1917 1101 1970 Or.
1119 1918 1221 1984 proba-
1284 1968 1287 1989 ,

61 1992 147 2038 retur.
184 1988 284 2039 Nostri
302 1996 391 2052 certe,
412 1996 541 2056 excepto,
567 2006 655 2056 quem
672 1988 807 2052 diximus,
831 2004 929 2040 omnes
946 1986 1054 2040 hebent
1075 1988 1220 2056 probatur,

63 2057 139 2125 quod
157 2058 327 2110 servandum
346 2059 423 2110 duxi.
461 2061 528 2110 Mox
553 2059 584 2110 in
601 2059 729 2112 unoOx.
749 2058 862 2134 legitur
885 2055 958 2111 nibil
980 2065 1097 2126 petest
1123 2060 1220 2112 aerbo-

61 2142 132 2192 rnm,
153 2146 187 2180 ex
204 2146 358 2198 perperam
377 2130 644 2200 leotoeompendio.
664 2130 749 2182 Vind.
762 2135 786 2187 l.
807 2130 918 2183 omittit
935 2130 1092 2185 verboram.
1110 2133 1223 2189 blond..

62 2205 90 2250 et
108 2199 205 2250 Duisb.
224 2199 331 2252 habent
349 2201 499 2254 novitatem
516 2202 668 2255 verborum.
706 2202 766 2254 Mr.
1205 2259 1206 2264 ἵ

134 2271 213 2326 Quod
232 2269 260 2322 si
277 2271 319 2323 ita
339 2273 400 2338 est,]
412 2273 528 2324 ¹Desunt
540 2271 611 2325 haec
623 2289 713 2339 usque
725 2272 760 2323 ad
769 2273 856 2325 verba
873 2274 975 2327 virtute
990 2289 1048 2326 esse
1060 2275 1092 2324 in
1105 2273 1180 2327 Gud.
1193 2279 1219 2330 2.

60 2351 183 2410 propter
208 2337 399 2411 ὁμοιοτέλευτα
425 2343 560 2394 interesse
590 2351 619 2394 et
644 2358 710 2406 esse,
739 2343 823 2394 oculo
848 2343 957 2396 scribae
985 2345 1142 2399 aberrante.
1185 2347 1221 2399 ln

62 2427 120 2462 uno
140 2411 189 2462 Ox.
209 2412 288 2463 deest
310 2413 359 2464 st·
386 2412 427 2463 Ad
451 2412 628 2464 locutionem
653 2413 720 2480 qnid
743 2419 784 2465 est
803 2429 913 2478 causae,
940 2413 1005 2484 qnin
1031 2416 1144 2467 nemini
1161 2433 1221 2470 non

63 2482 96 2531 in
114 2490 244 2534 mentem
261 2482 359 2533 veniat
384 2483 459 2534 illud
477 2483 591 2535 Horatii
601 2482 667 2547 ‚Sat
688 2485 709 2536 l.
731 2488 755 2539 l.
775 2487 826 2540 20:
862 2486 935 2540 Qnid
952 2501 1052 2538 causae
1071 2493 1121 2551 est,
1156 2489 1222 2556 quin

64 2551 128 2604 iilis
145 2553 274 2619 Iuppiter
292 2553 387 2620 ambas
404 2554 505 2605 Iratus
524 2554 728 2618 boccasintiet.
766 2554 822 2608 Sed
841 2555 942 2610 Cicero
966 2574 1080 2627 quoque
1104 2559 1144 2610 ita
1162 2576 1222 2611 sae-

62 2623 188 2692 pissime.
226 2623 283 2688 Sic,
302 2632 336 2674 ut
353 2622 409 2675 hoc
427 2632 569 2687 utentes
588 2627 620 2676 in
638 2627 685 2679 Or.
704 2643 758 2695 pro
778 2626 891 2691 Quinot.
910 2631 936 2693 9,
955 2630 1003 2682 322'
1029 2630 1132 2681 sensae
1149 2628 1223 2683 ninii

63 2702 143 2760 esset,
164 2697 230 2764 quin
248 2710 325 2746 seras
343 2694 561 2765 indicaret-ipse
580 2696 673 2761 ‹te'se3
694 2700 737 2757 lt),
753 2699 802 2752 57:
822 2713 923 2751 canses
941 2698 985 2751 nil
1002 2697 1133 2765 dicineus,
1153 2700 1222 2770 quin

62 2765 118 2818 tibi
143 2765 331 2824 vadimonium
356 2766 538 2832 promiserim
570 2769 615 2832 st,
635 2770 683 2824 84:
709 2767 783 2820 Nam
810 2770 876 2837 qaid
902 2776 945 2821 est
963 2772 1075 2835 censae,
1104 2775 1170 2840 quin
1189 2800 1222 2810 -

62 2852 116 2903 ego
133 2836 282 2905 sponsione
300 2835 425 2889 vicerim.
447 2837 513 2889 Cod.
534 2838 620 2891 llllarb.
639 2838 725 2891 habet
748 2841 791 2908 qvis
809 2838 943 2902 Zenonis,
962 2844 1037 2892 llllon.
1057 2844 1082 2894 2.
1111 2842 1222 2895 omittit

51 2910 97 2961 si.
118 2907 202 2963 Vind.
224 2912 247 2960 l.
275 2908 391 2959 exhibet
416 2907 484 2975 qaid
511 2924 640 2961 censae
658 2917 708 2962 est
728 2940 760 2952 —-
784 2910 911 2962 Zenonis
935 2910 1113 2975 orationi,
1145 2913 1224 2982 quod

62 2986 105 3031 est
123 2978 311 3043 correctoris,
340 2977 407 3030 Cod.
426 2977 459 3031 A.
479 2979 606 3032 Zenonis
632 2995 770 3034 cansam
794 2997 867 3033 cons.
888 2982 941 3039 Ed.
960 2984 989 3037 P.
1010 2982 1121 3034 omittit
1138 2984 1221 3051 satis,

61 3067 134 3100 unus
154 3049 204 3101 Ox.
223 3066 324 3101 vocem
342 3065 412 3112 esse,
432 3050 505 3101 alius
523 3067 625 3102 vocem
646 3051 728 3104 idem.
765 3051 825 3103 Mr.

135 3119 176 3171 Ta
196 3120 306 3189 quidem
328 3120 439 3172 tabellis
465 3121 623 3189 obsignatis
651 3122 717 3190 agis
740 3123 876 3188 assensn]
913 3123 1059 3189 „Quando
1079 3125 1223 3196 quispiam

61 3190 175 3243 diversa
193 3191 265 3242 dicit
283 3190 316 3242 ab
337 3191 382 3256 iis,
407 3208 478 3259 quae
497 3192 566 3244 alias
585 3192 727 3262 probavit,
752 3194 875 3245 solemus
893 3195 1012 3247 tabellas
1036 3196 1117 3247 illius
1135 3215 1222 3250 manu

61 3262 182 3330 scriptas
208 3262 425 3336 obsignatasque
452 3264 585 3330 proferre
604 3263 639 3314 ad
664 3265 887 3338 coarguendum,
907 3266 1024 3334 ¹quibus
1046 3267 1222 3332 continetur,

63 3333 135 3402 quid
158 3332 214 3384 alio
238 3340 369 3402 tempore
397 3333 534 3401 senserit:
566 3351 637 3402 quae
662 3335 802 3388 refutatio
829 3345 872 3388 est
897 3336 1105 3405 potentissima.
1142 3337 1222 3390 Dicit

62 3405 169 3477 igitur:
206 3421 252 3456 me
277 3403 403 3455 revincis
433 3407 564 3457 meorum
593 3403 743 3457 librorum¹
765 3406 962 3462 testimonio.“
985 3408 1120 3461 Beroald.
1137 3431 1141 3436 ¹
1157 3408 1221 3461 vid.

61 3475 171 3548 Adegia
189 3475 303 3526 Erasini
322 3483 352 3526 et
370 3475 417 3525 all.
433 3493 466 3544 p.
489 3478 549 3529 160.
569 3475 596 3526 b.
619 3475 662 3528 ed.
682 3477 834 3531 Wechel.-
854 3479 915 3532 Mr.

136 3545 261 3598 Tarbellis
286 3544 448 3612 obsignatis
473 3544 540 3612 agis
563 3547 682 3612 meeum]
719 3551 764 3600 ltle
790 3548 966 3619 scriptorum
992 3566 1123 3601 meorum
1140 3551 1222 3603 testi-

55 3618 160 3670 monio
179 3617 338 3690 redarguis.
372 3616 541 3686 Metapbora
558 3617 642 3668 ducta
661 3627 704 3671 est
722 3619 805 3688 aSyn
829 3620 926 3690 raphis
944 3622 1051 3672 annulo
1069 3621 1118 3674 vel
1137 3639 1223 3675 manu

60 3688 190 3762 signatis,
211 3705 279 3755 quas
298 3687 329 3737 in
347 3703 496 3738 causarum
514 3689 625 3742 actione
642 3637 878 3760 wasmont-bati.
898 3729 901 3732 >
916 3691 952 3744 D.
1032 3700 1034 3704 ’

134 3776 243 3828 tabellis
257 3774 425 3842 obsignatis]
445 3776 603 3830 Forcellin.
622 3796 650 3830 v.
662 3778 846 3846 obsignatus:
866 3782 1074 3846 „Proverbium
1093 3783 1221 3850 ductum,

62 3847 177 3917 opinor,
197 3865 212 3898 a
230 3847 288 3898 fori
308 3846 522 3912 consuetudine,
550 3849 601 3899 ubi
628 3849 748 3903 tabellae
768 3852 825 3903 rite
850 3853 1011 3926 obsignatae
1031 3854 1056 3902 si
1073 3855 1224 3920 proferan-

62 3927 121 3984 tur,
142 3919 176 3969 iis
196 3917 338 3990 refragari
352 3934 411 3968 non
422 3917 525 3973 lieet.“
544 3917 685 3975 Scheller.
707 3921 817 3973 inLex.
829 3939 857 3973 v.
870 3923 989 3974 tabella:
1009 3922 1061 3973 Du
1079 3924 1223 3976 nimmst

63 3988 123 4041 ein
142 3986 334 4041 Protokoll
362 3987 448 4039 iiber
475 3988 533 4039 das
559 3991 634 4054 auf,
660 4009 728 4045 was
755 3992 815 4044 ich
833 4002 958 4067 gesagt
976 3991 1093 4044 habe.“
1129 3994 1222 4047 Beier.

58 4059 98 4114 ,ad
108 4059 167 4112 Cic.
187 4076 239 4128 pro
259 4059 412 4128 Scaurop.
424 4062 484 4111 211.
505 4060 539 4112 ad
556 4077 584 4111 v.
605 4062 805 4128 obsignaverat
823 4067 950 4117 litteras:
971 4063 1082 4115 diversa
1099 4065 1222 4119 miscere

61 4130 104 4181 ait
121 4132 289 4196 Ernestum,
323 4130 375 4199 qui
394 4130 596 4200 explicabista
617 4134 717 4185 verba:
745 4135 819 4186 velut
848 4152 863 4188 e
886 4131 1058 4204 syngrapba.
1097 4137 1160 4206 Ipse
1188 4138 1223 4190 ad

62 4200 150 4252 illum
168 4202 277 4255 locum:
306 4201 464 4266 „Solebant
488 4200 520 4250 in
538 4218 621 4254 causa
645 4206 871 4272 repetundarum
895 4223 953 4258 non
971 4207 1063 4258 solum
1083 4210 1127 4260 rei
1145 4210 1223 4262 codi-

61 4290 118 4338 ces,
139 4273 188 4325 sed
205 4272 430 4342 provincialium
448 4271 535 4323 etiam
553 4273 665 4326 tabulae
685 4283 714 4326 et
732 4276 859 4337 litterae.
872 4285 935 4329 tum
954 4277 1017 4342 [scr.
1037 4281 1107 4347 cani]
1127 4281 1222 4350 publi-

61 4347 121 4410 cae,
141 4346 352 4414 tum'privatae
371 4343 516 4467 obsignari
535 4344 567 4395 ab
587 4344 631 4409 iis,
651 4346 702 4414 qui
723 4346 895 4417 inquisitum
913 4349 1048 4415 ivissent,
1067 4353 1170 4422 hisque
1188 4363 1222 4406 ut

60 4415 192 4483 omnium
209 4415 371 4468 tabularum
391 4424 420 4469 et
451 4416 603 4468 itterarum
622 4417 708 4470 fieret
725 4426 858 4489 potestas,
881 4420 993 4496 legibus
1011 4433 1142 4477 sanetum
1160 4434 1221 4479 erat
