2856 5084
590 285 721 351 mann
741 288 787 366 v,
807 287 858 355 ao.
951 250 961 258 ”
1221 286 1286 356 aaa

136 457 296 518 tationem
318 453 421 515 animi
443 470 481 514 ac
503 452 720 535 voluptatem,
748 460 806 515 aut
832 453 986 534 cuiquam
1015 451 1113 516 docto
1133 451 1285 517 defuisse

134 559 279 622 unquam
300 533 527 598 arbitramur?
549 536 627 615 Aut,
650 537 686 596 ni
706 537 754 597 ita
771 555 805 598 se
818 553 872 597 res
890 535 1038 612 baberet,
1060 535 1354 622 Anaxagorasqllb.

135 631 195 686 aut
214 622 269 683 hic
289 621 361 698 ipse
382 619 607 695 Democritus,
627 636 727 702 agros
749 626 784 679 et
811 617 1013 696 patrimonia
1042 637 1116 679 sua·
1130 621 1284 702 reliquis·
1354 658 1358 670 ·

134 703 225 766 sentl
257 704 337 764 hnic
358 699 506 779 discendi
528 699 777 782 quaerendique
806 698 938 762 divinae
967 699 1182 762 delectationi
1210 712 1283 766 toto

133 805 169 849 se
191 787 303 847 animo
331 781 531 846 dedissentl.
560 781 676 864 Itaque
706 800 869 866 augurem
889 782 1070 859 Tiresiam,
1103 801 1200 866 quem
1229 805 1282 847 sa-

132 872 282 950 pientem
304 867 435 952 fingunt
456 871 587 947 poetae,
609 882 776 945 nunquam
797 862 960 927 inducunt
971 863 1200 948 deplorantem
1211 884 1282 928 cae-

133 954 270 1012 citatem
299 969 403 1013 suam.
447 949 492 1009 At
520 964 603 1008 vero
632 945 872 1029 Polyphemum
894 947 1074 1025 Homerus,
1098 967 1199 1030 quum
1219 944 1285 1010 im-¹

131 1053 264 1095 manem
296 1035 471 1111 ferumque
498 1029 657 1106 finxisset,
692 1048 767 1089 cum
789 1029 895 1090 ariete
916 1031 1018 1091 etiam
1040 1030 1283 1113 colloquentem

132 1117 224 1192 facit,
258 1115 393 1193 eiusque
426 1109 563 1173 laudare
594 1113 758 1183 fortunas,
811 1108 888 1188 uod,
921 1131 987 1193 qua
1007 1112 1118 1192 vellet,
1149 1111 1286 1257 ippredi

131 1204 257 1279 posset,
280 1203 322 1266 et,
344 1214 427 1276 quae
447 1193 559 1264 vellet,
580 1195 757 1276 attingere.
823 1192 961 1255 ectohic
983 1193 1130 1275 quidem.
1198 1195 1282 1257 ihilo

132 1281 224 1340 enim
244 1286 318 1339 erat
338 1279 410 1360 ipse
432 1274 584 1358 Cyclops,
607 1294 706 1357 quam
726 1275 813 1337 aries
834 1276 903 1353 ille,
924 1275 1136 1359 prudentior.

133 1447 224 1502 Boub.
261 1447 364 1501 Probat
388 1448 465 1500 idem
491 1449 600 1500 factum
625 1447 775 1512 Erasmus,
802 1447 969 1518 recepitque
987 1463 1034 1512 an,
1063 1447 1139 1517 qn'od
1158 1464 1194 1500 ex
1210 1449 1283 1502 Ddd.

132 1528 204 1571 vett.
224 1517 331 1571 habent
349 1518 427 1573 Crat.
447 1517 507 1583 [sed
525 1535 616 1593 marg.
637 1516 697 1584 aul]
725 1518 823 1573 Herw.
845 1521 869 1573 l.
890 1519 916 1575 2.
954 1516 1102 1594 Gupidius,
1129 1526 1214 1588 quam
1237 1520 1285 1574 de-

131 1589 205 1642 buit.
241 1591 329 1642 Recte
346 1589 466 1643 Billerb.
494 1606 588 1658 neque
606 1588 666 1655 hic,
692 1604 787 1657 neque
814 1605 900 1659 supra
922 1585 945 1652 fi.
966 1592 1025 1644 1⁰9.
1054 1593 1104 1641 nat
1120 1589 1203 1643 Plato
1227 1598 1283 1643 cet.

96 1665 99 1669 ’
133 1660 390 1734 interrogationem
412 1676 481 1712 vere
500 1659 702 1714 disiunctivam
726 1659 767 1711 ait
785 1659 920 1728 reperiri.
957 1659 992 1710 In
1019 1669 1117 1714 nostro
1135 1660 1222 1713 Marb.
1242 1660 1286 1714 le-

155 1731 214 1782 itnr
232 1730 410 1783 arbitramur
428 1737 463 1783 nt
481 1728 604 1794 baberet,
624 1728 877 1794 arnissis'mediis3
902 1728 935 1780 in
953 1730 1027 1783 Gud.
1042 1733 1072 1784 2.
1098 1738 1148 1783 aut
1171 1731 1287 1784 nudas

133 1749 245 1854 {eres
264 1799 382 1867 baberet,
402 1802 434 1852 in
453 1801 526 1854 Gud.
546 1799 667 1853 babeat.
700 1799 783 1851 Vind.
805 1804 828 1854 1.
849 1802 875 1855 2.
903 1800 935 1853 ni
951 1801 994 1854 ita
1020 1817 1081 1854 res
1107 1818 1144 1855 se
1159 1799 1285 1868 baberet,

134 1872 189 1923 Ed.
209 1870 269 1926 Alt.
289 1872 357 1936 sola,
375 1880 409 1923 ut
426 1873 552 1936 videtur,
572 1871 682 1924 omittit
700 1886 739 1934 se,
759 1871 836 1938 quod
854 1871 885 1922 in
902 1869 957 1922 hac
975 1871 1122 1926 locutione
1141 1889 1200 1925 non
1217 1889 1285 1927 raro

134 1941 224 1994 deest.
261 1942 367 1994 Vocem
385 1939 430 1994 tic
448 1941 480 1992 in
498 1958 577 2010 seqq.
597 1941 737 1993 omittunt
754 1940 841 1996 Codd.
860 1940 944 1992 Vind.
964 1946 989 1998 1.
1009 1944 1035 1996 2.
1055 1943 1098 1995 De
1117 1942 1285 2018 Anaxagora

135 2020 165 2065 et
182 2010 349 2064 Democrito
367 2012 427 2064 vid.
446 2009 620 2063 Schaubach.
641 2011 677 2063 de
694 2010 820 2062 Anaxao.
838 2027 867 2079 p.
887 2012 911 2064 7.
932 2013 958 2065 8.
994 2012 1053 2064 Mr.

134 2153 175 2207 lx
203 2081 395 2210 {lgnaaqqgoras
414 2101 448 2121 ...
467 2081 661 2148 Democritus]
697 2081 770 2134 Vide
793 2054 961 2156 Plenagium
992 2082 1027 2135 ad
1051 2083 1162 2137 hairtii
1185 2084 1231 2152 11,
1256 2089 1284 2144 6.

175 2189 184 2219 ’
204 2231 230 2276 et
244 2223 418 2292 patrimonia
437 2239 489 2276 sua
507 2221 720 2292 reliquissentl]
757 2223 845 2275 Abest
862 2228 888 2276 el
906 2222 939 2275 ab
956 2241 1015 2277 uno
1033 2223 1083 2281 Ox.
1102 2225 1194 2278 Habet
1217 2225 1286 2281 reli-

134 2293 242 2362 quisset
258 2295 387 2356 Wolfius
412 2295 444 2345 in
466 2295 519 2347 Ed.
541 2297 570 2359 13
604 2303 634 2346 et
657 2295 698 2345 ita
722 2294 864 2362 scriptum
889 2295 1005 2363 reperio
1033 2294 1065 2345 in
1088 2295 1173 2348 Codd.
1198 2296 1285 2350 Bern.

132 2364 220 2416 vind.
240 2367 265 2418 l.
293 2365 393 2448 Pergit
410 2367 486 2417 Mon.
508 2369 532 2419 1.
552 2370 584 2417 et
602 2362 665 2416 leuia
682 2362 817 2426 dicendi,
835 2363 933 2419 Duisb.
954 2371 986 2417 et
1005 2361 1070 2417 buia
1087 2367 1287 2435 quaerendi

134 2434 380 2503 discendique31n
399 2434 473 2488 Gud.
492 2439 519 2490 1.
538 2442 580 2486 est
599 2433 827 2503 relinquissent.
864 2435 945 2486 Unus
964 2436 1014 2489 Ox.
1033 2435 1119 2489 habet
1138 2438 1211 2491 diem
1227 2455 1283 2508 pro

134 2505 256 2559 diuinae.
293 2504 372 2570 Quod
390 2505 452 2556 dixi
471 2522 527 2559 esse
545 2505 576 2556 in
594 2504 701 2558 duobus
720 2503 804 2557 Codd.
824 2511 853 2558 et
870 2513 936 2559 ante
954 2502 1029 2572 duic,
1054 2507 1226 2562 coniioiebat
1243 2510 1286 2563 le-

132 2576 261 2652 gendum
277 2575 458 2632 Bouhierius.
495 2576 555 2628 Mr.
848 2621 851 2624 ⁴

205 2652 261 2699 toto
280 2661 317 2699 ,se
341 2646 435 2700 animo
462 2645 706 2713 dedidissent]
753 2646 861 2712 „libri
887 2648 1015 2718 quinque
1039 2657 1151 2702 veteres
1178 2650 1209 2703 in
1238 2650 1285 2705 bis

132 2716 304 2770 Huraltinus
323 2726 353 2770 et
370 2716 507 2783 Danielis,
525 2716 632 2770 habent
650 2718 802 2772 dedissent:
828 2719 905 2788 quod
928 2721 1018 2794 magis
1042 2719 1164 2790 probo.“
1187 2720 1284 2776 Lami.

132 2787 312 2853 „Dediseent
337 2788 369 2839 in
395 2797 492 2841 nostro
520 2805 634 2858 quoque
653 2787 711 2842 MS.
739 2787 768 2841 le
790 2788 882 2841 itur.“
905 2789 967 2842 Fre.
987 2791 1071 2846 Febr.
1108 2792 1287 2856 „Dedissent

133 2858 255 2910 exhibeo
273 2875 309 2910 ex
327 2857 388 2910 illis
406 2858 491 2911 Godd.
518 2867 546 2910 et
571 2860 699 2928 quinque
717 2862 754 2911 Pa
780 2857 811 2915 .“
828 2857 910 2912 Gella
949 2860 1132 2931 Dedidissent
1155 2864 1286 2916 restituit

131 2928 203 2981 Dav.
232 2929 263 2979 in
280 2926 334 2983 Ed.
352 2931 379 2984 2.
402 2929 484 2980 nulla
507 2928 620 2983 ratione
646 2929 755 2984 additae
784 2931 816 2981 in
839 2929 893 2985 Ed.
912 2933 938 2986 3.
961 2933 1049 2984 tacite
1076 2932 1226 3001 (videlicet
1249 2950 1286 2985 ex

133 2999 201 3053 Cod.
228 2999 312 3072 Reg.)
343 3000 456 3069 recepit
483 2998 632 3054 dedissent.
670 2999 743 3052 Cum
769 3009 927 3070 utrumque
950 3009 1030 3054 recte
1057 3003 1177 3068 dicatur,
1208 3002 1284 3070 dedi,

133 3071 210 3141 quod
227 3070 378 3122 suadebant
396 3070 500 3123 librio
522 3071 602 3124 timi:
630 3072 700 3145 Reg.
721 3071 796 3124 Gud.
817 3076 840 3126 1.
861 3073 887 3128 2.
907 3072 976 3125 Oxx.
998 3088 1094 3127 omnes
1121 3071 1190 3138 (nisi
1228 3075 1285 3129 uod

132 3159 207 3194 unus
233 3141 320 3193 habet
343 3139 473 3207 dedisset)
501 3087 590 3194 Aeno.
612 3141 685 3195 Gud.
705 3141 801 3194 Duisb.
827 3142 913 3194 lVlarb.
937 3145 1012 3195 Mon.
1034 3148 1057 3201 1.
1079 3147 1104 3200 2.
1130 3154 1159 3197 et
1176 3092 1286 3199 hadent

131 3213 204 3265 Edd.
225 3215 253 3264 P.
273 3210 307 3265 A.
325 3211 356 3263 Β.
377 3211 404 3265 S.
424 3211 459 3263 E.
479 3213 511 3263 1..
531 3213 600 3265 Ven.
620 3220 708 3265 nostr.
728 3212 793 3265 Asc.
814 3217 838 3266 1.
859 3212 938 3282 sylb.
957 3214 1079 3271 HWolf.
1101 3215 1192 3268 Gebh.
1209 3216 1283 3274 Em.

132 3283 222 3337 Nobb.
242 3283 314 3337 Tbn.
352 3283 386 3334 ln
405 3299 484 3352 seqq.
512 3282 620 3336 habent
640 3282 784 3352 Tyresiam
810 3282 896 3349 Codd.
914 3287 989 3337 ltlon.
1010 3287 1036 3339 2.
1058 3293 1087 3337 et
1105 3287 1209 3349 Μετὰ,
1228 3287 1284 3341 duo

134 3354 204 3407 (lxx.
222 3354 380 3421 plorantem
397 3369 452 3422 pro
469 3355 662 3422 deplorantem
682 3371 748 3406 cum
766 3353 850 3405 Vind.
870 3359 905 3418 13
928 3371 982 3425 pro
998 3357 1161 3410 caecitatem
1183 3365 1225 3408 est
1244 3359 1285 3413 ci-

131 3424 526 3492 circummundanum
553 3423 759 3491 Poliplsemum
778 3423 862 3478 Codd.
882 3427 1003 3489 Mami.
1024 3428 1049 3481 2.
1077 3427 1164 3480 Illarb.
1201 3425 1285 3480 Solus

131 3496 230 3548 Duisb.
251 3494 336 3547 habet
354 3493 549 3565 Polyphemum
572 3512 673 3549 suum.
702 3497 789 3551 Marb.
810 3494 990 3561 immanum3
1022 3496 1097 3548 Gud.
1126 3497 1213 3550 etiam
1231 3498 1285 3550 lo·

133 3566 394 3636 queatemaGud.
419 3571 443 3621 l.
462 3568 588 3633 risisset
606 3583 660 3636 pro
677 3565 835 3632 finxisset.
872 3569 926 3619 Pro
946 3567 1065 3620 laudare
1091 3569 1166 3620 solus
1184 3569 1282 3622 Lamb.

132 3637 304 3701 laudantem
324 3644 353 3688 et
371 3652 437 3687 cnm
457 3654 490 3690 eo
508 3638 574 3689 Frc.
588 3636 695 3704 ,Fabrj
715 3637 795 3704 Quod
811 3637 882 3690 h.‘l.
900 3638 1031 3702 fortunas
1042 3640 1136 3709 posuit
1154 3656 1207 3708 pro
1225 3643 1285 3707 fon-
1320 3662 1322 3666 ⁷

132 3714 239 3769 tanam,
260 3705 335 3770 (cum
353 3705 460 3775 plurali
478 3723 599 3760 numero
618 3708 707 3760 soleat
725 3709 769 3760 uti
786 3725 841 3778 pro
858 3709 1051 3776 facultatibus,
1076 3729 1109 3764 re
1133 3711 1284 3777 familiari,

132 3775 257 3840 divitiis)
282 3775 312 3827 id
329 3792 394 3828 raro
413 3778 485 3829 fecit
502 3780 617 3832 Cicero:
645 3779 732 3832 habet
753 3787 850 3832 tamen
869 3780 915 3833 Or.
941 3781 1224 3850 presumente:
1254 3791 1284 3834 et

131 3847 271 3902 secundas
288 3846 416 3910 fortunas
433 3847 562 3904 amittere
580 3857 692 3903 coactus
710 3857 758 3903 est.
795 3851 853 3904 Ubi
871 3851 950 3903 enim
974 3853 1106 3917 fortunas
1128 3852 1212 3920 ponit
1228 3866 1284 3920 pro

131 3917 331 3981 facultatibus,
349 3933 406 3968 non
424 3918 526 3972 addere
544 3921 619 3972 solet
635 3923 780 3974 secundas.
802 3920 868 3974 Ood.
890 3923 963 3972 ltlon.
984 3924 1009 3973 l.
1030 3920 1116 3972 habet
1133 3921 1204 3987 qnod
1220 3936 1284 3989 quo

131 3991 223 4055 vellet,
243 3996 272 4040 et
290 3989 331 4039 iic
349 3987 420 4044 Edd.
439 3987 473 4041 A.
491 3991 522 4045 B.
543 3991 570 4043 S.
590 3991 628 4043 E.
648 3992 678 4046 G.
698 3994 731 4043 V.
751 3993 822 4045 Van.
843 3999 931 4043 nostr.
952 3989 1116 4052 luntAsc.
1137 3993 1163 4046 2.
1183 3992 1281 4048 Heras.

136 4066 161 4116 1.
181 4065 207 4117 2.
228 4059 295 4112 Rob.
316 4058 415 4127 steph.
453 4060 487 4111 ln
505 4061 579 4113 Edd.
597 4065 633 4114 Μ.
654 4063 719 4118 Ald.
740 4071 783 4114 est
801 4075 890 4129 quam
929 4061 988 4113 Mr.

204 4130 273 4184 (lum
292 4128 390 4182 ariete’
408 4128 493 4182 etiam
509 4132 707 4200 colloquentem
731 4131 811 4198 facit]
847 4131 977 4184 Arietem
1001 4146 1067 4194 sane
1091 4132 1283 4203 Polyphemus

131 4200 299 4271 adloquitur
317 4201 412 4271 Odyss.
432 4200 456 4266 1,
475 4204 537 4256 447.
577 4202 632 4255 Sed
650 4202 756 4254 nullibi
774 4202 857 4269 dicit,
876 4220 947 4273 quae
965 4209 1063 4255 narrat
1081 4203 1196 4258 Cicerae
1216 4217 1283 4276 qua-

131 4269 254 4343 propter
270 4272 327 4325 hoc
343 4269 516 4344 μνημονικὸν
533 4273 685 4326 videturd
709 4267 825 4345 ἄρτημα.
861 4274 899 4334 D,
1115 4287 1118 4290 ’

204 4351 239 4409 et,
259 4359 328 4414 quae
346 4345 439 4410 vellet,
458 4344 612 4414 attingere]
650 4382 668 4412 „
700 4345 796 4398 uidam
813 4346 841 4397 le
864 4346 874 4397 i
892 4343 1013 4398 volunt:
1039 4352 1074 4413 et,
1097 4363 1168 4417 quae
1189 4348 1281 4414 vellet,

136 4413 333 4483 adspicere.
369 4417 434 4492 Ego
452 4417 530 4470 nihil
548 4417 662 4470 muto.“
688 4415 785 4473 Lami.
822 4451 841 4485 „
870 4417 928 4471 abr·
949 4417 1062 4475 Gembl.
1086 4422 1170 4477 Mart.
1195 4418 1282 4489 Palat,
