2856 5084
430 267 653 333 EXCURSUS
675 260 845 334 X.'ad11.
872 268 919 332 15.
940 269 990 333 35.
1223 269 1283 334 381

135 433 265 486 dolorem
291 431 465 508 significant,
493 427 603 500 linare*
626 433 713 496 aliud,
745 449 801 499 quo
823 433 960 498 laborem,
989 424 1087 496 πόνον,
1109 429 1165 484 hoc
1188 439 1286 484 tamen

135 504 284 574 scripsisti,
304 505 375 558 haee
394 505 450 557 duo
467 521 525 557 uno
544 505 659 557 nomine
679 505 711 556 ab
731 504 791 556 illis
809 504 960 574 appellari.
993 501 1043 554 Sin
1062 503 1237 571 imprudens,
1256 511 1286 555 et

134 575 275 627 insciens:
304 592 361 627 non
381 575 512 639 debuisti,
538 593 604 627 cum
622 575 808 627 Academicus
827 592 907 640 esses,
935 582 994 625 tam
1013 582 1122 626 temere
1141 574 1180 638 id,
1209 571 1285 645 quod

134 647 270 709 nescires,
290 646 443 698 affirmare.
482 645 537 698 Sed
565 647 704 697 nimirum
727 647 851 716 patriam
871 645 980 710 ernasti,
1008 644 1066 696 tuis
1084 645 1192 711 favisti,
1221 654 1285 697 tuos

135 716 252 768 Graecis
270 725 443 785 anteponere
461 716 588 768 voluisti.
626 718 820 768 Veruntamen
838 717 878 767 ita
896 724 925 768 te
944 731 1024 767 amor
1041 715 1151 783 patriae
1169 732 1284 768 movere

133 786 239 850 debuit,
258 796 291 838 ut
309 796 405 839 tamen
423 787 513 839 sciens
532 804 624 856 neque
643 787 702 838 tuis
720 794 779 838 tam
798 787 888 838 multa
907 786 1057 838 tribueres.

231 914 233 918 ⁴
275 893 305 944 F.
326 892 511 961 syrtargtm:

89 1034 91 1037 ,
206 980 375 1033 Ciceronem
398 982 528 1055 linguam
555 981 694 1033 Graecam
717 980 767 1033 hic
791 996 905 1049 quoque
928 979 1059 1031 cavillari
1084 978 1124 1030 ait
1142 978 1282 1037 Budaeus:

132 1069 148 1102 a
168 1067 224 1120 quo
244 1068 315 1117 quae
333 1067 386 1119 pro
406 1052 521 1117 Graecis
541 1052 686 1116 dicuntur,
704 1052 770 1103 vide
790 1051 947 1105 Gotnment,
967 1049 1040 1122 ling.
1062 1050 1161 1103 Graec.
1183 1048 1284 1114 [Locus

134 1130 176 1173 est
194 1140 222 1191 p.
243 1124 320 1175 105⁰.
342 1139 382 1189 sq.
407 1121 459 1172 Ed.
478 1121 562 1173 Basil.
584 1125 660 1176 1556.
690 1123 770 1173 cuius
789 1121 823 1174 de
846 1121 900 1173 hac
922 1137 954 1171 re
974 1120 1127 1188 disputatio
1145 1119 1206 1195 legi
1225 1137 1285 1172 me-

132 1201 226 1256 retur,
245 1192 311 1243 coll.
332 1209 360 1260 p.
382 1195 458 1246 1529.
488 1192 537 1243 ubi
562 1201 659 1244 nostro
682 1192 746 1244 loco
771 1192 872 1244 Cicero
899 1191 938 1241 ita
965 1189 1078 1241 locutus
1104 1190 1161 1242 esse'
1189 1190 1284 1243 videri

131 1262 250 1325 dieitur,
270 1270 302 1312 ut
321 1261 524 1314 obtrectatores
552 1279 615 1314 suos
633 1271 733 1315 ureret
749 1264 854 1331 potius,
880 1279 965 1329 quam
984 1261 1060 1328 quod
1087 1261 1126 1311 ita
1145 1261 1281 1314 sentiret:

131 1349 197 1384 cum
216 1333 275 1400 ipse
294 1332 509 1400 quidemomni
533 1334 645 1384 ratione
669 1334 798 1406 linguam
824 1332 944 1382 latinam
963 1330 1165 1400 amplificatam
1183 1332 1290 1384 volae·-

129 1402 180 1466 rit,
208 1421 261 1454 nec
283 1405 391 1456 frustra
419 1404 448 1454 id
473 1404 682 1473 concupiverit,
706 1405 747 1455 ita
769 1411 803 1454 ut
821 1420 892 1471 quae
911 1410 993 1453 antea
1020 1402 1100 1471 inops
1119 1411 1282 1467 vocaretur,

131 1474 192 1525 eius
210 1473 351 1525 industria
376 1481 404 1525 et
423 1474 540 1546 ingenio
560 1474 688 1526 mirabili
714 1473 842 1543 locuples
861 1490 919 1526 esse
943 1473 1082 1542 coeperit,
1114 1490 1168 1525 nec
1187 1480 1283 1526 tamen

131 1544 241 1596 Graeca
259 1543 444 1612 locupletior.
466 1542 494 1608 *)

271 1648 319 1702 Pt.
339 1650 512 1703 Beroaldus:

202 1741 237 1793 itt.
258 1738 372 1790 Tullius
397 1740 448 1807 qui
470 1738 650 1807 pomoerium
668 1738 786 1789 Latinae
809 1738 926 1812 linguae
944 1736 1078 1807 protulit,
1106 1737 1156 1806 qui
1182 1737 1284 1790 Roma-

130 1826 201 1859 num
220 1809 368 1877 eloquium
387 1827 502 1882 augere,
521 1809 709 1877 locupletare,
729 1809 876 1863 illustrare
895 1825 948 1878 pro
963 1809 1047 1859 virili
1062 1817 1148 1879 parte
1167 1817 1284 1864 conten·
1323 1839 1327 1842 -

131 1880 184 1942 dit,
217 1879 247 1929 in
270 1880 364 1947 primo
392 1879 426 1930 de
446 1879 564 1930 Finibus
589 1879 677 1932 sentit
702 1897 734 1930 ac
755 1880 912 1948 profitetur
929 1879 1060 1932 Latinam
1084 1878 1213 1946 linguam
1231 1895 1284 1933 non

131 1949 212 2000 modo
231 1966 284 2001 non
307 1949 424 2015 inopem,
454 1949 495 2011 (ut
518 1946 603 2015 vulgo
625 1949 787 2018 prolabatur)
810 1951 861 2001 sed
885 1949 1091 2015 locupletiorem
1115 1949 1199 2002 etiam
1222 1965 1284 2001 esee

131 2035 212 2089 quam
231 2020 382 2072 Graecam:
401 2027 497 2072 tamen
518 2028 626 2070 constat
646 2021 723 2071 inter
742 2020 905 2088 scriptores,
934 2021 1073 2072 Graecam
1092 2019 1223 2101 linguam
1242 2020 1285 2070 di·
1323 2069 1327 2075 ,

129 2091 267 2142 vitiorem
287 2090 555 2158 affluentioremque
575 2107 642 2152 esse,
663 2108 748 2159 quam
765 2091 914 2142 Latinam:
943 2091 1011 2154 adeo
1031 2099 1064 2141 ut
1080 2098 1186 2145 merito
1205 2089 1284 2142 dixe-

129 2161 171 2213 rit
189 2161 349 2226 Lucretius,
529 2207 534 2216 ,

297 2258 330 2268 -
351 2258 383 2267 -
403 2257 436 2266 —
453 2229 545 2299 patrii
563 2230 703 2300 sermonis
721 2237 841 2297 egestas.

132 2328 160 2371 et
180 2316 288 2370 Seneca
306 2318 337 2368 in
356 2318 495 2388 Epistolis
515 2320 682 2371 moralibus:
713 2322 822 2374 Quanta
847 2317 927 2370 nobis
951 2319 1096 2371 uerborum
1119 2325 1288 2386 paupertas,

129 2392 212 2443 immo
237 2395 347 2456 egestas
369 2390 417 2454 sit,
453 2405 593 2458 nunquam
624 2389 718 2456 magis
743 2405 824 2456 quam
853 2387 986 2442 hodierno
1013 2389 1060 2442 die
1089 2387 1223 2443 intellexi.
1255 2399 1284 2443 et

130 2460 324 2528 Hieronymus
350 2460 381 2509 in
404 2461 582 2528 praefatione
607 2460 724 2512 Eusebii
752 2460 972 2523 chronicorum,
1005 2458 1202 2525 Significatum
1233 2464 1283 2526 eol,

131 2531 237 2597 inquit,
269 2528 377 2597 aliquid
406 2531 489 2583 unlus
516 2529 595 2583 uerbi
622 2531 811 2598 proprietate.-
843 2547 896 2583 non
925 2527 1009 2582 liabeo
1036 2547 1142 2596 nomen,
1173 2547 1224 2600 quo
1253 2531 1285 2584 ld

130 2601 262 2666 efferum.-
291 2607 318 2651 et
343 2601 407 2651 dum
431 2616 533 2668 quaero
558 2603 674 2668 implere
692 2601 863 2666 sententiam,
891 2601 975 2666 longo
993 2601 1096 2657 ambitu
1120 2601 1168 2653 uix
1193 2601 1285 2655 brevis

130 2670 193 2792 gine
221 2669 342 2752 spatium
366 2686 532 2723 coneursum.
575 2670 767 2735 Quintilianus
790 2688 903 2740 quoque
926 2679 1056 2736 testatur,
1088 2670 1168 2741 copia
1190 2688 1242 2726 noe
1265 2688 1283 2725 α

156 2756 248 2792 raeces
271 2756 355 2792 cenet.
1131 2761 1134 2773 f
1235 2770 1237 2774 Α

203 2828 281 2891 Adde
308 2828 355 2879 his
381 2847 451 2896 quae
472 2830 503 2879 in
521 2838 673 2896 utramque
700 2838 813 2899 partem
838 2831 963 2898 disputat
981 2830 1017 2884 N.
1037 2829 1184 2882 Susiusin
1201 2831 1284 2884 Lima

132 2899 320 2952 Ciceroniana
338 2917 398 2966 cap.
418 2899 466 2950 XI.
486 2917 513 2968 p.
528 2902 562 2954 85
581 2914 642 2968 sqq.
663 2901 739 2968 quod
758 2900 929 2952 inscribitur
947 2900 987 2952 De
1005 2901 1100 2953 verbis
1119 2901 1285 2953 sententiis-

132 2988 189 3038 que
209 2969 335 3020 Graecis.
372 2969 617 3037 Wyttenbachius
642 2986 755 3039 quoque
780 2971 854 3022 hanc
876 2987 940 3021 rem
959 2970 1058 3042 tetigit
1077 2971 1108 3021 in
1126 2970 1230 3023 Annot.
1250 2972 1284 3024 ad

131 3041 191 3092 Cic.
213 3041 247 3090 de
265 3041 300 3091 N.
321 3040 354 3091 D.
374 3040 395 3091 1.
416 3041 442 3093 4.
466 3043 575 3108 η).·718.
602 3039 711 3107 ibique,
743 3059 815 3109 quae
841 3058 874 3093 eo
898 3040 962 3092 loco
985 3040 1086 3093 Cicero
1110 3041 1142 3092 in
1166 3043 1284 3095 eandem

130 3112 193 3164 fere
224 3110 396 3161 sententiam
426 3110 599 3179 disputavit,
620 3110 710 3183 magis
739 3111 874 3184 gloriose,
903 3128 989 3178 quam
1013 3127 1091 3175 vere,
1122 3112 1200 3164 dicta
1223 3124 1283 3167 esse

130 3181 289 3233 contendit.
321 3182 422 3248 Neque
442 3180 520 3231 aliud
539 3189 581 3232 est
599 3180 739 3232 iudicium
751 3181 908 3236 FAWolfii
926 3181 958 3232 in
976 3180 1080 3232 scholis
1099 3182 1134 3234 ad
1152 3192 1283 3237 nostrum

129 3251 236 3316 locum,
269 3250 320 3320 qui
343 3260 422 3310 recte
440 3251 474 3301 ad
492 3269 518 3302 v.
540 3250 694 3303 laboriosos
721 3261 828 3317 monet,
856 3269 1008 3320 perperam
1027 3252 1197 3305 Ciceronem
1214 3254 1283 3307 voci

131 3323 256 3374 Graecae
275 3314 360 3382 πόνος
379 3320 486 3374 doloris
510 3321 752 3395 significationem
778 3332 812 3383 ut
835 3322 1004 3390 primariam
1031 3323 1183 3390 subiicere,
1208 3326 1283 3394 ipsos

129 3392 234 3444 latinos
259 3409 464 3461 nonnunquam
489 3392 596 3457 laboris
620 3392 737 3455 nomine
760 3409 812 3460 pro
840 3392 935 3445 dolore
960 3392 1013 3456 uti,
1041 3393 1165 3448 dolorem
1186 3404 1283 3448 autem

131 3463 253 3516 Graecos
288 3464 442 3515 commodis
475 3463 660 3532 propriisque
694 3462 790 3516 verbis
818 3462 899 3529 ἄλγος
933 3471 961 3516 et
989 3460 1077 3530 ὀδύνη
1107 3465 1282 3540 significare.

130 3595 379 3606 ...m-*—

149 3668 180 3738 *)
204 3671 353 3742 Apponam
371 3671 400 3725 h.
409 3672 430 3723 1.
452 3673 539 3724 etiam
557 3689 628 3741 quae
647 3672 769 3741 paucula
786 3671 862 3726 haud
880 3673 997 3727 absurde
1016 3675 1097 3728 adh.
1117 3675 1138 3729 l.
1158 3677 1284 3746 disputat

133 3805 136 3814 Ι
202 3743 365 3807 HWolfius.
403 3743 620 3808 „Excla1natio,
645 3743 696 3808 ait,
724 3752 753 3797 et
770 3744 906 3817 gloriatio
932 3762 989 3798 non
1007 3755 1067 3799 tam
1085 3747 1169 3809 seria,
1198 3765 1283 3816 quam

202 3814 264 3879 „ad
289 3814 473 3878 excitandos„
488 3823 521 3865 ut
544 3815 717 3887 opin0r‚··ad
740 3815 957 3885 Philosophiam
986 3816 1075 3870 latine
1105 3818 1283 3870 tractandam

202 3886 368 3952 „Romanos
388 3893 558 3953 comparata,
579 3886 630 3954 qui
647 3885 758 3955 patriae
776 3887 893 3961 linguae
913 3895 1066 3960 egestatem
1081 3888 1179 3956 copiae
1194 3887 1284 3940 Grae-

202 3971 330 4022 „corum
355 3955 493 4023 imparem
519 3973 576 4008 esse
603 3965 766 4008 censerent:
794 3957 869 4008 sicut
887 3965 915 4008 et
939 3973 989 4009 nos
1009 3957 1147 4009 Germani
1165 3958 1282 4032 linguae

200 4034 342 4090 „nostrae
371 4026 495 4076 nimium
520 4025 709 4089 diffidiinus.“
729 4057 759 4067 -
804 4028 843 4080 Re
870 4044 939 4079 vera
972 4037 1068 4081 autem
1091 4029 1143 4084 W.
1168 4045 1282 4097 quoque

201 4097 379 4150 Graecorum
400 4096 530 4170 linguam
549 4098 648 4147 Latina
668 4097 857 4166 copiosiorem
881 4115 938 4150 esse
959 4099 1116 4162 contendit,
1141 4098 1175 4152 ad
1193 4098 1282 4151 πόνον

203 4168 291 4221 etiam
321 4168 425 4227 addens
457 4165 605 4235 ἀλγηδόνα,
639 4165 739 4232 πόθος,
774 4166 972 4233 κακοπάθειαν,
1001 4164 1136 4235 βάσανον,
1169 4163 1280 4235 ὀδύνην,

203 4238 292 4291 aldina
317 4239 387 4305 (etsi
405 4238 471 4303 hoc,
497 4239 548 4302 ait,
575 4239 693 4306 proprie
717 4255 926 4308 puerperarum
951 4240 1008 4304 est)
1033 4234 1123 4308 όλγος,
1148 4235 1282 4308 κακότητα

130 4326 133 4331 ·
205 4309 290 4378 (apud
307 4310 414 4378 poetas)
434 4318 463 4361 et
480 4309 564 4378 plura
588 4324 669 4377 posse
688 4308 744 4360 alia
760 4310 887 4379 reperiri
907 4311 1087 4384 significanst
1115 4321 1215 4366 notans
1234 4312 1282 4365 de-

203 4380 291 4449 nique
311 4381 459 4435 Ciceronis
476 4379 639 4439 versionem
662 4379 795 4433 vocabuli
814 4379 920 4434 Graeci
938 4383 1096 4450 φιλόπονος.
