2856 5084
194 233 257 320 tto
457 247 1084 338 exconsusxsv..sa1r2·s1.se
1129 292 1131 296 »

194 415 347 485 facilisque
369 413 436 468 satis
453 414 609 469 sementia:
642 414 799 470 nonenim
821 430 906 470 omne
930 415 1046 481 vitium,
1074 415 1200 485 quadiu
1218 416 1352 486 corporis
1420 405 1422 415 '

194 487 269 540 vitio
295 503 355 540 esse
377 485 449 550 dixi,
472 485 559 538 habet
584 487 712 555 partium
735 487 948 551 dissensionem,
976 487 1117 555 quesnois,
1141 493 1175 541 ut
1191 485 1258 539 .hoo
1277 495 1355 552 utar,

196 573 307 623 eorum,
327 557 378 626 qui
397 573 455 608 non
473 556 561 630 louge
578 556 680 608 absunt
698 575 714 611 a
732 558 882 628 sapientia,
907 557 998 611 animi
1017 556 1131 610 affectio
1150 555 1203 608 sibi
1231 558 1295 627 ipsa
1313 558 1357 610 di·

196 636 320 698 seraper,
339 645 425 750 ipsam
443 625 494 679 diu
513 635 555 679 est
575 626 725 697 insipiens,
745 645 799 682 nec
816 644 896 692 vero,
916 628 992 696 quod
1009 629 1041 680 in
1059 629 1189 698 corporis
1207 628 1292 680 vitiis
1304 636 1356 694 est,

197 699 330 753 distortas
370 699 433 751 abet
450 705 546 768 partes
564 714 597 750 ao
614 715 724 767 pravas.
746 731 778 742 -
808 700 907 752 Unum
925 698 1005 761 addo,
1024 715 1082 751 non
1100 698 1260 768 improbari
1280 698 1357 752 mihi

195 769 328 842 lliihneri
346 769 551 834 coniecturam,
571 785 657 836 quam
674 770 834 840 proposuit,
854 769 878 821 si
897 769 961 838 quis
980 771 1056 824 forte
1074 770 1150 822 iusto
1169 769 1357 822 audaciorem

197 841 342 899 existimet
364 838 490 892 Bentleii
517 839 755 892 emendationem.
793 839 940 893 Excidisse
960 841 1037 899 enim
1066 840 1228 910 suspicatur
1245 856 1356 907 omncs,

195 921 229 965 ut
246 911 402 986 legendum
419 910 465 962 sit:
485 909 631 966 nonenim
659 927 736 963 omne
753 909 856 968 vitium
874 927 989 964 omnes
1009 917 1111 980 partes
1134 909 1219 964 babet
1244 911 1358 964 dissen-

196 982 305 1038 tientes.
342 983 406 1056 Ego
424 996 504 1047 vero,
529 981 554 1034 si
577 980 684 1043 excidit
708 981 758 1034 illa
779 998 845 1046 vox,
866 990 995 1036 extremo
1024 999 1085 1036 eam
1103 982 1201 1053 potius
1220 982 1287 1035 loeo
1307 998 1358 1035 ex-

196 1056 297 1111 cidisse
335 1051 489 1117 utaverim,
506 1059 540 1104 ut
556 1051 712 1126 legendum
729 1069 788 1106 esse
806 1052 953 1107 videatur:
980 1070 1035 1110 non
1054 1055 1126 1108 enim
1151 1069 1232 1107 omne
1251 1053 1356 1108 vitium

193 1133 291 1197 partes
328 1125 389 1178 abet
408 1122 600 1177 dissentientes
618 1138 742 1200 omnes.
780 1122 840 1179 Mr.

701 1285 860 1292 ---›‹--——.-

438 1479 442 1487 ·
510 1451 863 1542 EX'CURSUS
914 1454 1034 1528 XIV.

598 1586 635 1641 ad
652 1583 754 1642 Tusco.
774 1585 823 1640 lv,
841 1586 885 1641 21.
905 1586 950 1640 te.

238 1695 366 1774 „Qum
386 1693 530 1776 gladium
549 1695 585 1755 in
605 1691 767 1755 stomocbo
787 1691 927 1774 furiae
952 1710 991 1753 oc
1014 1689 1208 1771 pulmonibu’
1231 1691 1356 1757 sisto.“

267 1827 302 1881 ln
318 1825 468 1895 stomacho,
487 1843 576 1882 sura
594 1843 629 1881 ac
644 1827 824 1896 pulmonibus.
845 1854 879 1866 —
896 1827 1029 1880 Fortasse
1045 1826 1201 1901 legendum
1216 1836 1260 1882 est
1270 1829 1354 1896 fibra,

196 1907 229 1951 nt
248 1900 288 1952 ita
305 1899 597 1974 intelligaturiecur.
623 1908 690 1952 sunt
709 1900 788 1953 enim
806 1899 895 1953 fibrae
912 1898 972 1951 lobi
992 1899 1103 1950 iecoris.
1142 1899 1236 1966 Quid?
1254 1901 1278 1952 si
1304 1917 1358 1955 vo-

197 1970 329 2025 cabulum
347 1972 386 2023 sit
406 1989 496 2024 unum
514 1968 738 2035 stomachorum,
761 1979 793 2022 ut
812 1970 998 2076 intellipatur
1015 1968 1070 2022 hoc
1087 1970 1226 2023 vocabulo
1253 1980 1358 2025 stoma·

196 2042 246 2094 chi
264 2043 467 2113 prominentia,
488 2051 590 2095 novato
608 2059 624 2093 a
642 2041 756 2094 Lucilio
774 2041 926 2094 vocabulo.
948 2048 991 2092 est
1009 2041 1087 2092 enim
1104 2056 1172 2094 sura
1186 2043 1358 2111 prominen-

197 2114 238 2166 tia
256 2115 359 2176 cruris‚
380 2113 455 2166 Gall.
476 2113 503 2167 le
519 2129 590 2182 gros
607 2113 641 2166 de
659 2113 688 2168 ia
699 2112 804 2180 jambe.
841 2112 879 2164 At
906 2112 937 2163 in
955 2111 1049 2164 veteri
1068 2111 1167 2165 codice
1195 2112 1310 2197 legitur
1328 2112 1358 2167 s'n

197 2182 353 2238 stomacbi
376 2198 453 2250 sura,
481 2191 515 2235 ut
539 2184 638 2236 eodem
661 2183 744 2236 modo
768 2182 952 2256 intelligatur
979 2181 1119 2234 stomachi
1147 2185 1355 2254 prominentia.

198 2257 303 2310 Comm.
324 2254 458 2324 Anonym.
478 2272 522 2324 ap.
542 2255 627 2307 Leod.
648 2271 664 2305 a
682 2254 803 2318 Quercu.
1267 2313 1268 2316 Ἴ

273 2327 375 2379 Omnes
396 2329 427 2380 in
449 2325 586 2378 vocabulo
612 2339 694 2389 suro,
720 2332 753 2376 ut
771 2322 898 2394 soopulo,
926 2321 1130 2379 offenduntur:
1158 2342 1213 2379 neo
1241 2326 1357 2383 iniuria.

198 2399 257 2451 Gur
275 2397 354 2457 onim
372 2416 388 2448 a
406 2395 551 2449 stomacho
569 2396 604 2448 ad
622 2413 716 2448 suram
734 2403 854 2466 repente
872 2395 1035 2470 tam'longe
1052 2395 1213 2449 transitur?
1242 2398 1356 2463 deinde,

197 2485 265 2522 oum
288 2468 455 2521 interlicere
475 2466 550 2520 velit
572 2483 681 2537 parem,
706 2482 760 2518 nec
781 2466 878 2518 letalis
904 2465 989 2540 plaga
1008 2467 1045 2518 sit
1068 2484 1161 2530 surae,
1185 2485 1240 2520 cur
1260 2463 1358 2522 ibi'si-

197 2548 273 2593 stare
291 2539 422 2612 gladium
439 2545 469 2590 et
487 2537 613 2612 deligere
631 2537 757 2607 postulat
773 2538 879 2607 potios,
898 2554 984 2606 quam
1002 2537 1177 2612 immergere
1186 2539 1290 2613 iugulo
1308 2548 1357 2595 aut

197 2610 306 2667 iecori?
344 2609 416 2675 Quid
433 2609 534 2683 igitur,
554 2608 578 2661 si
596 2607 695 2674 fibram
713 2608 881 2660 scribimus?
904 2624 970 2660 nam
999 2617 1029 2661 et
1045 2625 1103 2661 vox
1121 2625 1180 2661 non
1202 2609 1291 2684 longe
1309 2612 1358 2664 ab·

189 2677 288 2746 ludet,
307 2689 337 2732 et
354 2679 528 2754 significatio
548 2680 639 2731 iecori
658 2679 817 2732 conveniet.
838 2681 939 2731 Poetae
958 2679 1036 2730 enim
1055 2678 1137 2732 iecur
1148 2678 1356 2749 saepenumero

196 2753 298 2804 fibram
320 2759 435 2815 vocant,
460 2748 536 2803 mihi
555 2749 670 2818 quidem
693 2751 743 2803 vel
760 2748 1000 2823 Areopagitarum
1023 2748 1130 2803 iudicio
1151 2751 1271 2804 videtur
1299 2768 1356 2806 non
1394 2776 1396 2783 ·

196 2823 363 2876 damnatum
378 2822 429 2875 'iri
451 2821 623 2875 vocabulum
646 2821 723 2874 istud
746 2821 778 2872 in
802 2822 898 2873 sedem
923 2819 1073 2872 deterioris
1097 2821 1238 2891 inquilini
1264 2823 1358 2880 iutro-

197 2893 324 2948 duotum.
362 2893 425 2970 Ego
441 2892 593 2964 aliquando
618 2890 706 2946 etiam
732 2894 797 2945 lura
816 2890 971 2964 legendum
990 2891 1110 2958 credidi,
1134 2899 1169 2944 ut
1192 2908 1223 2945 os
1243 2894 1357 2949 ventri·

197 2966 267 3030 culi,
286 2965 338 3034 qui
356 2981 409 3018 ceu
427 2965 501 3016 utris
518 2965 569 3016 rel
585 2962 684 3016 culeus
702 2961 820 3032 quidam
838 2971 889 3026 est,
909 2960 1137 3035 intelligeretur,
1156 2963 1277 3018 undeet
1295 2965 1359 3018 lor·

197 3053 282 3090 eones
300 3038 448 3089 uocantur.
489 3034 634 3088 Turnebus
651 3032 817 3086 Adversarr.
837 3033 900 3089 Vll.
923 3035 965 3089 18.
984 3050 1046 3102 pro.
1065 3052 1094 3104 p.
1114 3036 1176 3090 228.

224 3155 226 3158 Α
268 3106 402 3169 Turnebo
414 3105 568 3169 assentior,
589 3104 640 3174 qui
656 3103 721 3156 lura
738 3103 894 3178 legendum
912 3111 1011 3172 putat:
1033 3111 1065 3156 ut
1083 3105 1149 3157 lura
1166 3104 1217 3158 hio
1235 3121 1266 3157 os
1283 3123 1354 3158 ven·

197 3176 299 3229 triculi
324 3184 374 3228 aut
399 3175 511 3247 ventris
534 3174 644 3245 pellem
666 3175 821 3250 significet.
847 3191 914 3227 nam
938 3174 1008 3226 libri
1027 3189 1125 3238 omnes
1150 3175 1257 3228 habent
1274 3191 1355 3240 sura,

197 3249 339 3300 mendose.
378 3245 539 3299 Lambinus.
565 3246 614 3313 [cf.
634 3246 716 3313 Parei
734 3247 803 3298 Lex.
824 3245 896 3299 crit.
915 3262 944 3296 v.
965 3245 1059 3308 turcos
1076 3263 1104 3314 p.
1125 3247 1187 3301 698.
1207 3246 1248 3314 lm]
1378 3241 1383 3252 ’

269 3317 353 3383 Lura,
372 3318 468 3386 inquit
486 3318 595 3382 Festus,
614 3332 644 3368 os
661 3317 732 3370 culei
749 3317 895 3370 ueletiam
913 3316 994 3379 utris,
1020 3316 1094 3368 unde
1113 3316 1242 3371 lurcones
1267 3332 1356 3386 capa-

197 3389 240 3442 cis
257 3392 342 3457 gulae
359 3387 484 3443 domines
501 3395 528 3441 et
544 3388 680 3441 bonorum
697 3402 812 3441 suorum
829 3393 1044 3454 consumptores.
1070 3388 1134 3440 Fra.
1145 3387 1266 3441 Febris.

268 3462 357 3514 Janus
374 3461 474 3514 Douaa
495 3456 562 3514 bird
584 3460 706 3522 mavult,
738 3457 767 3510 id
792 3467 848 3525 est,
873 3457 971 3512 ieiuno
995 3457 1148 3512 intestino:
1175 3459 1235 3512 imo
1258 3460 1358 3513 locum

197 3540 291 3585 totum
309 3532 350 3586 sic
367 3531 522 3606 legendum
540 3539 637 3583 censet
644 3547 655 3584 t·
1206 3536 1219 3564 ⁹

362 3601 494 3656 Occidam
512 3601 593 3659 illum
610 3598 737 3672 equidem
753 3605 781 3654 et
798 3600 917 3666 uincam,
936 3599 964 3655 si
981 3600 1013 3654 id
1029 3600 1180 3670 quaeritis,
1199 3599 1310 3671 inquies

365 3660 468 3730 Ver‘um
484 3672 559 3726 illud
575 3672 658 3726 credo
676 3673 747 3738 fore,
766 3671 797 3724 in
813 3688 845 3724 os
861 3671 943 3740 prius
960 3673 1106 3740 accipiam,
1124 3671 1195 3740 ipsi

363 3748 450 3801 Quom
468 3745 597 3812 gladium
614 3744 646 3798 in
663 3741 815 3809 stbmacbo,
834 3739 918 3798 lira
935 3757 970 3818 ac
984 3743 1154 3812 prsimonibu’
1171 3742 1245 3799 sisto
1264 3751 1320 3798 etc.

278 3871 281 3876 ,
363 3815 486 3880 Nobis,
510 3830 594 3886 quum
610 3815 729 3868 dextrae
747 3821 801 3866 etc.

268 3909 354 3975 „Nos
386 3906 439 3971 (ait
462 3906 561 3958 Ilouza
585 3903 709 3958 Plautin.
739 3902 893 3973 Explanat.
919 3902 942 3955 l.
973 3904 1016 3958 22.
1050 3920 1078 3973 p.
1103 3904 1164 3959 118.
1197 3902 1242 3956 cd.
1272 3903 1356 3960 Frcfs

199 3978 353 4043 160212.)
380 3978 459 4031 hunc
480 3976 581 4029 locum
597 3975 697 4031 'ternis
720 3975 750 4026 in
775 3974 847 4039 locis
872 3975 1089 4048 integravimus.
1134 3973 1232 4027 Primo
1265 3975 1359 4029 inter-

196 4053 299 4124 puncti
316 4051 423 4104 vitium
442 4056 506 4119 post
522 4062 683 4117 pronomen
706 4047 767 4115 ipsc
791 4054 980 4115 expunctum:
1010 4046 1099 4115 inque
1121 4045 1295 4098 nominativi
1313 4045 1357 4098 lo·

198 4142 265 4176 cum
284 4122 369 4175 dandi
384 4137 484 4174 casum
502 4119 559 4170 rite
578 4126 608 4170 et
626 4117 728 4171 ordine
745 4117 926 4169 successisse:
951 4116 1055 4170 deinde
1073 4132 1173 4170 suram
1190 4115 1257 4171 biso
1280 4131 1357 4169 com·

197 4201 351 4246 mutatam:
372 4192 459 4247 tertio
478 4190 605 4260 denique
620 4187 709 4242 Nobis
725 4189 787 4242 duri
803 4192 854 4242 rosi
875 4186 962 4243 Vobis
985 4187 1021 4242 de
1045 4187 1190 4242 Pacidiaui
1213 4187 1357 4240 sententia

197 4265 383 4318 substitutum
400 4261 529 4318 scilicet.
556 4260 653 4313 oannis
678 4258 714 4313 ad
738 4259 873 4312 amussim
895 4259 1064 4312 rectissime.
1102 4260 1165 4312 Hoc
1189 4259 1269 4310 enim
1291 4258 1357 4312 volt

198 4337 307 4389 dicere:
327 4342 407 4387 tanto
425 4350 455 4386 se
472 4332 575 4385 ardore
593 4331 802 4383 inflammatum
819 4331 967 4400 animique
985 4331 1098 4400 impetu
1115 4345 1184 4382 cum
1200 4329 1356 4393 Esernino',

196 4408 259 4464 sive
286 4406 379 4459 altero
402 4404 500 4474 aliquo
525 4401 560 4458 de
579 4401 741 4456 Samnitum
764 4401 897 4477 prosapia
914 4402 1043 4456 cominus
1060 4400 1283 4476 congrediendi,
1311 4400 1355 4455 uti
