2856 5084
445 269 451 281 ·
512 247 643 311 LIBER
663 244 708 321 V,
732 249 780 327 lo.
1173 253 1215 317 67

60 415 146 493 viri,
167 421 201 475 et
223 411 348 491 eadem,
371 433 456 494 quae
487 415 618 499 vulgus,
647 415 682 475 in
715 413 811 474 malis
843 421 878 474 et
904 413 998 474 bonis
1024 435 1214 493 numerare,

59 495 196 558 concedi
218 497 310 559 nullo
332 496 431 559 modo
453 505 571 579 potest.
614 496 687 560 Qua
708 498 817 583 gloria
845 505 1029 558 commotus
1051 499 1214 580 Epicurus

59 581 225 657 exoritur,
248 581 303 641 cui
325 581 434 651 etiarn,
464 582 494 640 si¹
514 578 579 641 diis
603 579 723 660 placet,
755 577 893 642 videtur
924 597 1056 660 semper
1084 585 1214 664 sapiens

59 662 185 724 beatus.
230 661 297 722 Hic
318 660 482 748 dignitate
510 661 610 724 huius
643 663 829 724 sententiae
851 661 1003 742 capitur:
1034 661 1091 724 sed
1118 685 1213 729 num.

129 833 231 901 Neque
250 831 329 883 huno
347 837 375 884 et
393 828 460 885 iaec
479 830 559 901 loqui
579 859 610 869 -
630 831 693 882 ullo
718 832 799 885 modo
820 831 928 899 potest]
966 832 1067 897 Locus,
1087 834 1143 886 nisi
1161 835 1216 887 fal·

58 901 115 966 lor,
145 911 187 955 est
210 901 345 967 vitiosus3
374 919 432 954 non
456 903 534 955 enim
558 902 592 954 de
617 901 789 964 Metrodoro,
814 903 863 955 sed
881 902 916 954 de
934 901 1100 969 Aristotele,
1126 904 1216 975 Spen-

60 972 152 1043 sippo,
171 973 291 1042 aliisque
310 973 442 1042 proxima
460 971 546 1024 verba
564 981 632 1024 sunt
651 972 849 1048 intelligenda.
886 974 1012 1026 Petrens.
1036 973 1121 1030 habet
1140 992 1216 1029 nam

59 1040 176 1096 buncet
194 1041 262 1096 baec
280 1044 356 1112 loqui
374 1070 407 1101 ,-
428 1043 525 1094 nullo
544 1044 625 1096 modo
641 1049 738 1110 potest.
776 1043 819 1095 Ad
836 1059 939 1094 vocem
957 1047 1216 1115 antepenultimam

59 1114 136 1183 quod
152 1121 273 1185 spectat,
306 1113 446 1164 accedunt
472 1114 541 1185 Reg.
560 1113 707 1166 Pithoean.
734 1114 805 1168 Med.
824 1113 1025 1180 Balliol,Bak.
1052 1125 1082 1168 et
1100 1119 1213 1172 Cantab.

59 1185 183 1239 Omnino
201 1184 326 1256 legerim
344 1199 489 1253 namque
508 1191 535 1234 et
553 1181 620 1236 baec
638 1184 714 1252 loqui
732 1215 765 1226 -
792 1185 944 1248 cicadam,
973 1200 1043 1254 quae
1065 1189 1167 1256 vulgus
1184 1189 1216 1244 ἐκ

59 1256 192 1310 nonlicet
211 1253 292 1307 bonis
311 1269 466 1318 numerare,
486 1253 600 1307 concedi
625 1255 720 1307 nullo
745 1256 826 1307 modo
841 1262 940 1324 potest.
978 1258 1022 1309 Ne
1047 1257 1215 1314 indubium

60 1327 193 1378 revocari
210 1325 320 1394 possint
336 1323 391 1378 hae
415 1321 588 1395 διορθώσεις,
615 1326 687 1378 facit
705 1325 814 1377 Eliens.
841 1342 895 1378 seo.
917 1326 968 1396 qui
987 1327 1028 1380 ita
1045 1328 1151 1384 diserte
1169 1349 1216 1385 re·

29 1402 30 1405 ’
80 1404 230 1449 raesentat.
267 1396 303 1448 D.
529 1396 532 1400 “
622 1397 627 1402 “

57 1414 78 1465 p
131 1467 223 1536 Neque
240 1465 311 1519 buno
331 1466 380 1531 -]
409 1467 571 1532 „Nonnulli
593 1466 678 1519 Codd.
700 1464 732 1518 in
749 1466 794 1518 his
814 1467 869 1520 duo
887 1468 985 1521 Leidd.
1006 1469 1111 1524 habent
1129 1469 1214 1526 Nam
1285 1482 1287 1491 '

58 1535 131 1590 bunc
149 1547 178 1590 et
195 1554 262 1589 mox
290 1539 392 1591 nullo
420 1539 500 1591 modo
515 1543 616 1607 potest.
653 1539 736 1592 Unde
754 1536 902 1591 Bentleius
927 1546 957 1591 et
973 1540 1104 1594 Davisius
1123 1546 1214 1596 corri-

56 1617 147 1731 gunt:
180 1608 328 1677 Namque
353 1606 489 1661 etkaec
516 1607 593 1676 loqui
612 1636 643 1646 -
663 1609 778 1661 concedi
795 1609 896 1662 nullo
915 1612 1112 1679 modopotest.
1151 1617 1213 1690 Ego

80 1681 134 1733 aud
160 1681 268 1731 invitus
292 1697 394 1732 eorum
418 1680 577 1732 sententiae
608 1680 722 1746 accedo,
750 1680 799 1733 sed
824 1697 926 1733 vocem
950 1680 1020 1736 bunc
1046 1687 1215 1740 servandam

58 1751 202 1816 existimo,
222 1768 303 1820 quae,
322 1751 380 1804 nisi
398 1751 496 1816 fallor,
515 1750 550 1802 ad
566 1750 687 1802 Brutum
707 1760 828 1821 spectat:
853 1751 888 1804 ad
906 1753 1029 1805 Brutum
1048 1756 1125 1808 enim
1143 1759 1214 1810 scri·

57 1831 124 1892 ptus
144 1831 186 1874 est
203 1821 253 1874 hic
272 1821 434 1894 dialogus.“
452 1819 541 1874 Bonlt.
578 1822 702 1873 Brutum
720 1822 840 1892 respicit
859 1820 945 1875 huius
964 1827 1138 1900 paragraphi
1156 1830 1214 1880 ini·

58 1895 110 1946 tio.
129 1894 198 1947 Dav.
218 1894 250 1944 in
266 1893 319 1945 Ed.
339 1896 365 1948 2.
385 1894 498 1963 recepit
515 1892 641 1945 Bentleii
661 1893 899 1958 emendationem,
918 1912 1004 1963 quam
1023 1897 1081 1952 vid.
1102 1898 1134 1950 in
1153 1901 1213 1953 eius

57 1973 152 2017 annot.
174 1995 205 2008 -
242 1963 419 2030 υΝανηᾳιιε
446 1971 472 2016 et
497 1961 564 2016 baec
585 1961 860 2030 loqui....concedi
886 1966 984 2017 nullo
1006 1968 1088 2020 modo
1114 1975 1214 2037 potest.

58 2037 102 2089 Ita
120 2054 187 2089 cum
204 2035 321 2087 Davisio
339 2034 437 2109 regius
456 2035 551 2087 Codex
569 2035 694 2104 optimus
720 2033 778 2098 [Or.
799 2035 831 2085 in
849 2051 914 2085 ann.
933 2037 975 2087 ait
991 2038 1214 2094 Lallemannum

56 2108 183 2160 scribere
202 2123 282 2172 „non
300 2114 396 2158 tamen
415 2105 573 2174 optimus“]
593 2106 679 2173 idque
697 2113 824 2175 praestat
840 2106 971 2181 vulgato:
996 2125 1080 2179 neque
1097 2108 1168 2166 tuna
1185 2119 1213 2166 et

58 2175 126 2230 haec
144 2179 220 2248 loqui
239 2205 270 2215 —
290 2177 405 2230 concedi
426 2177 483 2229 ullo
509 2177 590 2229 modo
611 2176 733 2244 potest.“
760 2174 878 2228 Lattem.
916 2177 1029 2247 „Neque
1053 2179 1137 2235 bunc.-
1163 2185 1214 2236 τὸν

58 2249 147 2313 δεῖνα,
178 2266 269 2300 unum
293 2248 428 2316 aliquem.
456 2248 519 2299 Vid.
545 2249 580 2299 Is.
611 2247 805 2299 Casaubonum
827 2247 859 2297 in
886 2247 961 2300 illud
988 2252 1079 2302 Persii
1103 2255 1136 2305 V:
1161 2256 1211 2309 86:

58 2320 171 2374 Stoicus
195 2316 281 2371 litef‘
306 2318 405 2370 Olivet.
436 2316 504 2381 [Est
522 2336 549 2387 p.
569 2319 622 2372 415
652 2318 694 2369 ed.
714 2318 801 2370 Paris.
824 2319 900 2372 16⁰5.
922 2318 964 2384 8.]
990 2321 1167 2392 „Namque
1184 2332 1212 2377 et

57 2389 125 2443 baec
151 2391 169 2441 i.
197 2422 229 2432 -
250 2421 282 2431 —
311 2389 387 2443 null
394 2406 409 2440 ο
431 2388 513 2440 modo
538 2394 638 2455 potest.
682 2387 730 2440 Sic
754 2388 864 2460 corrigi
887 2389 982 2441 voluit
1008 2391 1150 2461 Davisius,
1184 2402 1212 2448 et

56 2462 142 2514 habet
161 2457 216 2512 MS.
236 2462 305 2543 Bag.
325 2461 386 2511 Par.
411 2459 509 2527 itaque
528 2475 594 2510 cum
612 2458 785 2512 Allemanno
811 2459 895 2512 edidi.
932 2460 1005 2514 Nam
1022 2462 1107 2516 habet
1125 2466 1213 2518 etiam

56 2532 116 2585 MS.
128 2531 225 2585 Guelf.
246 2548 296 2599 qur
309 2539 338 2584 et
357 2530 387 2580 in
405 2530 462 2581 fine
480 2529 566 2582 habet
584 2531 685 2584 nullo
703 2531 784 2583 modo
803 2547 856 2600 pro
877 2532 992 2604 vulgato
1011 2535 1083 2587 ullo
1101 2536 1214 2590 modo.“

58 2603 127 2659 Bru.
163 2603 228 2677 Ego
252 2618 321 2654 vero
345 2600 444 2670 recepi
470 2601 597 2666 eandem,
626 2619 712 2672 quam
733 2601 847 2654 volebat
871 2601 952 2667 Dav,
981 2613 1011 2658 et
1037 2617 1215 2676 receperunt
1320 2627 1325 2639 ¹

56 2691 124 2728 cum
143 2689 186 2740 eo,
206 2690 242 2725 ex
261 2673 328 2725 Cod.
349 2672 445 2724 Guelf.
463 2672 512 2725 El.
537 2689 593 2725 sec.
614 2681 643 2725 et
660 2672 842 2726 Lallemanni
860 2673 951 2748 regio,
974 2674 1045 2732 Ern.
1065 2677 1211 2734 FAWolf.

56 2745 101 2811 (in
118 2745 171 2797 Ed.
192 2745 230 2809 1.)
249 2744 296 2797 Or.
316 2743 405 2807 Tbn03
425 2759 493 2808 non,
512 2745 589 2813 quod
607 2743 758 2810 confidam,
777 2743 852 2796 hanc
871 2761 1047 2803 asseveram
1061 2747 1212 2802 Ciceronis

56 2833 185 2881 manum,
213 2814 261 2866 sed
285 2815 352 2884 quia
370 2815 549 2884 optimorum
569 2813 706 2868 Codicum
724 2815 813 2868 lectio
832 2815 906 2866 ferri
924 2818 1037 2885 nequit,
1064 2836 1130 2871 cum
1148 2837 1212 2873 seu-

55 2887 167 2942 tentiae
188 2885 339 2956 scriptoris
365 2885 541 2938 adversetur.
578 2887 689 2938 Habent
713 2895 810 2939 autem
835 2883 921 2938 Coddt
948 2887 1017 2963 Reg.
1045 2889 1118 2941 Gud.
1139 2893 1165 2944 l.
1185 2893 1211 2945 2.

55 2959 147 3012 Marb.
167 2956 264 3009 Duisb.
292 2955 361 3008 Nec
383 2953 474 3008 bunc
499 2965 525 3010 ee
542 2954 610 3010 baec
628 2958 706 3026 loqui
724 2988 757 2998 —
781 2956 876 3009 nullo
900 2958 978 3010 modo
994 2964 1096 3026 potest,
1120 2960 1211 3014 Behd.

57 3045 170 3095 neque
187 3027 249 3081 boc
266 3031 309 3082 al.
330 3023 416 3080 banc
438 3033 463 3079 et
480 3024 548 3080 boec
567 3028 644 3099 loqui
664 3055 696 3065 —
716 3029 819 3080 nullo
838 3043 874 3078 m.
892 3043 937 3095 p.;
962 3028 1035 3081 Gud.
1056 3046 1113 3083 nec
1130 3029 1212 3085 ltus‘c

56 3107 85 3154 ct
102 3098 170 3154 baec
187 3102 205 3152 l.
227 3126 259 3136 —
287 3098 386 3151 nullo
405 3114 441 3149 m.
459 3115 499 3166 p,
518 3100 602 3152 Vind.
623 3104 653 3154 1.·
668 3099 736 3151 Nec
754 3114 836 3151 vero
855 3105 883 3150 et
901 3096 968 3170 haec
986 3101 1004 3152 l.
1025 3133 1058 3143 -
1083 3103 1156 3156 ullo
1174 3121 1210 3156 m.

51 3189 94 3241 p„
112 3171 196 3223 Vind.
216 3173 242 3226 2.
266 3184 325 3223 nec
351 3166 439 3221 bunc
461 3176 486 3221 et
503 3167 572 3222 ltoec
590 3172 610 3222 l.
631 3197 664 3208 -
691 3172 765 3223 ullo
788 3187 823 3221 m.
841 3185 868 3236 p.
888 3167 961 3244 Aug.
990 3170 1075 3224 Nam
1099 3171 1169 3227 tanc
1187 3184 1214 3231 et

55 3241 116 3296 ltoc
134 3241 209 3312 loqui
229 3272 259 3284 -
280 3240 434 3294 nullom.
451 3258 492 3308 p,
511 3244 585 3295 Mon.
608 3247 632 3296 1.
652 3243 677 3296 2.
698 3241 780 3293 Nam
798 3238 884 3293 bunc
902 3247 929 3293 et
946 3239 1012 3295 baec
1029 3243 1093 3295 l.-
1112 3246 1212 3299 nullo

55 3331 92 3367 m.
110 3331 139 3382 p.
159 3331 226 3366 cum
243 3312 289 3364 his
307 3314 403 3363 facere
422 3311 558 3364 videntur
578 3320 700 3382 quatuor
718 3312 798 3376 Oxx,
817 3311 929 3380 aliquot
947 3312 1053 3364 habent
1070 3315 1146 3368 ullo.-
1165 3317 1213 3368 sed

56 3385 175 3439 collatio
193 3400 252 3437 non
271 3392 314 3435 est
337 3383 489 3453 perspicua
508 3392 536 3435 et
555 3393 642 3436 certa.
669 3382 740 3435 Edd.
760 3389 831 3434 vett.
852 3400 942 3451 usque
960 3384 995 3435 ad
1012 3383 1082 3436 Dav.
1102 3389 1129 3440 3.
1148 3387 1213 3439 vul·

92 3465 151 3509 tam
170 3455 286 3521 habent,
306 3472 392 3524 quam
409 3453 489 3505 vides
508 3455 539 3506 in
557 3473 621 3509 ann.
642 3454 711 3506 Dav.
732 3460 760 3505 et
780 3453 863 3518 hall,
883 3463 1002 3534 excepta
1020 3455 1072 3507 Ed.
1088 3458 1116 3513 P.
1139 3476 1212 3528 quae

69 3529 129 3581 acit
148 3545 214 3579 cum
233 3526 318 3579 Codd.
335 3528 412 3594 Mon.
434 3528 458 3578 1.
474 3528 512 3590 2,
533 3534 562 3577 et
578 3528 612 3577 V.
632 3524 701 3577 Rob.
721 3523 820 3593 steph.
841 3541 913 3592 quae
932 3533 1093 3593 sequuntur
1111 3527 1213 3582 lectio·

55 3616 125 3652 nem
143 3598 209 3651 Cod.
229 3599 310 3671 Reg,
333 3598 391 3649 nisi
416 3595 491 3665 quod
509 3597 566 3650 ullo
585 3595 722 3650 exhibent
740 3611 793 3664 pro
812 3594 898 3647 nullo.
912 3596 1049 3649 ,Bentleii
1067 3599 1213 3653 coniectu-

56 3676 331 3807 ”ii‘tpttilt
346 3664 731 3793 at.”t³⁶³¹¹t.5t¹.tt
748 3665 975 3804 ..tillir
992 3668 1045 3721 '³⁶‘
1065 3670 1108 3737 ²⁹
1126 3670 1210 3724 ⁵⁰¹¹²·

56 3760 92 3796 ex
145 3759 182 3794 en
197 3758 225 3793 es
504 3770 536 3780 —
844 3773 851 3788 .
940 3777 947 3790 .

129 3827 197 3880 quae
226 3816 288 3863 cant
315 3809 414 3874 magni
441 3807 585 3862 antinoum
609 3817 634 3862 et
658 3810 713 3863 alti
735 3807 814 3874 viri]
836 3807 871 3859 ln
890 3808 957 3861 Cod.
982 3813 1056 3866 Mon.
1079 3817 1102 3866 1.
1122 3812 1212 3865 verbo

55 3883 156 3950 magni
180 3883 236 3935 alia
263 3897 363 3931 manus
390 3881 605 3950 superscripsit:
633 3883 671 3933 al.
701 3878 773 3932 clari
779 3895 789 3943 3
816 3878 892 3931 idem
920 3881 1031 3933 omittit
1057 3882 1210 3934 cuiusdam.

55 3953 143 4009 Godd.
164 3953 237 4007 Gud.
257 3951 341 4002 vind.
363 3954 387 4005 1.
406 3950 432 4002 2.
451 3950 557 4004 habent
582 3958 615 4004 et
633 3953 701 4005 atti
719 3949 902 4003 cuiusdam
920 3949 993 4015 viri5
1018 3969 1091 4001 unus
1110 3952 1159 4004 Ox.
1180 3959 1214 4005 et

54 4026 204 4080 cuiusdam
229 4021 324 4076 clari
349 4019 418 4086 viri,
444 4021 517 4072 alius
541 4021 644 4076 cuius
662 4030 689 4076 et
707 4021 762 4076 alti
780 4037 816 4086 u,
842 4020 915 4071 alius
933 4020 1079 4073 cuiusdam
1098 4029 1124 4074 ct
1144 4022 1214 4076 eloti

56 4099 217 4150 cum-Mon.
238 4099 270 4161 23
304 4093 377 4145 alius
401 4094 452 4145 Ox.
478 4091 625 4146 oriundam
650 4102 676 4146 et
701 4090 798 4145 clari
820 4089 896 4154 oiri3
931 4107 999 4144 mox
1025 4092 1108 4145 Vind.
1129 4097 1154 4148 1.
1181 4095 1214 4147 t'n

54 4169 143 4221 malit
166 4174 192 4220 et
217 4166 255 4221 in
277 4165 373 4218 bonis.-
399 4163 472 4216 haec
499 4165 586 4216 verba
612 4165 715 4216 desunt
743 4163 774 4214 in
792 4161 858 4214 (lod.
880 4161 952 4215 Gud.
974 4164 1001 4228 2,
1026 4164 1076 4231 qui
1097 4163 1213 4219 exhibet

55 4240 226 4302 numerari}
260 4255 334 4288 unus
357 4239 407 4291 Ox‘.
432 4242 510 4304 potes
532 4252 585 4306 pro
609 4225 710 4302 potebt.
748 4235 783 4285 ln
810 4249 888 4300 seqq.
916 4248 970 4301 pro
993 4243 1143 4290 coarmatus
1172 4245 1216 4290 eat

55 4315 149 4364 motus
173 4309 205 4360 in
227 4325 284 4361 uno
308 4309 358 4361 Ox.
386 4309 437 4378 qui
461 4307 547 4359 habet
579 4305 748 4359 exoriatur
774 4319 826 4381 pro
853 4302 998 4372 exoritur3
1030 4307 1103 4359 alius
1129 4307 1217 4362 habet

55 4384 216 4447 exeritum
234 4387 294 4434 tres
313 4396 379 4432 cum
398 4379 454 4432 MS.
476 4380 507 4431 in
526 4396 618 4454 marg.
644 4377 730 4432 Verb.
750 4375 824 4431 Gud.
844 4376 869 4428 2.
899 4373 962 4445 (qui
987 4378 1098 4431 omittit
1115 4379 1215 4447 etiam)

944 4484 989 4546 5*
