2856 5084
591 284 846 381 stannus.
964 379 968 382 ,
1124 309 1129 319 ·
1267 299 1288 364 a

135 474 213 527 tuna
228 465 443 528 veliementer
459 467 620 545 exercuit,
643 487 779 545 mecum,
795 468 866 550 ipse
888 461 1114 543 considerans,
1136 462 1216 527 huic
1236 465 1288 526 in-

135 552 221 629 cipio
244 548 430 610 sententiao
452 547 604 609 diffidere
632 548 812 629 interdum,
848 557 881 609 et
902 548 1039 608 humani
1067 550 1199 634 generis
1227 550 1289 609 im-

134 631 349 692 becillitatem
372 632 651 716 fragilitatemque
673 635 903 694 extimescere.
947 630 1081 692 Vereor
1113 633 1214 701 enim,
1246 649 1288 692 nc

133 722 283 788 natura„
301 733 402 794 quum
436 733 579 793 corpora
616 715 711 775 nobis
746 715 880 774 infirma
916 711 1073 788 dodisset,
1114 714 1220 792 iisque
1257 717 1290 773 cb

133 797 269 856 morbos
290 795 490 858 insanabiles
513 803 547 855 et
568 792 702 857 dolores
724 796 950 857 intolerabiles
973 792 1188 868 adiunxisset,
1217 796 1288 855 ani-

132 961 196 1012 ΧΠ.
216 963 247 1015 i:
265 962 347 1015 ilaec
364 978 408 1013 me
425 962 561 1030 reliquiae
580 967 690 1013 vestrae
708 966 892 1026 exercent,
913 967 940 1013 et
959 959 1069 1028 quidem
1086 968 1200 1029 praeter
1217 969 1290 1015 cete·

133 1047 182 1082 ros
199 1048 249 1084 me
287 1033 396 1085 Laudat
413 1032 451 1092 ad
465 1031 495 1082 h.
515 1032 537 1082 l.
557 1031 651 1092 Kiihn.
672 1031 842 1084 Sallustium
860 1031 920 1083 (lat.
945 1033 991 1085 ll:
1012 1032 1129 1085 ambitio
1140 1059 1171 1069 -
1182 1035 1291 1086 aaimoe

133 1098 272 1154 bantinum
290 1103 442 1155 exercebat.
478 1101 627 1186 intelligit
644 1101 674 1152 h.
695 1102 716 1152 l.
739 1101 839 1162 Cicero
857 1110 980 1170 tempus,
1008 1117 1064 1171 quo
1090 1102 1173 1154 dorna
1191 1103 1292 1172 pulsus

86 1179 89 1185 “
133 1173 227 1240 patria
245 1173 340 1225 caruit
366 1170 555 1224 inimicorum
581 1180 695 1241 :mpetu
713 1187 878 1242 oppressus:
905 1171 1027 1224 fortasse
1055 1172 1141 1224 etiam
1161 1173 1199 1238 id,
1233 1189 1291 1241 quo

133 1244 234 1295 anussa
251 1244 314 1295 filia
333 1245 466 1294 fortunae
485 1242 636 1311 dolorique
654 1242 812 1294 succubuit.
835 1241 902 1294 Cod.
921 1241 1011 1295 Rehd.
1030 1239 1116 1294 habet
1140 1242 1172 1296 ia
1191 1244 1292 1310 quibas

134 1328 186 1376 ee,
214 1315 333 1386 egregia
351 1314 464 1365 scilicet
480 1311 609 1365 hominis
628 1311 739 1364 acutuli
758 1312 965 1380 emendatione.
1003 1313 1083 1365 Unus
1107 1313 1157 1365 Ox.
1176 1314 1292 1378 fortuna

134 1382 328 1436 oebemeati
334 1401 387 1435 or:
406 1382 482 1453 quod
500 1384 571 1435 item
581 1374 698 1435 videtur
717 1383 899 1446 correctoris,
919 1398 972 1434 nec
990 1391 1088 1434 tamen
1106 1383 1147 1435 ita
1160 1384 1289 1438 absurdi:

134 1455 182 1506 sed
202 1455 384 1507 correctoris.
405 1454 486 1511 'Alia
505 1454 646 1506 sententia
670 1453 745 1505 dixit
763 1454 863 1505 Cicero
882 1452 917 1504 de
936 1455 984 1506 Or.
1002 1453 1026 1506 1.
1047 1456 1091 1510 33.
1113 1457 1177 1510 153;
1208 1453 1291 1509 velte·

133 1532 238 1578 menter
256 1541 287 1577 se
305 1538 432 1577 exercere
450 1525 481 1578 iu
499 1524 599 1578 subitio
621 1523 799 1577 dictionibus.
836 1525 897 1576 Mr.

204 1594 239 1647 In
258 1597 355 1673 quibas
372 1611 416 1647 me
433 1595 549 1659 sortitae.
566 1593 736 1648 cebemeater
754 1594 892 1660 exercuit]
928 1595 995 1647 Non
1013 1603 1085 1661 erat,
1104 1613 1159 1648 cur
1175 1596 1290 1650 Lambi-

132 1684 185 1718 nus
201 1667 436 1735 praepositionem
455 1666 573 1718 deloret.
612 1666 715 1718 Cicero
738 1682 791 1735 pro
810 1664 918 1718 Archia
944 1683 1004 1735 cap.
1024 1667 1072 1718 Xl.
1111 1665 1210 1720 Gloria
1228 1667 1290 1734 qui-

134 1738 202 1808 dem
214 1738 349 1802 detracta,
369 1737 489 1801 iudices,
508 1737 576 1804 quid
592 1742 635 1788 est
654 1737 727 1805 qaod
744 1737 774 1790 in
791 1735 842 1790 boc
860 1742 919 1788 tam
930 1737 1035 1804 exiguo
1051 1739 1128 1790 uitae
1145 1737 1290 1792 curriculo

133 1815 160 1861 et
180 1816 238 1860 tam
256 1808 342 1873 breui,
362 1807 448 1860 tantis
466 1824 517 1859 aas
536 1808 568 1858 in
585 1806 728 1859 laboribus
747 1810 951 1860 exerceamus?
987 1806 1139 1861 Sallustius
1157 1809 1249 1879 Epist.
1264 1811 1288 1862 1.

133 1879 168 1930 ad
192 1880 269 1932 Caes.
296 1879 330 1931 de
351 1880 422 1947 Rep.
455 1878 553 1930 Ordin.
580 1894 645 1951 pag.
669 1880 730 1933 524·
775 1879 810 1930 In
840 1877 946 1942 labore,
976 1879 1123 1947 patientia,
1156 1879 1291 1948 bonisque

132 1952 290 2016 praeceptis
315 1956 341 2002 et
364 1949 447 2015 factis
469 1950 588 2014 fortibus
607 1948 794 2001 exercitando.
832 1947 907 2014 Quin
926 1956 956 2002 et
974 1949 1016 2002 ita
1033 1949 1108 2024 legit
1126 1950 1238 2002 Nonius
1257 1951 1290 2002 in

66 2031 77 2061 ’-
133 2037 272 2086 exercere,
297 2020 348 2072 ubi
366 2019 445 2072 bunc
462 2019 578 2071 adducit
595 2019 700 2070 locum.
736 2019 773 2072 D.

203 2089 268 2144 buia
290 2089 397 2156 incipio
420 2092 572 2143 sententiae
595 2089 725 2154 diffidere
751 2087 901 2154 interdum,
931 2097 958 2143 et
976 2091 1028 2157 -]
1064 2091 1130 2156 „Ita
1147 2091 1204 2144 scri
1225 2098 1290 2144 tum

133 2168 176 2214 est
193 2161 224 2213 in
244 2160 373 2230 Gryphii
390 2161 476 2226 libro,
495 2169 562 2213 nota
580 2160 773 2212 distinctionis
790 2169 854 2229 post
872 2161 1012 2214 interdum
1028 2163 1168 2232 apposita.
1192 2109 1290 2216 iicto-

133 2232 210 2283 rius:
230 2231 368 2284 interdum
387 2239 412 2283 et
430 2229 545 2284 lumeni
559 2229 684 2298 generis,
702 2230 753 2282 ubi
767 2231 819 2283 alii
837 2231 978 2284 interdum
996 2235 1043 2284 eti
1049 2247 1103 2282 am
1121 2229 1193 2285 bum.
1212 2249 1291 2298 gem,

133 2302 228 2366 habet,
247 2311 342 2353 notam
355 2301 549 2353 distinctionis
566 2310 673 2365 tamem
691 2309 725 2352 ut
743 2301 796 2352 alii
810 2302 918 2365 excusi,
937 2310 1002 2353 ante
1017 2303 1158 2354 interdum
1172 2302 1291 2371 ponit.“

105 2374 215 2426 -Bma
251 2373 425 2438 „diffiderer
453 2372 634 2425 interdum
656 2369 784 2423 etlam.
804 2387 868 2437 gea.
904 2373 950 2423 lta
966 2372 1114 2423 Victorius
1133 2389 1198 2424 oum
1215 2373 1289 2425 Pali.

133 2461 189 2498 sec.
206 2452 274 2496 tert.
294 2452 388 2512 quart.
408 2443 499 2494 Vatia.
520 2441 616 2494 Etiam
634 2440 718 2493 alii.“
755 2440 838 2494 Gebb.
909 2459 918 2483 ²·
999 2473 1003 2480 ·
1111 2475 1114 2481 ·
1283 2480 1285 2485 .

205 2515 279 2567 Huic
302 2513 410 2581 incipio
438 2515 593 2566 sententiae
622 2512 767 2578 diffidere:
802 2512 943 2565 interdum
967 2518 994 2564 et
1024 2510 1137 2565 bomani
1159 2511 1289 2580 generis]

135 2577 375 2656 Interpunctione
393 2592 504 2637 mutata
522 2584 632 2649 malim,
660 2581 724 2635 baia
746 2581 850 2651 incipio
878 2582 1035 2636 sententiae
1052 2583 1187 2649 diffidere
1201 2583 1291 2637 inter·

134 2655 207 2720 dam,
240 2661 266 2708 et
294 2654 410 2708 bomani
438 2654 553 2722 generis
583 2654 793 2708 inbecillitatem
824 2653 1066 2722 fragilitatemque
1096 2656 1290 2720 extimescere:

116 2726 388 2797 quemadmodum,
400 2718 540 2796 probante*
554 2727 653 2792 Bruto,
671 2726 770 2778 locum
786 2724 921 2778 distinxit
938 2728 989 2778 ttls.
1010 2725 1205 2796 Gryphianus.
1241 2727 1290 2780 Sic

133 2797 219 2848 etiam
237 2799 306 2868 Reg.
332 2806 361 2849 et
378 2797 525 2850 Pithoean.
564 2797 600 2850 D.

204 2867 339 2932 diffidere
357 2869 505 2934 interdum,
525 2875 552 2922 et
570 2867 683 2922 lamani
699 2867 826 2938 generis]
860 2869 948 2934 Quam
967 2870 1063 2934 suasit,
1083 2886 1138 2922 nec
1154 2885 1225 2922 vero
1243 2886 1290 2923 re-

133 2938 211 3008 cepit
229 2939 445 2992 distinctionem
462 2940 604 3005 Davisius,
630 2950 806 3010 receperunt
823 2941 918 2996 Wolf.
940 2939 1024 2992 Schz.
1044 2940 1117 2991 Lall.
1138 2940 1185 2992 Or.
1204 2940 1289 3006 Thu,

96 3016 106 3026 ·
133 3026 187 3061 nec
204 3009 276 3061 rero
294 3010 366 3062 Oliv.
386 3010 457 3062 Era.
478 3019 508 3061 ct
526 3011 627 3075 Nobb.,
647 3012 698 3079 qui
717 3029 783 3063 cum
800 3012 875 3063 Vict.
897 3019 926 3063 et
944 3011 1035 3062 Gebh.
1056 3018 1155 3071 contra
1174 3011 1289 3062 Cicero-

133 3080 180 3130 nis
198 3095 307 3131 morem
325 3088 439 3133 servant
457 3082 604 3147 diffidere:
627 3083 814 3135 interdum
837 3088 870 3134 et
887 3080 964 3134 bum.
983 3096 1046 3147 gea.
1083 3081 1194 3133 Habent
1212 3081 1290 3148 diffi-

134 3151 212 3202 dere:
232 3147 374 3203 i'aterdum
393 3150 601 3205 etiam'Codd.
621 3161 680 3205 tres
698 3154 768 3208 Oxx.
788 3155 863 3205 Mon.
883 3156 908 3208 2.
928 3152 1000 3216 Edd.
1020 3160 1086 3204 ante
1105 3151 1195 3206 Gebb.
1222 3152 1289 3216 (ex-

133 3222 225 3289 ceptis
245 3223 276 3273 V.
298 3230 327 3274 et
345 3223 414 3275 llob.
435 3221 548 3292 steph.)
571 3224 699 3292 itemque
717 3223 813 3279 Wolf.
841 3225 872 3274 in
890 3223 944 3275 Ed.
964 3241 1009 3292 pr.
1028 3224 1104 3275 unde
1122 3222 1239 3274 transiit
1257 3224 1290 3275 in

133 3292 206 3343 Edd.
225 3292 307 3344 Koel.
328 3301 356 3344 et
374 3294 441 3344 Bill.
477 3295 593 3364 Reliqui
616 3295 763 3346 nobiscum
790 3294 902 3345 faciunt
926 3293 1001 3362 quod
1026 3293 1232 3345 adlectionem
1251 3301 1288 3346 et.
1315 3331 1316 3335 ,

133 3361 217 3415 Solus
236 3363 308 3415 Gud.
328 3363 415 3416 habet
434 3365 564 3431 diffidere
582 3365 733 3418 sententiae
751 3396 784 3407 -
810 3364 1059 3432 fragilitatem
1086 3364 1290 3427 imbecilli-

134 3439 309 3502 tatemque
327 3435 520 3488 extimescere:
549 3453 585 3488 ex
603 3455 658 3505 qua
675 3435 828 3488 verborum
846 3436 1077 3505 transpositione,
1105 3436 1153 3487 cui
1178 3434 1290 3496 decedit

134 3504 210 3572 quod
227 3522 301 3556 unus
319 3506 369 3568 On.
398 3505 484 3559 habet
508 3507 699 3573 fragilitatem
725 3507 829 3558 omisso
854 3523 914 3576 que,
947 3522 1037 3557 novus
1062 3505 1153 3575 aliqui
1171 3505 1290 3560 Beierus

132 3590 233 3627 vocem
250 3575 495 3646 fragilitatemque
512 3577 634 3651 glossam
662 3577 888 3646 eiiciendamque
907 3577 1023 3632 dixerit.
1060 3577 1134 3629 Duas
1156 3578 1289 3630 consulto

133 3652 164 3697 et
188 3646 368 3771 aliquqqqtum
391 3648 516 3701 diversas
542 3648 640 3724 iungit
662 3664 746 3702 voees
770 3648 971 3714 infirmitatem
997 3646 1152 3701 humanam
1178 3648 1311 3724 signifi-¹

133 3724 236 3778 cantes.
310 3736 333 3770 r.
1175 3754 1180 3761 -
1226 3764 1228 3769 ,

207 3787 314 3841 Vereor
339 3789 422 3853 euim,
452 3805 486 3842 ne
512 3796 625 3855 natura,
653 3790 751 3860 metm]
788 3792 823 3844 ln
841 3797 902 3856 ,uno
926 3792 975 3845 Ox.
1003 3791 1080 3844 deest
1105 3791 1187 3844 enim.
1223 3792 1291 3841 lllox

133 3856 207 3909 Gud.
227 3861 253 3910 2
273 3860 360 3914 lllarb.
386 3860 501 3924 infirma
520 3877 603 3928 mam
621 3877 741 3927 corpora
759 3863 846 3915 nobis.
863 3862 954 3930 tint.
978 3866 1000 3914 l.
1027 3876 1111 3929 qaam
1128 3858 1210 3911 nobis
1223 3872 1291 3918 ¹cor-

130 3943 206 3994 pora
223 3928 276 3992 inf.
297 3929 371 3982 Gud.
391 3946 472 3997 qaum
490 3947 609 3997 corpora
629 3932 750 3984 dedisset
767 3934 879 3996 infirma
898 3933 984 3984 nobis.
1022 3932 1129 3980 Rursus
1146 3929 1290 3977 fluctuant

132 3999 203 4050 libri
222 4000 300 4052 inter
318 3999 418 4067 iisque,
437 4001 522 4066 isque,
542 3999 652 4070 diisque
677 4011 706 4054 et
730 4001 835 4068 lisque.
870 4001 1000 4068 Sequens
1024 4004 1049 4048 et
1072 3997 1149 4047 abest
1168 4012 1183 4046 a
1202 3994 1289 4045 Codd.

131 4071 209 4122 Mon.
229 4073 255 4125 2.
277 4080 306 4123 et
325 4069 398 4122 Gud.
434 4071 686 4136 Eius-locounus
710 4074 759 4124 Ox.
780 4071 866 4122 habet
891 4072 938 4130 ia,·
966 4083 1040 4117 unus
1062 4066 1112 4116 Ox.
1133 4064 1244 4115 omittit
1262 4068 1290 4116 et

132 4140 257 4203 dolores,
276 4141 361 4192 Vind.
380 4143 406 4195 2.
426 4139 484 4190 tria
501 4141 637 4191 vocabula
656 4147 682 4192 et
701 4143 756 4193 dol.
776 4138 981 4200 intolerabilest
1006 4138 1080 4189 ltlon.
1101 4139 1125 4190 l.
1154 4134 1289 4188 exhibet:

131 4210 311 4265 adiunxisset
341 4218 366 4264 et
390 4212 501 4263 dolores
527 4208 725 4262 intollerabile:
751 4209 833 4272 (sic).
878 4207 976 4279 Pergit
1003 4205 1080 4257 idem
1106 4223 1173 4260 cum
1199 4206 1289 4259 lllarb.

130 4284 307 4351 animosque
325 4283 451 4336 dederit:
475 4298 511 4333 ex
528 4280 603 4330 male
615 4279 692 4331 lecto
706 4277 892 4348 compendio:
911 4278 985 4330 Gud.
1006 4279 1120 4334 animi·
1132 4293 1290 4335 mareas·

131 4370 193 4423 que
211 4352 330 4408 dederit.
350 4349 436 4405 Vides
454 4353 642 4425 glossatorem
660 4347 710 4401 vel
724 4356 918 4401 correctorem
928 4347 1076 4405 Ciceronis
1094 4351 1149 4406 sibi
1167 4349 1291 4404 ninnium

130 4424 304 4496 placentem.
343 4423 429 4479 Abest
447 4430 474 4478 et
497 4430 562 4495 post
581 4419 693 4476 dederit
712 4420 812 4477 aliod.
833 4420 906 4477 Gud.
944 4419 1006 4477 Mr.
