2856 5084
505 260 706 341 ciarev,
727 262 778 325 12.
897 302 902 309 .
1188 261 1230 327 ιιι

42 484 44 487 .
77 422 186 490 huius'
210 427 394 489 sententiae
425 406 573 570 {raritas
599 445 619 488 a
647 426 795 488 Platonis
815 391 1015 488 auctoritate
1041 435 1229 511 repetatur.

76 509 175 592 Apud
196 529 292 592 quem
313 529 411 589 saepe
457 527 514 571 aec
535 510 644 570 oratio
666 516 828 591 usurpata
850 518 911 585 est,
932 516 971 569 ut
991 509 1075 570 nihil
1095 518 1231 590 praeter

75 596 237 660 virtutem
258 591 429 654 diceretur
450 592 592 653 bonnm:
614 593 761 653 velutin
784 589 910 676 Gorgia
932 589 1098 669 Socrates,
1126 612 1231 674 quum
1267 625 1268 628 ¹

76 684 164 738 esset
184 695 224 736 ex
246 694 286 736 eo
308 676 506 756 quaesitum,
528 673 727 735 Archelaum
746 671 924 736 Perdiccae
945 673 1060 744 filium,
1082 677 1231 755 quitum
1274 704 1278 716 ¹

55 757 564 835 ·‘fortnnatissimushaberetur,
587 775 697 818 nonne
713 756 848 818 beatum
870 755 1022 837 putaretl
1044 755 1131 818 baud
1146 761 1224 833 scio,
1242 757 1290 812 35·

77 843 190 924 inqui:
212 858 376 922 numquam
397 842 478 903 euim
502 859 568 901 curu
589 859 625 900 eo
648 838 825 902 collocutae
846 857 922 900 eum.
947 869 985 882 -
1026 834 1167 901 Ain'ta?
1189 859 1232 903 au

75 1026 165 1081 videt.
186 1053 220 1066 —-
257 1030 311 1081 Pro
328 1026 447 1079 videtur
463 1025 496 1077 in
512 1041 570 1078 uno
588 1025 655 1086 cod.
677 1025 725 1078 Ox.
747 1032 789 1077 est
811 1022 926 1088 uiderit,
964 1023 1133 1097 Recte·post
1150 1024 1233 1081 buius

77 1097 303 1174 intelligendum
322 1115 380 1150 esse
399 1103 491 1149 tamen
509 1095 592 1148 docet
608 1094 704 1148 Kiihu.
724 1096 810 1164 idque
826 1096 1063 1170 praecedentibus
1080 1099 1233 1168 particulis

18 1201 24 1206 -
77 1170 248 1224 concessivis
267 1169 378 1238 saepius
396 1168 475 1220 fieri:
495 1167 612 1219 laudans
621 1166 787 1219 Ramshorn.
800 1167 850 1218 Gr.
864 1168 925 1219 Lat.
937 1166 959 1231 ἓ.
971 1171 1031 1223 205.
1050 1187 1078 1240 p.
1089 1173 1150 1226 690.
1170 1171 1230 1224 Mr.

149 1240 233 1307 Apud
251 1255 327 1308 quem
345 1255 428 1306 saepe
447 1234 530 1290 baec
548 1237 661 1292 oratio
680 1244 814 1303 usurpata
833 1239 895 1303 est,]
923 1239 1035 1292 Habent
1053 1239 1146 1293 oratio
1165 1238 1251 1294 baec‘

76 1309 149 1363 Edd.
169 1311 198 1364 S.
217 1311 263 1373 E„
282 1317 345 1360 tum
359 1309 424 1362 Cod.
443 1309 527 1361 Vind.
539 1313 562 1363 1.
583 1309 739 1361 duceretur
756 1325 809 1379 pro
829 1309 993 1362 diceretur:
1012 1311 1097 1376 male,
1115 1328 1233 1382 praece-

77 1381 165 1434 dente
182 1378 439 1437 locutioneoratio
457 1385 596 1448 usurpata
613 1385 665 1433 eet.
702 1379 773 1432 Tres
793 1380 862 1432 Oxx.
883 1381 996 1434 diceret.
1035 1382 1095 1435 Mr.

151 1451 233 1507 Velut
258 1448 290 1502 iia
313 1450 424 1519 Gorgia
452 1450 599 1517 Socrates]
644 1451 736 1502 Locus
764 1458 805 1504 est
827 1468 856 1519 p.
876 1454 939 1506 470.
964 1452 990 1505 d.
1010 1469 1035 1504 a.
1062 1450 1162 1522 Steph.
1181 1453 1232 1506 ubi

78 1520 114 1573 ad
131 1539 194 1576 rem
213 1529 242 1573 et
259 1520 410 1575 historiam
428 1521 487 1574 vid.
509 1538 581 1591 quae
600 1519 748 1573 annotavit
767 1521 918 1574 Heindorf.
938 1539 967 1592 p.
986 1526 1029 1579 88.
1051 1542 1093 1592 sq.
1115 1533 1144 1576 et
1162 1540 1232 1594 quos

76 1590 205 1645 laudavit
222 1591 266 1648 W
287 1591 431 1644 ttenbach.
452 1592 487 1645 ad
503 1591 649 1646 Plutarch.
670 1591 704 1644 de
722 1589 812 1644 Educ.
831 1594 913 1645 Puer.
932 1610 961 1662 p.
973 1596 1032 1647 102.
1055 1593 1099 1658 [Τ.
1110 1594 1133 1646 1.
1147 1614 1176 1664 p.
1186 1599 1231 1655 61.

76 1662 119 1715 ed.
139 1661 231 1733 Lips]
291 1679 348 1714 unc
366 1663 462 1715 locum
486 1663 526 1714 ita
544 1663 688 1731 excerpsit
712 1663 757 1716 Jo.
777 1663 905 1716 Valensis
925 1663 956 1714 in
976 1663 1232 1736 Compendiloquio

72 1760 74 1764 ’
97 1772 103 1784 ·
124 1736 184 1790 188.
205 1752 243 1794 ιι,
273 1732 403 1786 Socratae
426 1733 458 1787 in
484 1733 595 1802 Gorgia
625 1750 685 1786 cum
717 1733 756 1786 ab
782 1751 819 1798 ιο,
837 1739 909 1786 estet
933 1739 1100 1803 quaesitum:
1127 1735 1242 1805 Arete<

74 1751 595 1928 itti‘''.tt'.t⁸t.‘.-l⁸³⁰i³.tt''“tt
613 1804 668 1928 ⁹²55·
679 1805 1122 1930 ⁶t.t.f⁰tt‘t“.‘tt²tttttttt
1142 1824 1232 1931 ”mi

75 1945 121 1998 Et
139 1892 221 2000 itti
239 1910 415 1998 uuue’alitei
432 1943 483 1998 hoc
501 1912 574 1999 scire
591 1891 690 2015 aidica?
719 1895 789 1998 carii
814 1945 863 1999 sit
888 1962 950 1999 reu
967 1896 1233 2013 m'agnudliiib-

75 2017 161 2069 rum?
193 2016 277 2069 Nullo
302 2017 395 2080 modo,
428 2015 441 2068 i
447 2018 562 2086 nquit,
596 2035 661 2070 cum
688 2018 829 2091 ignorem,
860 2034 946 2086 quam
964 2019 1001 2069 sit
1019 2018 1124 2085 doctus,
1152 2036 1232 2090 quam

76 2087 170 2141 bouus.
208 2088 305 2155 Ibique
323 2086 462 2140 concludit
481 2094 588 2153 auctor,
600 2089 694 2143 ,bonos
711 2104 769 2141 ease
787 2089 890 2154 beatae,
914 2089 1054 2155 tinpraboe
1074 2106 1131 2143 ease
1150 2093 1233 2144 miae-

75 2174 134 2212 roe.
173 2159 269 2211 Miser
288 2161 375 2213 enim
392 2156 558 2221 Archelaus,
578 2159 686 2213 seilicet
703 2160 754 2213 ille
769 2165 877 2227 pateus,
896 2158 924 2212 si
941 2159 1072 2213 iniustae.
1092 2194 1123 2204 -
1163 2162 1230 2215 God.

74 2230 160 2282 vind.
181 2230 207 2280 1.
225 2229 312 2281 habet
329 2247 363 2282 ea
381 2245 412 2282 eo
432 2236 508 2293 earet,
528 2230 602 2282 Gud.
623 2231 735 2286 omittit
753 2246 790 2282 esc
806 2247 844 2286 eo.
881 2230 923 2285 De
946 2229 1089 2282 Archelao
1108 2232 1191 2284 adh.
1209 2233 1230 2284 l.

75 2300 179 2375 longus
208 2308 251 2352 est
275 2299 455 2351 Bouhierius.
494 2298 550 2352 Sed
573 2301 683 2352 sufficit
706 2301 790 2365 scire,
818 2317 883 2352 eum
907 2300 994 2351 fuisse
1016 2301 1168 2354 Perdiccae
1190 2319 1234 2356 se-

76 2371 165 2423 cundi
177 2370 283 2434 filium,
303 2369 481 2428 Macedoniae
500 2387 609 2443 regem,
629 2371 706 2423 viros
719 2371 852 2424 literatos
871 2379 1023 2423 amantem.
1054 2374 1108 2424 Pro
1117 2371 1232 2426 Perdic-

77 2439 218 2494 cacanus
238 2441 288 2493 Ox.
312 2439 400 2491 habet
421 2438 581 2506 Perdictae,
610 2441 682 2494 alius
707 2439 854 2498 Perdicae.
890 2440 1034 2495 scribitur
1058 2443 1234 2508 fortissimus
1304 2458 1307 2462 ⁴

77 2512 111 2563 in
129 2511 214 2564 Godd.
233 2509 321 2563 Nlarb.
351 2508 423 2562 Gud.
444 2510 516 2563 Gud.
535 2513 567 2578 23
596 2511 628 2563 in
649 2512 744 2575 Duisb.
769 2520 860 2566 tamea
885 2529 939 2583 pro
959 2518 1024 2580 tum,
1051 2514 1083 2566 in
1101 2516 1186 2574 Vind.
1208 2521 1232 2572 l.

77 2580 257 2649 habebatur,
275 2581 307 2632 in
325 2580 399 2634 Gud.
419 2583 444 2637 2.
465 2589 494 2634 et
510 2581 619 2636 dnobus
639 2584 710 2636 Oxx.
733 2581 870 2638 baberet.
907 2583 966 2636 Mr.

147 2688 238 2724 nonae
262 2671 370 2723 beatum
390 2669 521 2738 putaret]
563 2671 687 2736 „Nonne
715 2673 746 2725 in
777 2674 906 2725 oratione
932 2672 1047 2742 obliqua
1073 2675 1147 2727 mihi
1174 2692 1233 2740 non

76 2743 181 2812 placet,
199 2743 357 2812 putavique
374 2741 529 2816 legendum
548 2757 619 2796 auae
636 2744 685 2796 vel
703 2743 830 2799 anuon.“
848 2745 915 2796 Era.
944 2745 1009 2797 Non
1026 2746 1232 2798 recordabatur

75 2815 149 2868 Ern.
168 2813 300 2865 locorum
318 2812 415 2881 quales
433 2822 500 2864 sunt
519 2813 553 2865 de
571 2815 657 2870 Finn.
677 2814 732 2870 111.
752 2818 784 2870 4:
810 2816 860 2867 ead
875 2831 985 2883 quaero,
1009 2831 1098 2868 nouae
1116 2816 1169 2871 tibi
1182 2820 1202 2884 s
1219 2847 1232 2859 -

75 2884 205 2938 ciendum
226 2882 302 2936 idem
327 2884 372 2936 ait.
401 2883 487 2936 Acad.
512 2885 550 2936 11.
578 2886 625 2939 24:
656 2900 689 2936 eu
715 2887 950 2954 aequaeuam,
985 2902 1071 2938 noune
1092 2893 1232 2954 putarem,-

77 2957 154 3011 Orat.
175 2957 223 3010 63:
245 2956 364 3019 Quaero,
383 2970 473 3008 nouae
491 2952 523 3006 id
539 2969 668 3007 numerus
685 2955 827 3020 effecerit?
846 2972 915 3024 quos
934 2955 1060 3007 laudavit
1071 2956 1233 3010 Ochsnerus

75 3025 329 3100 Eclogg.p..351.
356 3025 399 3078 ed.
419 3029 445 3081 3.
472 3025 543 3077 Add.
571 3025 658 3078 Goer.
686 3028 719 3079 ad
747 3026 807 3084 Cic.
832 3025 867 3078 de
891 3026 976 3079 Finn.
997 3026 1033 3077 11.
1054 3029 1097 3082 18.
1120 3046 1148 3097 p.
1169 3031 1231 3086 tto.

74 3098 129 3150 Pro
145 3096 332 3164 putaretduo
351 3098 420 3150 Oxx.
442 3095 550 3148 habent
568 3096 681 3150 diceret.
719 3097 779 3151 Mr.

145 3185 234 3237 Haud
251 3183 326 3250 ecio]
356 3183 467 3237 Graeca
490 3184 532 3236 sic
557 3202 585 3237 se
611 3184 726 3236 habent.
764 3188 839 3238 Σωκ.
861 3181 916 3238 Οὐκ
942 3178 1016 3252 οἶδα,
1042 3181 1066 3239 ai
1087 3189 1179 3245 linita·
1197 3186 1244 3245 οὐ,

75 3249 130 3379 a
151 3254 435 3378 ramea.
449 3248 546 3378 ter
562 3256 661 3380 ar
677 3255 739 3379 tt:

68 3346 192 3466 ,λοναὲήῒ
209 3342 399 3469 Ξνέἕὶκῖιαζῖς,
420 3345 565 3452 ὅετιςόιζδιὲν
583 3345 761 3464 (Ιοομῤοῖἐὲ)
780 3370 831 3452 {tu
846 3364 936 3469 μέγαιἰ
953 3346 1232 3468 iaaaiba'yadaudr

45 3531 47 3535 Α
76 3467 172 3537 φήσεις
200 3469 356 3541 εὐδαίμονα
377 3467 461 3522 ὄντα.
493 3474 526 3524 Σ.
546 3471 600 3520 Kal
622 3415 710 3536 ιᾶηθῆ
734 3487 765 3537 γε
789 3467 920 3540 ἕρῶῖιοῦ
943 3472 998 3537 γὰρ
1024 3463 1088 3523 οἶδα
1105 3469 1232 3532 παιδείας

75 3541 155 3599 ὅπως
172 3539 233 3609 ἔχει
250 3545 294 3593 καὶ
311 3535 494 3606 δικαιοσύνης.
517 3545 554 3592 Π.
568 3543 604 3590 Τί
620 3539 668 3602 δίς
687 3537 716 3594 ἐν
734 3538 819 3606 τούτῳ
834 3547 910 3593 πᾶσα
927 3540 944 3608 ἦ
958 3541 1123 3612 εὐδαιμονία
1141 3540 1229 3607 iactae

74 3615 109 3667 Σ.
124 3607 174 3670 Ὦς
191 3629 222 3680 γε
241 3606 294 3677 ἐγώ
314 3611 382 3678 λέγω
399 3607 421 3666 oi
439 3614 531 3664 note·
557 3611 608 3664 τόν
630 3612 682 3677 μὲν
704 3611 759 3681 γὰρ
778 3608 861 3665 καλὸν
879 3613 927 3663 καὶ
951 3609 1060 3678 ἀγαθόν
1078 3612 1169 3685 ἄνδρα
1186 3616 1232 3667 καὶ

73 3687 193 3750 γυναῖκα
212 3679 362 3746 εὐδαίμονα
386 3681 461 3734 εἶναί
480 3702 561 3753 φημι,
585 3682 637 3734 τὸν
662 3681 695 3736 δὲ
713 3682 812 3735 ἄδικον
829 3683 879 3735 καὶ·
892 3683 1024 3756 πονηρόν,
1052 3684 1158 3738 ἄθλιον.
1195 3691 1230 3739 11.

70 3756 181 3810 Ἀθίιος
199 3749 256 3821 ἄρα
276 3745 356 3812 οὗτός
377 3745 451 3806 ἐστΐν
469 3750 484 3807 ὁ
503 3752 646 3823 Ἀρχέλαος
667 3754 737 3807 -uard
764 3750 814 3807 τὸν
831 3755 886 3808 οόν
904 3754 1001 3822 λόγως
1031 3759 1064 3809 Σ.
1083 3759 1170 3826 Εἴπερ
1188 3775 1230 3822 γε,

74 3821 98 3878 ai
122 3826 194 3894 φίλε,
230 3817 333 3883 ἄδικος.
378 3824 455 3876 Haec
482 3826 586 3881 ultima
613 3827 720 3894 repetit
753 3824 915 3878 Athenaeus
938 3827 987 3877 lib.
1013 3828 1047 3897 V„
1074 3844 1141 3898 pag.
1167 3828 1230 3879 21⁷.

72 3895 245 3948 Plutarchus
268 3889 409 3945 deliber.
434 3895 538 3962 Edam·
555 3913 620 3968 pag.
647 3897 673 3951 6.
697 3895 739 3948 Αε·
761 3891 1122 3966 Σωκράτηςίρωτήοαντος
1145 3892 1232 3947 αὐτόν

76 3968 138 4034 (μοι
156 3965 243 4031 δοκεῖ)
261 3969 391 4032 Γοργίου,
409 3962 444 4029 ἣν
462 3967 523 4035 ἔχει·
534 3969 598 4038 περὶ
616 3972 668 4039 τοῦ
682 3961 804 4037 μεγάλου,
819 3965 1122 4034 βασιλέως-ὑπόληψιν,
1145 3968 1191 4016 καί
1208 3965 1232 4016 ei

76 4043 181 4104 νομίζει
198 4041 298 4090 τοῦτον
317 4034 471 4101 εὐδαίμονα
489 4029 574 4089 εἶναι·
615 4037 670 4090 Οὐκ
689 4037 763 4100 aida,
786 4039 881 4105 ἔφησε,
904 4043 966 4095 unic
993 4036 1088 4103 ἀρετῆς
1106 4039 1151 4088 καὶ
1168 4053 1231 4087 παι-

77 4108 151 4170 δείας
170 4109 232 4176 ἔχει.
261 4107 346 4174 Levis
364 4106 396 4156 in
413 4105 459 4157 his
478 4107 551 4159 inest
568 4107 724 4159 memoriae
741 4108 853 4171 lapsum
871 4106 1025 4158 nonenim
1042 4105 1112 4158 baec
1131 4107 1231 4162 Socra-

77 4188 137 4231 tem
162 4179 284 4252 Gorgias
309 4178 481 4261 interrogat‚
514 4178 563 4230 sed
586 4178 670 4229 Polus
700 4178 782 4247 apud*
800 4177 949 4229 Platonem
974 4177 1007 4226 in
1033 4176 1142 4252 Gorgia
1163 4196 1228 4252 pag.

72 4251 138 4306 798.
176 4248 220 4302 Ad
245 4250 342 4303 eadem
358 4248 529 4318 rrespiciunt
551 4247 684 4300 Julianus
707 4250 783 4303 Orat.
803 4247 840 4300 ΙΙ.
868 4265 954 4333 pagg.
975 4250 1016 4303 78.
1036 4252 1078 4305 79.
1099 4259 1128 4302 et
1145 4251 1229 4302 Dion.

76 4321 296 4390 Chrysostomus
315 4322 392 4374 Orat.
413 4318 553 4394 llI.1pag.
572 4320 616 4374 36.
653 4317 689 4370 D.

145 4407 282 4462 uunquam
308 4394 380 4447 euim
408 4408 468 4446 cum
493 4407 532 4444 eo·
552 4391 706 4444 reuocatus
720 4389 813 4456 auru]
849 4388 929 4458 „Ita
947 4398 1065 4463 quatuor
1089 4392 1228 4458 Palatini,
