2856 5084
192 284 215 351 a
351 290 354 297 ¹
399 250 1151 353 crcuuomsroscumu.u1srumr.

192 448 285 510 claro
314 457 350 511 et
384 449 425 512 ab
458 453 523 514 illis
556 454 702 534 positam
741 463 774 515 et
802 473 822 514 a
853 453 949 514 nobis
986 462 1174 534 susceptam
1212 470 1347 531 operam

191 530 450 614 philosophandi
477 536 664 597 arbitretur
672 535 684 596 ‘l
733 535 795 596 Sin
822 545 933 596 autem
963 538 1074 598 virtus
1102 537 1251 600 subiecta
1283 536 1346 595 sub

188 616 303 676 varios
324 606 538 698 idcertosque
560 637 655 678 casus
677 619 799 678 famula
821 621 979 680 fortunae
1008 626 1069 689 est,
1092 637 1154 678 nec
1175 625 1346 676 tantarum

140 693 166 745 b.
187 697 316 759 virium
335 705 400 774 est,
420 707 461 760 ut
480 701 610 779 seipsa
631 708 786 774 tueatur'3
808 719 941 776 vereor,
964 719 1006 760 ne
1029 720 1097 759 non
1118 709 1185 761 tam
1207 701 1347 760 virtutis

191 776 315 840 fiducia
336 779 511 841 nitendum
533 783 628 842 nobis
650 780 692 842 ad
724 801 816 862 spem
844 781 1113 858 beateuivendi,
1142 802 1239 863 quam
1268 789 1347 842 vota

140 863 168 915 3·
192 859 346 922 facienda
365 861 557 927 videantur.
600 861 761 944 Equidem
783 858 841 927 eos
862 884 968 940 casus,
998 865 1172 944 inquibus
1201 882 1254 922 me
1277 865 1347 921 for-

193 965 1116 999 m
1320 969 1346 979 m

188 1006 338 1061 Praeclare
358 1010 454 1062 omnia
473 1012 607 1063 fecerunt
626 1019 655 1062 et
673 1010 873 1080 philosophiae
891 1010 1016 1063 studium
1041 1011 1113 1063 bene
1136 1012 1248 1063 cultum
1265 1012 1347 1064 nobis

187 1078 408 1148 reliquerunt.“
431 1080 543 1135 Nissen.
574 1081 615 1147 ,‚i.
637 1098 660 1133 e.
681 1081 838 1150 depositam
856 1082 994 1150 nobisque
1013 1089 1089 1132 statu
1106 1083 1282 1151 perfectiore
1302 1099 1348 1133 re-

127 1171 130 1175 ·
188 1147 321 1202 lictam.“
339 1151 468 1205 Neidius.
498 1152 586 1217 Quam
606 1151 827 1222 explicationem
847 1160 876 1203 et
893 1152 1034 1203 latinitati
1051 1168 1168 1220 prorsus
1186 1154 1347 1226 repdgnare

175 1227 220 1289 ¹et
245 1220 303 1273 loci
332 1223 504 1275 sententiam
531 1223 629 1291 inepte
660 1231 831 1292 pervertere
862 1239 931 1288 rere
963 1231 1061 1274 monet
1092 1221 1188 1275 Kiihn.
1232 1225 1346 1292 Optime

188 1299 291 1344 contra
308 1292 360 1350 W.
381 1295 412 1345 in
430 1291 536 1344 scholis
553 1293 674 1360 positam
693 1293 819 1361 explicet
843 1293 1014 1345 collocatum.
1038 1292 1237 1349 Rehd.1nale:
1262 1310 1347 1361 proe-

186 1361 266 1484 glore
292 1365 327 1416 ab
355 1363 417 1416 illis
434 1363 637 1429 dammum,
669 1364 771 1415 omisso
801 1369 836 1428 et,
874 1364 950 1432 quod
979 1363 1055 1416 ab'est
1088 1365 1176 1416 etiam
1199 1381 1215 1414 a
1239 1364 1347 1416 duobus

103 1479 107 1487 ,
212 1451 261 1484 xx.
299 1435 360 1488 Mr.
509 1442 512 1446 ’
1145 1438 1147 1440 ’

260 1506 385 1558 subiecta
403 1507 453 1559 sud
471 1504 566 1558 varios
583 1505 675 1572 casus]
711 1507 868 1575 Exspectes
885 1503 1009 1558 serbiectu
1033 1502 1129 1558 uariis
1147 1504 1272 1558 casibus.-
1298 1507 1347 1558 sed

188 1583 286 1627 nostra
313 1585 459 1629 structura
483 1578 650 1650 graviorem
674 1578 766 1647 quasi
784 1578 856 1628 facit
878 1577 1059 1628 sententiam.
1106 1577 1235 1630 Eandem
1262 1577 1347 1628 habes

188 1663 276 1716 supra
293 1648 341 1699 lv.
362 1653 386 1702 7.
409 1651 450 1702 16.
478 1649 528 1701 eud
546 1655 649 1700 metum
666 1648 790 1701 subiecta
816 1657 846 1699 et
863 1648 910 1700 IV.
931 1649 957 1700 8.
979 1649 1026 1702 18:
1057 1647 1180 1700 subiecto
1208 1654 1272 1700 suat
1297 1649 1345 1700 sud

188 1723 308 1770 metum:
341 1727 466 1788 utroque
484 1716 548 1770 loco
571 1718 629 1771 vid.
649 1737 713 1769 ann.
732 1727 821 1770 nostr.
859 1718 952 1770 Habes
976 1717 1047 1769 item
1064 1717 1140 1769 hanc
1158 1719 1349 1770 constructio·

188 1789 310 1839 nemin
328 1791 414 1842 read
434 1797 568 1841 naturam
589 1789 756 1858 pertinente
784 1788 990 1843 sonamus.
1012 1791 1061 1844 74:
1091 1803 1161 1856 quae
1178 1790 1227 1841 sard
1247 1805 1347 1840 seusus

151 1906 154 1912 .
190 1858 318 1911 subiecta
335 1853 413 1926 ¹iuut:
433 1861 512 1912 etin
531 1876 563 1911 re
582 1860 712 1923 judiciali
732 1861 779 1912 Or.
798 1875 852 1928 pro
871 1859 984 1923 Quinct.
1007 1861 1049 1921 15,
1068 1861 1116 1914 49:
1136 1859 1215 1911 cuius
1235 1886 1267 1897 -
1287 1862 1347 1925 for·

189 1933 275 1982 moue
295 1929 395 1982 -¹sub
414 1945 555 1997 praecone
581 1947 640 1981 cum
666 1931 800 1982 dedecore
823 1929 962 1982 subiectae
984 1936 1057 1982 suut.
1085 1931 1134 1991 Ut
1156 1930 1185 1980 h.
1206 1931 1226 1996 t.
1252 1931 1347 1981 virtus

189 1998 241 2050 sub
260 2018 338 2052 casus
364 2000 490 2052 subiecta
513 2001 621 2064 famula
644 2001 773 2065 fortunae
797 2000 914 2066 dicitur,
945 2002 991 2052 ita·
1012 2018 1097 2069 supra
1120 2016 1166 2051 res
1189 2001 1347 2066 familiaris

190 2071 299 2134 famulo
318 2072 447 2138 corporis
465 2072 487 2122 l.
507 2073 550 2124 31.
572 2074 614 2125 75.
651 2073 758 2122 Vocem
784 2072 890 2134 famula
913 2071 1053 2123 omittunt
1065 2112 1066 2115 η
1079 2069 1151 2122 Edd.
1171 2070 1204 2122 A.
1224 2072 1254 2129 B.
1274 2075 1345 2123 Ven.

189 2149 280 2192 nostr.
317 2142 383 2207 Nisi
406 2149 466 2192 tam
493 2141 624 2212 graviter
653 2149 683 2192 et
706 2141 794 2208 quasi
822 2158 888 2192 cum
920 2141 1008 2209 animi
1038 2142 1159 2206 quadam
1192 2143 1347 2194 acerbitate
1401 2185 1403 2189 ,

190 2209 275 2280 loqui
293 2211 432 2264 voluisset
450 2207 562 2271 Cicero,
582 2210 743 2280 scripsisset
760 2207 1001 2280 fortassequusa'
1018 2212 1134 2276 furnodo.
1171 2212 1206 2263 ln
1223 2229 1280 2264 uuo
1294 2215 1345 2265 Ox.

190 2291 235 2334 est
253 2284 376 2348 familia,
395 2282 469 2334 alius
488 2282 598 2334 omittit
615 2281 800 2349 incertosque,
820 2283 898 2334 idem
914 2281 1002 2334 habet
1019 2287 1135 2349 fortuna
1153 2291 1181 2336 et
1195 2300 1263 2335 mox
1281 2301 1347 2334 curn

189 2352 275 2405 Vind.
297 2358 322 2408 1.
342 2356 367 2408 2.
387 2352 474 2405 Marb.
496 2351 571 2404 Gud.
591 2352 708 2404 exhibet
726 2368 756 2404 se
774 2351 903 2420 ipsum:
931 2353 1014 2404 male.
1052 2352 1154 2404 Rarior
1173 2361 1215 2404 est
1232 2372 1297 2404 usus
1316 2354 1347 2404 in

189 2423 339 2477 locutione
368 2431 509 2489 tantarum
537 2422 643 2474 uirium
666 2423 781 2474 numeri
811 2423 943 2492 pluralis.
986 2423 1177 2479 observarunt
1210 2423 1368 2492 videlicet*

190 2494 251 2546 viri
269 2494 347 2547 docti
362 2494 512 2547 Genitivos
523 2493 647 2546 Pluralis
666 2492 781 2545 numeri
798 2511 878 2546 raros
891 2511 950 2546 esse
969 2493 1000 2544 in
1018 2493 1072 2545 hac
1087 2495 1217 2547 struendi
1235 2495 1347 2547 ratione

192 2581 351 2633 eorumque
368 2565 434 2616 loco
450 2564 520 2633 poni
538 2565 630 2616 solere
648 2563 803 2628 Ablativos,
822 2572 855 2614 ut
875 2573 916 2616 est
934 2583 961 2616 v.
983 2581 1008 2615 c.
1027 2564 1100 2614 Plin.
1122 2565 1157 2614 H.
1176 2566 1213 2616 N.
1233 2566 1298 2616 Vll.
1314 2569 1346 2620 2:

193 2635 269 2690 Geus
286 2635 468 2687 stridoris
494 2632 637 2698 horrendi,
663 2633 751 2688 hirtis
776 2633 997 2701 corporibus.
1034 2635 1141 2685 Nostro
1159 2635 1224 2685 loeo
1243 2635 1348 2707 Singu-

191 2705 250 2758 lari
269 2722 389 2758 numero
407 2707 501 2757 forma
519 2705 652 2757 Genitivi
676 2706 720 2757 uti
747 2721 805 2757 nou
822 2705 918 2773 potuit
937 2705 1047 2756 Cicero.
1068 2734 1101 2745 -
1138 2703 1203 2755 God.
1225 2707 1299 2755 ltlon.
1321 2711 1347 2759 l.

193 2776 311 2829 exhibet
330 2783 470 2829 tantorum
487 2775 609 2828 cirum.
637 2776 704 2828 God.
730 2776 818 2828 llehd.
845 2790 944 2827 uereor
965 2781 1072 2827 nature.
1083 2769 1152 2838 (sic)
1170 2786 1240 2838 nom
1275 2795 1348 2842 unus

194 2849 245 2902 Ox.
263 2847 375 2900 omittit
393 2864 455 2912 nou,
475 2846 548 2898 alius
565 2845 651 2898 habet
669 2862 724 2900 non
742 2846 790 2899 sit
809 2852 874 2908 tom,
897 2845 993 2896 Duisb.
1015 2861 1050 2897 ne
1069 2851 1138 2898 tum
1156 2861 1229 2898 nou.
1253 2848 1346 2898 'Maru

193 2935 228 2972 ue
255 2934 311 2971 nou
333 2919 585 2983 toutoqoirtutis.
629 2919 664 2968 lu
688 2935 777 2991 marg.
803 2916 892 2968 Goth.
917 2924 946 2968 et
968 2916 1082 2969 Lambb.
1112 2924 1154 2968 est
1182 2917 1348 2968 conlectura
1375 2958 1381 2965 .

193 2990 335 3042 nitendum
354 2990 434 3042 nodis
451 2987 499 3040 sit.
518 2988 614 3041 Duisb.
628 2987 714 3039 habet
736 2987 880 3040 utendum
901 3004 968 3039 cum
984 2987 1058 3057 Aug.
1079 3005 1152 3056 unus
1164 2988 1214 3040 Ox.
1236 2987 1348 3039 iuteu-
1423 3047 1424 3050 Ἴ

194 3061 322 3112 dentum.-
357 3061 398 3113 Ut
415 3060 445 3111 h.
464 3059 484 3109 l.
506 3059 580 3111 dixit
599 3059 637 3112 ad
655 3058 1143 3124 spemm'tiqitaadAtt.Xll.14:
1164 3057 1239 3109 nitor
1259 3090 1290 3100 -
1311 3059 1348 3109 ud

194 3132 319 3185 animum
338 3157 371 3168 -
384 3129 568 3196 reficiendum.
597 3129 766 3182 Lectionem
784 3145 876 3203 marg.
896 3127 983 3182 Goth.
1004 3138 1033 3182 et
1051 3129 1166 3181 Lambb.
1187 3129 1254 3193 Cod.
1273 3129 1346 3201 Aug.

193 3200 280 3254 habet
299 3201 331 3252 in
348 3201 499 3254 contextis.
531 3201 598 3252 Mr.
905 3219 907 3222 ⁴

266 3287 349 3341 quum
366 3278 432 3325 coto
449 3271 581 3334 facienda
604 3267 782 3336 uideantur]
818 3270 901 3337 „Qui
919 3288 978 3324 non
1001 3272 1121 3325 confidit
1147 3271 1204 3320 suis
1227 3268 1348 3332 viribus,

193 3343 399 3399 necifiduciam
417 3343 499 3412 ponit
518 3342 549 3392 in
566 3341 686 3408 virtute,
716 3341 752 3394 ad
773 3348 843 3410 'vota
867 3341 1009 3415 confugit,
1036 3352 1104 3394 vota
1130 3341 1215 3391 facit:
1243 3357 1315 3408 quae
1333 3357 1349 3390 a

193 3413 322 3484 sapiente
345 3413 428 3464 nulla
452 3412 539 3465 flunt:
568 3413 676 3483 quippe
701 3412 752 3482 qui
777 3413 859 3464 bonis
884 3413 1013 3481 propriis
1036 3420 1065 3464 et
1091 3411 1210 3464 virtutis
1236 3410 1350 3461 dotibus

147 3508 154 3519 s
193 3485 329 3537 subnixus
348 3483 497 3546 fulciatur,
516 3500 569 3536 nec
587 3500 617 3534 se
635 3490 717 3536 extra
735 3483 943 3551 quaesiverit.“
961 3483 1095 3535 Beroald.
1124 3480 1347 3550 ,mapoepeodaia

193 3553 270 3606 Tum
288 3554 368 3620 enirn
387 3554 569 3626 confugimus
593 3553 628 3605 ad
653 3569 738 3622 opem
757 3553 895 3617 divinam,
926 3569 993 3604 cum
1017 3551 1137 3603 humani
1165 3551 1267 3601 auxilii
1286 3567 1349 3618 spes
1405 3605 1406 3608 Ἴ

194 3625 277 3677 nulla
293 3624 482 3692 relinquitur.
519 3626 620 3693 ltaque
638 3625 727 3696 vulgo
752 3622 871 3686 dicitur,
895 3623 984 3689 impie
1003 3622 1033 3672 id
1051 3622 1177 3690 quidem,
1208 3620 1283 3672 male
1302 3621 1350 3693 agi

194 3701 262 3747 cum
280 3695 325 3758 iis,
350 3710 474 3762 quorum
493 3694 567 3745 salus
585 3695 639 3746 deo
657 3693 883 3746 commendetur.
920 3690 1065 3744 Similiter
1090 3692 1166 3743 dixit
1182 3691 1350 3744 Demosthe-

193 3779 245 3819 nes
263 3765 298 3818 de
316 3764 430 3839 legibus
448 3765 515 3816 κατὰ
529 3758 728 3834 Τιμοκράτους·
748 3763 774 3816 ee'
790 3759 891 3830 ydpud
907 3765 996 3823 καλῶς
1014 3763 1068 3832 μὲν
1085 3763 1154 3831 ἔχοι,
1173 3759 1211 3829 μὴ
1230 3759 1349 3815 δυνατὸν

193 3837 227 3890 di
245 3831 372 3908 φράσειν,
403 3832 496 3904 εὐχῆς,
523 3839 556 3888 or)
582 3835 671 3901 udum
694 3830 874 3903 διαπράττοιτ’
895 3832 932 3885 ἂν
949 3833 1070 3903 dpyorf‘
1084 3835 1228 3887 Gamerar.
1265 3839 1349 3896 „cota

194 3908 325 3976 faciendo
343 3924 380 3960 sc.
400 3913 434 3957 ut
451 3906 527 3958 beati
544 3907 656 3970 fiamus,
675 3921 732 3957 non
751 3913 847 3956 nostra
871 3921 957 3974 opera
975 3905 1023 3957 sed
1041 3906 1101 3958 solo
1119 3905 1245 3958 Deorum
1265 3904 1350 3955 bene-

192 3981 271 4044 ficio,
297 3999 314 4033 a
339 3976 440 4049 quibus
463 3978 531 4030 adeo
554 3975 681 4030 felicitas
707 3975 784 4027 votis
805 3974 944 4028 faciendis
961 3977 1019 4028 fuit
1044 3973 1255 4048 impetranda.“
1281 3974 1347 4025 Era.

192 4051 254 4104 Duo
274 4050 359 4103 Codd.
379 4049 449 4102 Oxx.
470 4048 601 4101 uideatur
623 4063 677 4116 pro
699 4047 860 4120 oideuu‘tur.
897 4047 958 4099 Mr.
1210 4092 1211 4097 ,

167 4173 170 4177 .
264 4120 392 4189 equidem
408 4114 459 4172 eos
476 4136 558 4172 casus
577 4118 627 4184 -]
665 4117 798 4182 „Nonius
823 4136 851 4169 v.
871 4133 987 4171 exerceo
1010 4118 1089 4170 hunc
1112 4117 1208 4168 locum
1232 4115 1349 4167 laudans

193 4192 336 4260 superflua
354 4191 549 4264 geminatione
568 4190 671 4242 literae
689 4207 717 4240 m
734 4189 809 4262 legit
826 4190 952 4258 equidem
970 4206 1061 4243 meos
1074 4192 1160 4256 'casus
1178 4186 1246 4236 -.“
1282 4187 1347 4238 Fre.

192 4264 277 4317 Febr.
315 4261 349 4312 In
367 4278 458 4334 marg.
484 4261 599 4314 Lambb.
625 4269 654 4314 et
673 4259 759 4312 Goth.
790 4269 832 4313 est
855 4263 1021 4314 coniectura
1039 4265 1149 4323 'casus'
1172 4257 1272 4327 quibus
1295 4272 1348 4325 pro

131 4358 133 4362 >
177 4348 278 4388 cosae
296 4332 336 4384 iu
354 4331 462 4399 quidus.
499 4332 544 4384 lta
560 4349 630 4384 vero
648 4333 821 4385 locutusest
839 4333 871 4382 in
889 4332 936 4384 Or.
957 4347 1010 4400 pro
1020 4328 1108 4382 Arch.
1127 4338 1210 4399 poeta
1231 4331 1269 4391 (v.
1281 4347 1346 4379 ann.

190 4403 285 4472 llam).
304 4400 442 4477 Agitandi
470 4409 499 4454 et
521 4403 671 4478 affligendi
697 4403 840 4458 sententia
858 4410 902 4456 est
924 4402 1001 4468 idem
1030 4401 1152 4455 verbum
1174 4400 1208 4453 ad
1236 4400 1345 4468 Fatum.
