2856 5084
480 282 519 313 -.
591 255 854 352 eruentae.
1226 260 1287 326 au

140 426 246 490 vitam
273 423 414 501 beatam,
459 441 522 483 cur
551 420 622 486 dies
650 424 744 486 nocti
768 422 889 484 similis
917 417 1060 482 adimati
1100 440 1176 484 nam
1201 422 1290 486 illud

136 508 307 590 Antipatri
328 504 509 588 Cyrenaici
530 515 581 567 est
602 507 736 588 quidem
757 504 870 586 paullo
896 502 1103 581 obscoenius,
1131 503 1191 568 sed
1222 526 1290 568 nou

136 585 281 652 absurdi
306 587 470 652 sententii
502 596 568 650 esta
598 591 699 650 cuius.
721 588 917 648 caecitatem
945 605 1044 666 quum
1074 587 1290 652 mulierculae
1317 604 1322 615 ·

136 673 409 742 lamentarentur,
433 669 520 745 Quid
539 671 641 734 aitte?
663 671 788 751 inquit:
811 688 854 731 aa
874 668 965 730 nobis
981 666 1070 729 nullo
1090 669 1218 732 videtur
1237 691 1291 733 vo-

136 754 246 834 luptas
268 773 336 816 esse
361 752 545 815 nocturno?
585 754 733 835 Appium
761 751 895 833 quidem
925 758 1074 815 veterem
1098 752 1206 830 illum,
1234 756 1292 835 qui

360 875 365 882 .
473 882 489 910 x
580 887 584 892 ,
660 902 663 907 Γ
1244 879 1245 883 ,

177 920 180 925 ‘
205 919 319 975 Etenim
336 922 365 975 si
380 936 436 974 aar
453 935 507 973 non
525 919 629 973 adimit
651 919 738 975 uitam
755 918 892 986 beatam]
915 921 989 972 Vere
1012 926 1112 973 monet
1128 919 1291 988 Beroaldus,

135 992 248 1044 acutius
265 992 322 1046 hoc
340 1009 399 1046 esse
417 986 621 1065 argumentum
637 998 723 1061 quam
740 991 854 1045 verius:
874 990 1053 1060 quod-latius
1072 1007 1216 1060 exponere
1233 1007 1292 1045 non

134 1062 252 1115 videtur
267 1080 392 1116 neeesse.
414 1089 448 1098 -
484 1062 627 1115 scribitur
645 1062 672 1114 ai
690 1078 755 1115 uon
773 1078 841 1116 aaa
858 1060 890 1112 in
907 1060 975 1113 (lod.
988 1060 1087 1126 Rehd,
1107 1061 1135 1114 ai
1145 1069 1218 1116 ‘vox
1236 1078 1292 1116 non

136 1133 168 1184 in
191 1150 249 1186 uno
274 1135 325 1187 Ox.
361 1132 406 1184 Ad
431 1132 517 1184 verba
541 1131 602 1185 diet
625 1132 702 1185 nocti
727 1131 832 1186 similia
858 1131 978 1184 Neidius
1001 1132 1166 1200 explicandi
1193 1149 1290 1186 causat

134 1204 252 1326 „paralip
271 1212 313 1256 est
331 1200 443 1326 enectiif‘
467 1202 643 1326 Pd‘pimrb'
662 1202 749 1256 babet
772 1203 835 1255 dies
857 1202 931 1256 nocti
953 1201 985 1255 ti
992 1202 1036 1255 mi
1043 1204 1108 1270 let,
1139 1205 1213 1254 unus
1238 1204 1290 1258 Ox.

134 1290 154 1327 a
175 1289 280 1326 amour
324 1289 357 1326 ro
375 1289 393 1325 a
415 1287 490 1325 amu.
564 1291 589 1325 r.

207 1344 280 1396 Nam
301 1293 377 1397 iilud
392 1342 540 1411 Antipatri
558 1343 708 1414 cyrenaici
730 1349 772 1396 eat
794 1344 904 1411 quidem
923 1343 972 1410 -]
1003 1343 1045 1396 De
1063 1342 1218 1413 Antipatro
1235 1343 1292 1398 hoc

135 1413 296 1483 Cyrenaico
315 1414 382 1482 (qui
401 1415 619 1487 distinguendus
638 1423 680 1467 est
698 1432 715 1466 a
734 1423 857 1483 quatuor
874 1414 948 1477 aliis,
975 1431 1100 1482 quorum
1118 1415 1193 1484 apud
1211 1415 1292 1470 Cice-

135 1501 237 1537 ronem
257 1487 291 1536 fit
309 1485 429 1549 mentio)
447 1485 505 1537 vid.
523 1484 608 1558 Diog.
628 1488 724 1538 Laiirt.
744 1485 781 1538 ΙΙ.
800 1488 843 1542 86.
882 1483 1003 1548 1n00d.
1024 1485 1108 1537 Vind.
1127 1490 1152 1539 1.
1172 1494 1214 1538 est
1232 1486 1292 1540 Att-

122 1557 292 1621 ,tt'patrie
319 1554 479 1624 Cyrenaici,
509 1554 540 1606 in
566 1557 640 1609 Gud.
661 1558 688 1610 2.
719 1555 864 1623 Antipatri
889 1553 1114 1624 ecprenioei,
1143 1555 1175 1607 in
1199 1557 1290 1610 Marb.

134 1627 274 1679 scribitur
293 1625 461 1693 Oireuaict',
481 1626 512 1677 in
531 1629 606 1679 ltlon.
628 1632 654 1682 1.
675 1625 862 1690 Girreaaici,
880 1641 948 1677 inex
965 1625 1042 1677 idem
1061 1640 1142 1694 paam
1159 1643 1213 1696 pro
1232 1629 1293 1695 pui-

135 1697 206 1750 dem.
243 1698 315 1749 Eam
332 1714 433 1751 vocem
450 1697 536 1767 plane
554 1697 666 1750 omittit
679 1697 747 1750 eod.
763 1696 874 1752 outa.
900 1696 963 1748 Duo
982 1696 1052 1748 Oxx.
1072 1696 1177 1750 habent
1192 1698 1291 1766 paullo

134 1773 219 1820 ante
241 1768 410 1820 obscoenius.
447 1768 508 1822 Mr.

209 1838 260 1889 aad
277 1854 329 1890 non
347 1839 472 1891 absurda
490 1838 622 1894 sententia
641 1840 699 1906 eet]
732 1839 852 1906 „Malim
870 1846 909 1892 eet
928 1836 1054 1891 abesse.“
1070 1836 1140 1891 Era.
1175 1837 1292 1892 Delevit

134 1906 289 1960 Schiitzius
311 1916 360 1973 eat,
386 1908 509 1961 Ernesto
529 1909 691 1963 obsecutus:
725 1926 780 1962 nec
805 1925 875 1962 vero
903 1909 994 1960 alium
1021 1925 1196 1979 quemquam
1214 1909 1293 1962 obse-

135 1987 275 2046 quantem
292 1978 414 2042 habuit„
426 1979 475 2031 sed
492 1978 579 2032 habet
598 1978 804 2054 suffragantem
828 1979 898 2032 (lod.
918 1977 992 2030 Gud.
1012 1982 1038 2032 2.
1074 1979 1109 2030 ln
1128 1979 1201 2034 Gud.
1221 1995 1292 2032 vero

133 2048 258 2122 legitur:
279 2050 329 2102 aed
347 2065 400 2102 non
420 2050 541 2102 absurda
559 2050 669 2103 etiam
687 2048 836 2104 sententio.
870 2049 970 2122 Pergit
987 2047 1043 2102 Ed.
1062 2049 1092 2100 P.
1113 2047 1194 2103 cuiue
1210 2064 1293 2118 qaum

133 2119 304 2186 caecitatem,
327 2129 357 2172 et
375 2120 416 2172 sic
434 2121 500 2174 Ood.
521 2121 610 2187 Rehd,
648 2122 710 2175 Mr.

206 2192 281 2247 Quid
299 2189 429 2257 attiae]
462 2193 545 2256 „Hoc
565 2209 617 2266 ego
636 2193 667 2244 in
685 2192 750 2246 loeo
769 2190 876 2245 dudum
893 2190 1032 2256 videram,
1053 2205 1105 2262 pro
1124 2191 1191 2260 paid
1208 2188 1293 2258 agi·

134 2261 203 2326 tia,
229 2262 413 2314 scribendum
432 2279 491 2315 esse
516 2261 585 2332 quid
608 2262 717 2329 uitia,
740 2279 818 2313 nunc
836 2263 914 2315 idem
933 2280 969 2315 ex
987 2260 1055 2314 eod.
1075 2262 1193 2315 Vindob.
1223 2261 1294 2330 [qui

133 2340 178 2384 est
195 2340 293 2384 noster
311 2332 348 2397 1.]
369 2340 517 2384 enotatum
534 2334 705 2402 reperimus.
732 2333 890 2405 vulgatum
907 2349 973 2383 usus
991 2331 1130 2400 loquendi
1149 2331 1292 2401 repudiat,

133 2403 212 2471 quod
229 2420 378 2471 nunquam
395 2412 560 2472 usurpatur,
580 2420 669 2473 quum
680 2402 751 2472 quid
769 2402 922 2455 absurdum
941 2409 991 2453 aut
1008 2409 1088 2456 certe
1106 2402 1240 2455 mirabile
1257 2401 1292 2454 ab

133 2473 192 2524 alio
211 2473 320 2526 dictum
338 2472 585 2542 reprehendimus.
623 2474 667 2526 lbi
685 2473 885 2526 locumhabet
901 2471 975 2528 Quid
993 2473 1072 2526 aie?
1085 2496 1118 2511 --
1142 2471 1181 2524 At
1198 2475 1293 2526 forma

133 2543 202 2596 aitis
224 2559 282 2596 non
307 2543 473 2617 agnoscitur
499 2563 515 2597 a
543 2544 755 2598 Grammaticis.
783 2573 816 2582 —
862 2545 974 2614 Nempe
1001 2558 1059 2595 non
1087 2562 1102 2596 a
1124 2544 1292 2618 vulgaribus

85 2630 92 2640 ’
133 2614 207 2680 istis,
227 2615 279 2684 qui
296 2614 385 2666 hodie
403 2615 663 2681 circumferuntur,
692 2632 816 2684 quorum
835 2631 892 2667 non
910 2632 1014 2689 magna
1031 2615 1106 2685 apud
1124 2631 1175 2667 nos
1193 2621 1292 2667 aucto-

132 2685 209 2737 ritas¹
223 2693 275 2738 est.
312 2684 395 2736 Talia
413 2686 589 2738 accredimus
608 2685 755 2751 Charisiis,
787 2685 939 2740 Priscianis
964 2693 993 2738 et
1017 2686 1191 2756 aequalibus,
1216 2685 1293 2755 apud

133 2772 204 2824 quos
222 2756 300 2807 nihil
318 2756 431 2879 legitur
456 2755 626 2811 eiusmodi.“
649 2757 788 2822 FAWotf.
817 2757 860 2821 (in
885 2757 971 2821 libro,
1002 2773 1089 2824 quem
1112 2757 1291 2809 laudavimus

132 2825 169 2877 ad
203 2825 313 2881 .1ttl..

133 2824 263 2948 libda'riis
283 2826 313 2948 e)t
331 2897 551 2963 correctoribus,
570 2915 656 2968 quam
674 2899 829 2951 obliterare
845 2897 967 2950 verbum
981 2897 1023 2948 ita
1042 2915 1149 2962 rarum,
1167 2904 1202 2949 ut
1219 2896 1292 2950 alibi

114 2967 194 3018 ‘eius
217 2985 253 3020 ne
271 2968 429 3041 vestigium
452 2968 570 3036 quidem
592 2986 622 3022 se
643 2969 783 3038 reperisse
806 2968 1038 3021 recordarentur.
1077 2967 1176 3020 Fuisse
1194 2976 1291 3022 autem

131 3037 164 3089 in
181 3056 235 3089 usu
253 3037 324 3091 aitis
351 3039 488 3090 discimus
515 3057 551 3092 ex
568 3038 692 3092 Alcuino
718 3039 912 3092 Grammatico
936 3057 964 3108 p.
990 3039 1068 3092 2118.
1096 3037 1210 3090 Putsch.
1239 3039 1292 3108 qui

133 3107 211 3177 quod
230 3109 362 3179 exempla
379 3126 437 3162 non
455 3109 550 3174 affert,
580 3111 644 3163 ideo
672 3110 751 3162 credi
775 3125 834 3162 non
851 3110 935 3162 debet
952 3108 1033 3161 nulla
1052 3108 1087 3162 ad
1105 3126 1220 3162 manum
1238 3109 1291 3162 ha·

132 3179 233 3233 buisse.
254 3181 318 3233 Vid.
341 3181 428 3232 etiam
446 3180 635 3232 Ruddimann.
656 3181 727 3234 lnst.
750 3179 801 3236 Gr.
820 3181 882 3232 Lat.
903 3181 924 3232 1.
945 3199 973 3250 p.
992 3182 1053 3235 269.
1092 3181 1183 3235 Habes
1197 3181 1291 3234 ¹etiam

131 3249 219 3302 aliam
237 3250 324 3303 huius
341 3250 425 3306 verbi
443 3251 567 3303 formam
586 3252 684 3321 paullo
703 3251 920 3305 insolentiorem
943 3250 1018 3320 apud
1037 3250 1098 3302 cic.
1117 3251 1220 3321 Topic.
1242 3256 1289 3307 11:

130 3324 267 3444 peganltia
288 3323 606 3447 contrassiadaipptibup:
641 3321 996 3446 quemblpcuffdltprdavlp
1014 3321 1062 3374 Or.
1083 3320 1118 3372 ad
1135 3323 1187 3444 ily.
1208 3321 1291 3444 eglip-

145 3407 181 3442 as.
235 3412 310 3447 nse
354 3433 360 3445 .
405 3410 448 3448 ο.
504 3409 550 3448 on.
590 3409 790 3446 ,anneta
859 3407 1194 3460 ..asprenate
1244 3410 1288 3449 ο.

131 3462 216 3516 Vind.
238 3469 262 3518 1.
283 3413 353 3517 itii
371 3465 499 3531 voluptas
518 3470 656 3517 nocturna
669 3463 791 3517 videtui.
811 3461 1051 3532 Rehd.etDuisb.
1071 3461 1182 3516 videtur
1199 3462 1289 3528 nulla,

131 3538 206 3584 un'us
225 3534 273 3586 Ox.
293 3533 328 3586 D.
349 3536 460 3588 videtur
477 3533 555 3588 ioca
563 3536 607 3587 ud
614 3536 627 3587 i
633 3541 691 3588 tas
709 3534 865 3587 nocturna?
884 3533 959 3586 Gud.
972 3534 998 3587 2.
1020 3549 1087 3584 cum
1105 3532 1157 3585 illo
1177 3533 1290 3585 omittit

132 3618 202 3656 ease.
221 3607 295 3657 Mon.
308 3610 331 3659 1.
352 3607 432 3671 item,
452 3606 500 3658 sed
518 3605 670 3658 exhibens:
689 3605 804 3658 uidetur
821 3612 955 3657 nonanta
972 3603 986 3655 i
992 3601 1208 3656 ocunditoa?
1227 3605 1287 3657 Mr.

203 3674 326 3741 Appium
344 3678 451 3744 quidem
468 3683 587 3729 veterem
605 3676 694 3742 illum]
731 3677 819 3729 De-v.
840 3675 959 3744 quidem,
981 3675 1022 3725 sic
1040 3673 1204 3728 nominibus
1222 3691 1290 3745 pro·

130 3743 205 3814 priis
224 3744 328 3806 addita,
359 3754 394 3796 ut
418 3746 456 3797 sit
478 3764 532 3816 pro
550 3753 582 3799 ut
599 3745 650 3799 icoc
668 3753 742 3812 utor,
770 3745 868 3817 paullo
887 3746 1018 3817 superius
1036 3745 1208 3799 monuimus.
1246 3746 1289 3811 De

130 3815 227 3886 Appio
246 3814 366 3867 Claudio
386 3816 475 3868 Caeco
501 3817 654 3870 Beroaldus
675 3816 759 3870 hacc:
793 3816 858 3886 „Ap
880 3817 903 3868 ii
929 3816 1043 3869 Claudii
1067 3833 1187 3868 censura
1210 3815 1289 3867 clara

131 3895 183 3953 est,
203 3903 258 3955 qua
276 3885 354 3936 viam
378 3884 500 3955 Appiam
527 3889 654 3940 munivit
677 3896 706 3940 et
732 3905 835 3957 aquam
857 3835 981 3955 Appiam
1006 3886 1038 3936 in
1064 3884 1166 3937 urbem
1194 3885 1285 3937 duxit.

131 3957 264 4023 [Causam
289 3955 434 4008 caecitatis
452 3956 541 4026 Appii
564 3959 768 4010 refertValer.
795 3961 867 4009 Maxi
892 3956 915 4007 1.
937 3960 960 4009 l.
990 3959 1034 4008 17.
1059 3971 1088 4022 p.
1108 3957 1157 4009 27:
1171 3966 1213 4022 sq.
1242 3954 1286 4010 ed.

131 4027 254 4081 Torren.
279 4025 331 4077 ubi
354 4025 414 4078 vid.
434 4027 594 4096 interprri]
621 4030 802 4097 Pomponius<
816 4030 843 4079 J.
871 4024 901 4077 Ο.
924 4024 1003 4075 hunc
1028 4022 1156 4093 Appium
1185 4025 1288 4078 scribit

131 4098 205 4161 iuris¹
230 4097 341 4150 civilis'
355 4097 442 4148 fuisse
472 4098 679 4165 peritissimum
706 4098 889 4166 actionesque
919 4094 1075 4164 scripsisse.
1120 4095 1161 4147 De
1189 4095 1288 4148 eodem

132 4168 232 4221 Cicero
252 4169 286 4221 de
306 4167 370 4220 Seu.
392 4166 431 4232 [6,
453 4165 508 4232 16,]
538 4168 585 4221 Aa
602 4168 692 4235 Appii
709 4169 826 4221 Claudi-i
843 4171 1008 4220 senectutem
1023 4164 1286 4231 ‘accedebatAtiam3

130 4244 162 4291 ut
182 4254 279 4292 caecae
297 4245 376 4294 esset.
409 4239 509 4291 Tamen
527 4237 566 4303 is,
586 4253 667 4306 quum
684 4240 820 4292 sententia
837 4245 950 4291 sanatae
968 4235 1120 4287 inclinaret
1138 4236 1177 4290 od
1190 4251 1287 4305 pacem
1354 4280 1358 4282 ,

131 4310 285 4378 foedusque
302 4310 460 4374 fouendum
478 4324 540 4361 cum
557 4307 677 4378 Pyrria,
700 4326 756 4365 non
774 4309 911 4365 dubitavit
935 4306 1029 4362 dicere
1046 4306 1109 4373 ilia,
1137 4325 1207 4378 qaae
1225 4322 1287 4361 ver·

131 4379 209 4434 ribus
225 4389 387 4449 persecatus
409 4387 448 4434 eet
465 4378 589 4434 Ennius:

373 2826 506 2879 bsecutus
526 2846 590 2879 sum
607 2829 671 2881 viro
690 2843 809 2891 summo,
833 2844 899 2878 cum
917 2827 995 2877 nihil
1018 2827 1180 2896 proclivius
1198 2827 1292 2879 fuerit

163 4520 241 4564 vicero
256 4519 321 4565 Tttsc.
335 4521 403 4576 Diap.
417 4521 451 4565 ecl.
467 4521 552 4568 Moser.
570 4519 596 4566 Τ.
611 4521 658 4563 ΙΙΙ.
840 4536 849 4542 ·
1020 4486 1060 4549 16
