<?xml version="1.0" encoding="UTF-8"?>
<!DOCTYPE html PUBLIC "-//W3C//DTD XHTML 1.0 Transitional//EN"
    "http://www.w3.org/TR/xhtml1/DTD/xhtml1-transitional.dtd">
<html xmlns="http://www.w3.org/1999/xhtml" xml:lang="en" lang="en">
 <head>
  <title>
</title>
<meta http-equiv="Content-Type" content="text/html;charset=utf-8" />
  <meta name='ocr-system' content='tesseract 3.04.00' />
  <meta name='ocr-capabilities' content='ocr_page ocr_carea ocr_par ocr_line ocrx_word'/>
</head>
<body>
  <div class='ocr_page' id='page_1' title='image "./mtulliiciceroni02davigoog/mtulliiciceroni02davigoog_0369.png"; bbox 0 0 2856 5084; ppageno 0'>
   <div class='ocr_carea' id='block_1_1' title="bbox 210 218 1102 346">
    <p class='ocr_par' dir='ltr' id='par_1_1' title="bbox 210 218 1102 346">
     <span class='ocr_line' id='line_1_1' title="bbox 210 218 1102 346; baseline -0.009 0"><span class='ocrx_word' id='word_1_1' title='bbox 210 275 273 346; x_wconf 82' lang='lat' dir='ltr'><strong>sss</strong></span> <span class='ocrx_word' id='word_1_2' title='bbox 472 316 474 321; x_wconf 68' lang='lat'><strong>,</strong></span> <span class='ocrx_word' id='word_1_3' title='bbox 600 269 1000 339; x_wconf 75' lang='lat' dir='ltr'><strong>inomnmmn.</strong></span> <span class='ocrx_word' id='word_1_4' title='bbox 1096 218 1102 244; x_wconf 71' lang='lat'>⁵</span> 
     </span>
    </p>
   </div>
   <div class='ocr_carea' id='block_1_2' title="bbox 156 439 1393 4491">
    <p class='ocr_par' dir='ltr' id='par_1_2' title="bbox 156 439 1393 4491">
     <span class='ocr_line' id='line_1_2' title="bbox 207 439 1369 509; baseline -0.005 -11"><span class='ocrx_word' id='word_1_5' title='bbox 207 474 247 498; x_wconf 86' lang='lat'><strong>.-</strong></span> <span class='ocrx_word' id='word_1_6' title='bbox 267 458 325 499; x_wconf 85' lang='lat' dir='ltr'><strong>esse</strong></span> <span class='ocrx_word' id='word_1_7' title='bbox 341 441 474 509; x_wconf 75' lang='lat' dir='ltr'><strong>citiores:</strong></span> <span class='ocrx_word' id='word_1_8' title='bbox 497 447 527 499; x_wconf 83' lang='lat' dir='ltr'><strong>m</strong></span> <span class='ocrx_word' id='word_1_9' title='bbox 551 440 663 496; x_wconf 82' lang='lat' dir='ltr'><strong>etiamsi</strong></span> <span class='ocrx_word' id='word_1_10' title='bbox 679 457 742 494; x_wconf 86' lang='lat' dir='ltr'><strong>nec</strong></span> <span class='ocrx_word' id='word_1_11' title='bbox 758 441 835 495; x_wconf 86' lang='lat' dir='ltr'><strong>molo</strong></span> <span class='ocrx_word' id='word_1_12' title='bbox 852 440 910 495; x_wconf 84' lang='lat' dir='ltr'><strong>sint</strong></span> <span class='ocrx_word' id='word_1_13' title='bbox 926 439 990 506; x_wconf 84' lang='lat' dir='ltr'><strong>illo,</strong></span> <span class='ocrx_word' id='word_1_14' title='bbox 1017 456 1087 509; x_wconf 81' lang='lat' dir='ltr'><strong>quoe</strong></span> <span class='ocrx_word' id='word_1_15' title='bbox 1103 446 1203 495; x_wconf 83' lang='lat' dir='ltr'><strong>metum</strong></span> <span class='ocrx_word' id='word_1_16' title='bbox 1224 467 1273 505; x_wconf 90' lang='lat'><strong>-,</strong></span> <span class='ocrx_word' id='word_1_17' title='bbox 1308 455 1369 493; x_wconf 83' lang='lat' dir='ltr'><strong>nec</strong></span> 
     </span>
     <span class='ocr_line' id='line_1_3' title="bbox 212 511 1368 584; baseline -0.006 -14"><span class='ocrx_word' id='word_1_18' title='bbox 212 516 295 581; x_wconf 78' lang='lat' dir='ltr'><strong>dono,</strong></span> <span class='ocrx_word' id='word_1_19' title='bbox 314 530 393 584; x_wconf 78' lang='lat' dir='ltr'><strong>¹qstoe</strong></span> <span class='ocrx_word' id='word_1_20' title='bbox 410 545 444 559; x_wconf 89' lang='lat'>-</span> <span class='ocrx_word' id='word_1_21' title='bbox 464 512 604 567; x_wconf 76' lang='lat' dir='ltr'><strong><em>laetitiam</em></strong></span> <span class='ocrx_word' id='word_1_22' title='bbox 620 544 654 556; x_wconf 91' lang='lat'><em>-</em></span> <span class='ocrx_word' id='word_1_23' title='bbox 672 520 807 576; x_wconf 82' lang='lat' dir='ltr'><strong>moveant,</strong></span> <span class='ocrx_word' id='word_1_24' title='bbox 833 518 926 567; x_wconf 84' lang='lat' dir='ltr'><strong>tomen</strong></span> <span class='ocrx_word' id='word_1_25' title='bbox 943 514 981 569; x_wconf 82' lang='lat' dir='ltr'><strong>sit</strong></span> <span class='ocrx_word' id='word_1_26' title='bbox 998 512 1100 566; x_wconf 82' lang='lat' dir='ltr'><strong>vitioso</strong></span> <span class='ocrx_word' id='word_1_27' title='bbox 1122 512 1187 579; x_wconf 84' lang='lat' dir='ltr'><strong>ipso</strong></span> <span class='ocrx_word' id='word_1_28' title='bbox 1210 511 1368 565; x_wconf 78' lang='lat' dir='ltr'><strong><em>commotio.</em></strong></span> 
     </span>
     <span class='ocr_line' id='line_1_4' title="bbox 212 583 1369 653; baseline -0.003 -14"><span class='ocrx_word' id='word_1_29' title='bbox 212 586 287 653; x_wconf 81' lang='lat' dir='ltr'><strong>Quid</strong></span> <span class='ocrx_word' id='word_1_30' title='bbox 309 585 489 644; x_wconf 74' lang='lat' dir='ltr'><strong>tentaverint</strong></span> <span class='ocrx_word' id='word_1_31' title='bbox 515 592 545 637; x_wconf 87' lang='lat' dir='ltr'><strong>et</strong></span> <span class='ocrx_word' id='word_1_32' title='bbox 568 583 764 637; x_wconf 81' lang='lat' dir='ltr'><strong>dubitaverint</strong></span> <span class='ocrx_word' id='word_1_33' title='bbox 788 584 962 653; x_wconf 79' lang='lat' dir='ltr'><strong>interpretes</strong></span> <span class='ocrx_word' id='word_1_34' title='bbox 989 584 1056 636; x_wconf 83' lang='lat' dir='ltr'><strong>ride</strong></span> <span class='ocrx_word' id='word_1_35' title='bbox 1074 584 1105 635; x_wconf 90' lang='lat' dir='ltr'><strong>in</strong></span> <span class='ocrx_word' id='word_1_36' title='bbox 1123 592 1222 636; x_wconf 86' lang='lat' dir='ltr'><strong>nostra</strong></span> <span class='ocrx_word' id='word_1_37' title='bbox 1247 590 1369 636; x_wconf 83' lang='lat' dir='ltr'><strong>annota-</strong></span> 
     </span>
     <span class='ocr_line' id='line_1_5' title="bbox 212 653 1369 724; baseline -0.006 -13"><span class='ocrx_word' id='word_1_38' title='bbox 212 658 303 711; x_wconf 85' lang='lat' dir='ltr'><strong>tione.</strong></span> <span class='ocrx_word' id='word_1_39' title='bbox 340 657 479 713; x_wconf 81' lang='lat' dir='ltr'><strong>Breviter·</strong></span> <span class='ocrx_word' id='word_1_40' title='bbox 499 663 529 708; x_wconf 89' lang='lat' dir='ltr'><strong>et</strong></span> <span class='ocrx_word' id='word_1_41' title='bbox 554 664 716 709; x_wconf 79' lang='lat' dir='ltr'><strong>meterem</strong></span> <span class='ocrx_word' id='word_1_42' title='bbox 736 655 853 707; x_wconf 86' lang='lat' dir='ltr'><strong>conficit</strong></span> <span class='ocrx_word' id='word_1_43' title='bbox 870 655 917 708; x_wconf 86' lang='lat' dir='ltr'><strong>Kl.</strong></span> <span class='ocrx_word' id='word_1_44' title='bbox 937 655 1147 724; x_wconf 75' lang='lat' dir='ltr'><strong>interpretasse</strong></span> <span class='ocrx_word' id='word_1_45' title='bbox 1184 653 1252 720; x_wconf 80' lang='lat' dir='ltr'><strong>„So</strong></span> <span class='ocrx_word' id='word_1_46' title='bbox 1277 653 1369 714; x_wconf 82' lang='lat' dir='ltr'><strong>dass,</strong></span> 
     </span>
     <span class='ocr_line' id='line_1_6' title="bbox 212 724 1371 802; baseline -0.003 -21"><span class='ocrx_word' id='word_1_47' title='bbox 212 727 417 802; x_wconf 85' lang='lat' dir='ltr'><strong>ahgesehcn</strong></span> <span class='ocrx_word' id='word_1_48' title='bbox 435 727 566 788; x_wconf 81' lang='lat' dir='ltr'><strong>daron,</strong></span> <span class='ocrx_word' id='word_1_49' title='bbox 593 726 669 778; x_wconf 81' lang='lat' dir='ltr'><strong>dass</strong></span> <span class='ocrx_word' id='word_1_50' title='bbox 696 727 794 779; x_wconf 88' lang='lat' dir='ltr'><strong>diese</strong></span> <span class='ocrx_word' id='word_1_51' title='bbox 812 726 941 797; x_wconf 85' lang='lat' dir='ltr'><strong>Dinge,</strong></span> <span class='ocrx_word' id='word_1_52' title='bbox 968 724 1113 778; x_wconf 83' lang='lat' dir='ltr'><strong>welche</strong></span> <span class='ocrx_word' id='word_1_53' title='bbox 1132 725 1278 778; x_wconf 76' lang='lat' dir='ltr'><strong>Fureht</strong></span> <span class='ocrx_word' id='word_1_54' title='bbox 1298 725 1371 777; x_wconf 90' lang='lat' dir='ltr'><strong>und</strong></span> 
     </span>
     <span class='ocr_line' id='line_1_7' title="bbox 213 794 1371 861; baseline -0.003 -8"><span class='ocrx_word' id='word_1_55' title='bbox 213 799 474 859; x_wconf 81' lang='lat' dir='ltr'><strong>Ktimmerniis,</strong></span> <span class='ocrx_word' id='word_1_56' title='bbox 491 796 615 852; x_wconf 75' lang='lat' dir='ltr'><strong>medes</strong></span> <span class='ocrx_word' id='word_1_57' title='bbox 632 797 817 861; x_wconf 89' lang='lat' dir='ltr'><strong>schlecht,</strong></span> <span class='ocrx_word' id='word_1_58' title='bbox 838 796 928 850; x_wconf 90' lang='lat' dir='ltr'><strong>noch</strong></span> <span class='ocrx_word' id='word_1_59' title='bbox 947 794 1017 861; x_wconf 91' lang='lat' dir='ltr'><strong>die,</strong></span> <span class='ocrx_word' id='word_1_60' title='bbox 1035 797 1173 850; x_wconf 87' lang='lat' dir='ltr'><strong>welche</strong></span> <span class='ocrx_word' id='word_1_61' title='bbox 1190 798 1280 848; x_wconf 85' lang='lat' dir='ltr'><strong>Lust</strong></span> <span class='ocrx_word' id='word_1_62' title='bbox 1299 796 1371 849; x_wconf 89' lang='lat' dir='ltr'><strong>und</strong></span> 
     </span>
     <span class='ocr_line' id='line_1_8' title="bbox 213 867 1393 945; baseline -0.004 -21"><span class='ocrx_word' id='word_1_63' title='bbox 213 869 478 924; x_wconf 81' lang='lat' dir='ltr'><strong>Frlihliehkeit</strong></span> <span class='ocrx_word' id='word_1_64' title='bbox 494 869 670 934; x_wconf 80' lang='lat' dir='ltr'><strong>wecken,</strong></span> <span class='ocrx_word' id='word_1_65' title='bbox 682 877 748 945; x_wconf 81' lang='lat' dir='ltr'><strong>gut</strong></span> <span class='ocrx_word' id='word_1_66' title='bbox 765 867 863 936; x_wconf 83' lang='lat' dir='ltr'><strong>sind,</strong></span> <span class='ocrx_word' id='word_1_67' title='bbox 891 867 979 920; x_wconf 90' lang='lat' dir='ltr'><strong>doch</strong></span> <span class='ocrx_word' id='word_1_68' title='bbox 997 868 1100 933; x_wconf 86' lang='lat' dir='ltr'><strong>jener</strong></span> <span class='ocrx_word' id='word_1_69' title='bbox 1118 867 1311 927; x_wconf 80' lang='lat' dir='ltr'><strong>Eindruck</strong></span> <span class='ocrx_word' id='word_1_70' title='bbox 1329 885 1393 919; x_wconf 87' lang='lat' dir='ltr'><strong>an·</strong></span> 
     </span>
     <span class='ocr_line' id='line_1_9' title="bbox 212 937 1371 995; baseline -0.004 -1"><span class='ocrx_word' id='word_1_71' title='bbox 212 942 282 995; x_wconf 89' lang='lat' dir='ltr'><strong>und</strong></span> <span class='ocrx_word' id='word_1_72' title='bbox 298 944 362 993; x_wconf 82' lang='lat' dir='ltr'><strong>fiir</strong></span> <span class='ocrx_word' id='word_1_73' title='bbox 379 938 459 992; x_wconf 89' lang='lat' dir='ltr'><strong>sich</strong></span> <span class='ocrx_word' id='word_1_74' title='bbox 476 938 851 993; x_wconf 82' lang='lat' dir='ltr'><strong>tadelnswerth&#39;is&#39;t.“</strong></span> <span class='ocrx_word' id='word_1_75' title='bbox 868 939 976 992; x_wconf 86' lang='lat' dir='ltr'><strong>Utrum</strong></span> <span class='ocrx_word' id='word_1_76' title='bbox 993 955 1064 992; x_wconf 82' lang='lat' dir='ltr'><strong>vero</strong></span> <span class='ocrx_word' id='word_1_77' title='bbox 1082 937 1154 990; x_wconf 88' lang='lat' dir='ltr'><strong>haec</strong></span> <span class='ocrx_word' id='word_1_78' title='bbox 1172 938 1206 990; x_wconf 89' lang='lat' dir='ltr'><strong>ad</strong></span> <span class='ocrx_word' id='word_1_79' title='bbox 1224 937 1371 990; x_wconf 90' lang='lat' dir='ltr'><strong>rationem</strong></span> 
     </span>
     <span class='ocr_line' id='line_1_10' title="bbox 213 1008 1371 1088; baseline -0.005 -23"><span class='ocrx_word' id='word_1_80' title='bbox 213 1011 431 1088; x_wconf 80' lang='lat' dir='ltr'><strong>grammaticam</strong></span> <span class='ocrx_word' id='word_1_81' title='bbox 449 1020 562 1063; x_wconf 88' lang='lat' dir='ltr'><strong>nostrae</strong></span> <span class='ocrx_word' id='word_1_82' title='bbox 580 1010 696 1085; x_wconf 79' lang='lat' dir='ltr'><strong>linguae</strong></span> <span class='ocrx_word' id='word_1_83' title='bbox 713 1010 785 1064; x_wconf 88' lang='lat' dir='ltr'><strong>bene</strong></span> <span class='ocrx_word' id='word_1_84' title='bbox 803 1026 832 1063; x_wconf 90' lang='lat' dir='ltr'><strong>se</strong></span> <span class='ocrx_word' id='word_1_85' title='bbox 851 1009 1038 1075; x_wconf 65' lang='lat' dir='ltr'><strong>habeanaan</strong></span> <span class='ocrx_word' id='word_1_86' title='bbox 1056 1027 1145 1076; x_wconf 89' lang='lat' dir='ltr'><strong>secus,</strong></span> <span class='ocrx_word' id='word_1_87' title='bbox 1164 1010 1223 1062; x_wconf 85' lang='lat' dir='ltr'><strong>&#39;alia</strong></span> <span class='ocrx_word' id='word_1_88' title='bbox 1240 1008 1371 1078; x_wconf 82' lang='lat' dir='ltr'><strong>quaestio</strong></span> 
     </span>
     <span class='ocr_line' id='line_1_11' title="bbox 214 1079 1371 1151; baseline -0.004 -14"><span class='ocrx_word' id='word_1_89' title='bbox 214 1092 266 1140; x_wconf 89' lang='lat' dir='ltr'><strong>est.</strong></span> <span class='ocrx_word' id='word_1_90' title='bbox 302 1081 412 1137; x_wconf 82' lang='lat' dir='ltr'><strong>Eodem</strong></span> <span class='ocrx_word' id='word_1_91' title='bbox 429 1080 493 1135; x_wconf 94' lang='lat' dir='ltr'><strong>loco</strong></span> <span class='ocrx_word' id='word_1_92' title='bbox 511 1080 642 1134; x_wconf 82' lang='lat' dir='ltr'><strong>defendit</strong></span> <span class='ocrx_word' id='word_1_93' title='bbox 659 1081 803 1134; x_wconf 88' lang='lat' dir='ltr'><strong>librorum</strong></span> <span class='ocrx_word' id='word_1_94' title='bbox 820 1081 1007 1151; x_wconf 82' lang='lat' dir='ltr'><strong>scriptionem</strong></span> <span class='ocrx_word' id='word_1_95' title='bbox 1025 1079 1146 1145; x_wconf 76' lang='lat' dir='ltr'><strong>damano</strong></span> <span class='ocrx_word' id='word_1_96' title='bbox 1171 1081 1264 1134; x_wconf 81' lang='lat' dir='ltr'><strong>omnio</strong></span> <span class='ocrx_word' id='word_1_97' title='bbox 1289 1095 1371 1147; x_wconf 86' lang='lat' dir='ltr'><strong>pre·</strong></span> 
     </span>
     <span class='ocr_line' id='line_1_12' title="bbox 213 1144 1371 1223; baseline -0.006 -15"><span class='ocrx_word' id='word_1_98' title='bbox 213 1161 507 1222; x_wconf 71' lang='lat' dir='ltr'><strong>mammemque</strong></span> <span class='ocrx_word' id='word_1_99' title='bbox 525 1144 623 1206; x_wconf 76' lang='lat' dir='ltr'><strong>lochen</strong></span> <span class='ocrx_word' id='word_1_100' title='bbox 641 1153 683 1204; x_wconf 91' lang='lat' dir='ltr'><strong>ita</strong></span> <span class='ocrx_word' id='word_1_101' title='bbox 699 1161 779 1207; x_wconf 87' lang='lat' dir='ltr'><strong>reete</strong></span> <span class='ocrx_word' id='word_1_102' title='bbox 798 1152 938 1223; x_wconf 88' lang='lat' dir='ltr'><strong>scriptum</strong></span> <span class='ocrx_word' id='word_1_103' title='bbox 957 1169 1015 1204; x_wconf 88' lang='lat' dir='ltr'><strong>esse</strong></span> <span class='ocrx_word' id='word_1_104' title='bbox 1033 1152 1191 1217; x_wconf 86' lang='lat' dir='ltr'><strong>contendit,</strong></span> <span class='ocrx_word' id='word_1_105' title='bbox 1218 1158 1253 1202; x_wconf 89' lang='lat' dir='ltr'><strong>ut</strong></span> <span class='ocrx_word' id='word_1_106' title='bbox 1271 1150 1371 1202; x_wconf 86' lang='lat' dir='ltr'><strong>nullus</strong></span> 
     </span>
     <span class='ocr_line' id='line_1_13' title="bbox 213 1220 1371 1307; baseline -0.005 -28"><span class='ocrx_word' id='word_1_107' title='bbox 213 1242 335 1295; x_wconf 90' lang='lat' dir='ltr'><strong>usquam</strong></span> <span class='ocrx_word' id='word_1_108' title='bbox 357 1222 475 1298; x_wconf 82' lang='lat' dir='ltr'><strong>legatur</strong></span> <span class='ocrx_word' id='word_1_109' title='bbox 498 1224 608 1278; x_wconf 87' lang='lat' dir='ltr'><strong>rectius</strong></span> <span class='ocrx_word' id='word_1_110' title='bbox 630 1223 763 1307; x_wconf 84' lang='lat' dir='ltr'><strong>scriptus.</strong></span> <span class='ocrx_word' id='word_1_111' title='bbox 799 1223 872 1276; x_wconf 85' lang='lat' dir='ltr'><strong>Male</strong></span> <span class='ocrx_word' id='word_1_112' title='bbox 897 1226 1029 1292; x_wconf 85' lang='lat' dir='ltr'><strong>profecto</strong></span> <span class='ocrx_word' id='word_1_113' title='bbox 1047 1232 1183 1299; x_wconf 75' lang='lat' dir='ltr'><strong>ageretur</strong></span> <span class='ocrx_word' id='word_1_114' title='bbox 1200 1239 1269 1274; x_wconf 89' lang='lat' dir='ltr'><strong>cum</strong></span> <span class='ocrx_word' id='word_1_115' title='bbox 1290 1220 1371 1274; x_wconf 85' lang='lat' dir='ltr'><strong>Cice-</strong></span> 
     </span>
     <span class='ocr_line' id='line_1_14' title="bbox 213 1292 1370 1365; baseline -0.003 -16"><span class='ocrx_word' id='word_1_116' title='bbox 213 1311 295 1362; x_wconf 90' lang='lat' dir='ltr'><strong>rone,</strong></span> <span class='ocrx_word' id='word_1_117' title='bbox 314 1294 338 1347; x_wconf 90' lang='lat' dir='ltr'><strong>si</strong></span> <span class='ocrx_word' id='word_1_118' title='bbox 355 1295 390 1348; x_wconf 83' lang='lat' dir='ltr'><strong>ad</strong></span> <span class='ocrx_word' id='word_1_119' title='bbox 406 1293 493 1347; x_wconf 87' lang='lat' dir='ltr'><strong>huius</strong></span> <span class='ocrx_word' id='word_1_120' title='bbox 510 1295 676 1364; x_wconf 83' lang='lat' dir='ltr'><strong>scriptionis</strong></span> <span class='ocrx_word' id='word_1_121' title='bbox 693 1310 826 1346; x_wconf 87' lang='lat' dir='ltr'><strong>normam</strong></span> <span class='ocrx_word' id='word_1_122' title='bbox 843 1294 950 1362; x_wconf 87' lang='lat' dir='ltr'><strong>scripta</strong></span> <span class='ocrx_word' id='word_1_123' title='bbox 969 1303 1060 1346; x_wconf 88' lang='lat' dir='ltr'><strong>essent</strong></span> <span class='ocrx_word' id='word_1_124' title='bbox 1079 1311 1164 1365; x_wconf 91' lang='lat' dir='ltr'><strong>opera</strong></span> <span class='ocrx_word' id='word_1_125' title='bbox 1183 1294 1244 1347; x_wconf 90' lang='lat' dir='ltr'><strong>eius</strong></span> <span class='ocrx_word' id='word_1_126' title='bbox 1263 1292 1370 1345; x_wconf 86' lang='lat' dir='ltr'><strong>omnia.</strong></span> 
     </span>
     <span class='ocr_line' id='line_1_15' title="bbox 213 1362 1371 1437; baseline -0.003 -19"><span class='ocrx_word' id='word_1_127' title='bbox 213 1365 402 1437; x_wconf 76' lang='lat' dir='ltr'><strong>Nequaquam</strong></span> <span class='ocrx_word' id='word_1_128' title='bbox 420 1373 498 1418; x_wconf 88' lang='lat' dir='ltr'><strong>certe</strong></span> <span class='ocrx_word' id='word_1_129' title='bbox 518 1369 550 1419; x_wconf 82' lang='lat' dir='ltr'><strong>ea</strong></span> <span class='ocrx_word' id='word_1_130' title='bbox 568 1365 661 1419; x_wconf 87' lang='lat' dir='ltr'><strong>adhuc</strong></span> <span class='ocrx_word' id='word_1_131' title='bbox 678 1365 865 1435; x_wconf 88' lang='lat' dir='ltr'><strong>proprietatis</strong></span> <span class='ocrx_word' id='word_1_132' title='bbox 884 1372 913 1416; x_wconf 91' lang='lat' dir='ltr'><strong>et</strong></span> <span class='ocrx_word' id='word_1_133' title='bbox 935 1366 995 1434; x_wconf 88' lang='lat' dir='ltr'><strong>apti</strong></span> <span class='ocrx_word' id='word_1_134' title='bbox 1012 1365 1167 1419; x_wconf 87' lang='lat' dir='ltr'><strong>verborum</strong></span> <span class='ocrx_word' id='word_1_135' title='bbox 1191 1382 1258 1415; x_wconf 89' lang='lat' dir='ltr'><strong>usus</strong></span> <span class='ocrx_word' id='word_1_136' title='bbox 1285 1362 1371 1415; x_wconf 91' lang='lat' dir='ltr'><strong>laude</strong></span> 
     </span>
     <span class='ocr_line' id='line_1_16' title="bbox 213 1435 1371 1507; baseline -0.003 -16"><span class='ocrx_word' id='word_1_137' title='bbox 213 1439 343 1500; x_wconf 84' lang='lat' dir='ltr'><strong>floreret,</strong></span> <span class='ocrx_word' id='word_1_138' title='bbox 374 1453 429 1506; x_wconf 88' lang='lat' dir='ltr'><strong>qua</strong></span> <span class='ocrx_word' id='word_1_139' title='bbox 453 1451 549 1489; x_wconf 90' lang='lat' dir='ltr'><strong>omnes</strong></span> <span class='ocrx_word' id='word_1_140' title='bbox 574 1436 730 1506; x_wconf 87' lang='lat' dir='ltr'><strong>scriptores</strong></span> <span class='ocrx_word' id='word_1_141' title='bbox 753 1436 857 1489; x_wconf 88' lang='lat' dir='ltr'><strong>latinos</strong></span> <span class='ocrx_word' id='word_1_142' title='bbox 885 1435 918 1488; x_wconf 89' lang='lat' dir='ltr'><strong>ab</strong></span> <span class='ocrx_word' id='word_1_143' title='bbox 946 1452 978 1488; x_wconf 95' lang='lat' dir='ltr'><strong>eo</strong></span> <span class='ocrx_word' id='word_1_144' title='bbox 1005 1452 1063 1489; x_wconf 91' lang='lat' dir='ltr'><strong>uno</strong></span> <span class='ocrx_word' id='word_1_145' title='bbox 1091 1435 1222 1507; x_wconf 88' lang='lat' dir='ltr'><strong>superari</strong></span> <span class='ocrx_word' id='word_1_146' title='bbox 1249 1442 1371 1487; x_wconf 88' lang='lat' dir='ltr'><strong>constat.</strong></span> 
     </span>
     <span class='ocr_line' id='line_1_17' title="bbox 214 1504 1374 1581; baseline -0.001 -23"><span class='ocrx_word' id='word_1_147' title='bbox 214 1506 295 1574; x_wconf 81' lang='lat' dir='ltr'><strong>Quod</strong></span> <span class='ocrx_word' id='word_1_148' title='bbox 312 1521 392 1572; x_wconf 81' lang='lat' dir='ltr'><strong>vero,</strong></span> <span class='ocrx_word' id='word_1_149' title='bbox 410 1513 443 1557; x_wconf 93' lang='lat' dir='ltr'><strong>ut</strong></span> <span class='ocrx_word' id='word_1_150' title='bbox 459 1522 584 1574; x_wconf 85' lang='lat' dir='ltr'><strong>premere</strong></span> <span class='ocrx_word' id='word_1_151' title='bbox 601 1506 678 1558; x_wconf 88' lang='lat' dir='ltr'><strong>idem</strong></span> <span class='ocrx_word' id='word_1_152' title='bbox 696 1507 860 1581; x_wconf 85' lang='lat' dir='ltr'><strong>significare</strong></span> <span class='ocrx_word' id='word_1_153' title='bbox 879 1507 1004 1570; x_wconf 89' lang='lat' dir='ltr'><strong>doceret,</strong></span> <span class='ocrx_word' id='word_1_154' title='bbox 1031 1506 1107 1577; x_wconf 87' lang='lat' dir='ltr'><strong>quod</strong></span> <span class='ocrx_word' id='word_1_155' title='bbox 1131 1504 1287 1574; x_wconf 75' lang='lat' dir='ltr'><strong>despicere,</strong></span> <span class='ocrx_word' id='word_1_156' title='bbox 1311 1505 1374 1557; x_wconf 86' lang='lat' dir='ltr'><strong>lau·</strong></span> 
     </span>
     <span class='ocr_line' id='line_1_18' title="bbox 215 1576 1372 1648; baseline -0.003 -17"><span class='ocrx_word' id='word_1_157' title='bbox 215 1577 295 1632; x_wconf 85' lang='lat' dir='ltr'><strong>davit</strong></span> <span class='ocrx_word' id='word_1_158' title='bbox 312 1576 450 1642; x_wconf 79' lang='lat' dir='ltr'><strong>Quinctil.</strong></span> <span class='ocrx_word' id='word_1_159' title='bbox 470 1578 519 1640; x_wconf 83' lang='lat' dir='ltr'><strong>xl,</strong></span> <span class='ocrx_word' id='word_1_160' title='bbox 539 1580 631 1640; x_wconf 84' lang='lat'><strong>1,.16:</strong></span> <span class='ocrx_word' id='word_1_161' title='bbox 657 1583 688 1629; x_wconf 88' lang='lat' dir='ltr'><strong>cl</strong></span> <span class='ocrx_word' id='word_1_162' title='bbox 716 1577 763 1648; x_wconf 80' lang='lat' dir='ltr'><strong>qui</strong></span> <span class='ocrx_word' id='word_1_163' title='bbox 780 1593 809 1630; x_wconf 87' lang='lat' dir='ltr'><strong>se</strong></span> <span class='ocrx_word' id='word_1_164' title='bbox 826 1593 912 1645; x_wconf 80' lang='lat' dir='ltr'><strong>supro</strong></span> <span class='ocrx_word' id='word_1_165' title='bbox 934 1577 1044 1630; x_wconf 83' lang='lat' dir='ltr'><strong>modum</strong></span> <span class='ocrx_word' id='word_1_166' title='bbox 1068 1578 1186 1642; x_wconf 82' lang='lat' dir='ltr'><strong>extollit,</strong></span> <span class='ocrx_word' id='word_1_167' title='bbox 1212 1591 1372 1645; x_wconf 81' lang='lat' dir='ltr'><strong>premere</strong></span> 
     </span>
     <span class='ocr_line' id='line_1_19' title="bbox 215 1647 1371 1717; baseline -0.002 -15"><span class='ocrx_word' id='word_1_168' title='bbox 215 1666 249 1702; x_wconf 87' lang='lat' dir='ltr'><strong>oc</strong></span> <span class='ocrx_word' id='word_1_169' title='bbox 266 1648 407 1717; x_wconf 76' lang='lat' dir='ltr'><strong>despicere</strong></span> <span class='ocrx_word' id='word_1_170' title='bbox 424 1647 555 1702; x_wconf 81' lang='lat' dir='ltr'><strong>creditur</strong></span> <span class='ocrx_word' id='word_1_171' title='bbox 571 1648 621 1705; x_wconf 84' lang='lat' dir='ltr'><strong>ne&#39;c</strong></span> <span class='ocrx_word' id='word_1_172' title='bbox 639 1653 696 1700; x_wconf 87' lang='lat' dir='ltr'><strong>tom</strong></span> <span class='ocrx_word' id='word_1_173' title='bbox 712 1665 743 1702; x_wconf 86' lang='lat' dir='ltr'><strong>se</strong></span> <span class='ocrx_word' id='word_1_174' title='bbox 759 1649 895 1703; x_wconf 84' lang='lat' dir='ltr'><strong>maiorem</strong></span> <span class='ocrx_word' id='word_1_175' title='bbox 913 1664 994 1716; x_wconf 84' lang='lat' dir='ltr'><strong>quom</strong></span> <span class='ocrx_word' id='word_1_176' title='bbox 1011 1650 1132 1703; x_wconf 86' lang='lat' dir='ltr'><strong>minores</strong></span> <span class='ocrx_word' id='word_1_177' title='bbox 1143 1656 1246 1701; x_wconf 88' lang='lat' dir='ltr'><strong>ceteros</strong></span> <span class='ocrx_word' id='word_1_178' title='bbox 1262 1649 1371 1714; x_wconf 76' lang='lat' dir='ltr'><strong>faceret</strong></span> 
     </span>
     <span class='ocr_line' id='line_1_20' title="bbox 214 1718 1374 1791; baseline -0.002 -19"><span class='ocrx_word' id='word_1_179' title='bbox 214 1719 245 1772; x_wconf 90' lang='lat' dir='ltr'><strong>id</strong></span> <span class='ocrx_word' id='word_1_180' title='bbox 263 1718 416 1791; x_wconf 86' lang='lat' dir='ltr'><strong>speciosius</strong></span> <span class='ocrx_word' id='word_1_181' title='bbox 435 1735 494 1770; x_wconf 85' lang='lat' dir='ltr'><strong>esse</strong></span> <span class='ocrx_word' id='word_1_182' title='bbox 513 1735 599 1787; x_wconf 83' lang='lat' dir='ltr'><strong>quam</strong></span> <span class='ocrx_word' id='word_1_183' title='bbox 619 1719 719 1773; x_wconf 71' lang='lat' dir='ltr'><strong>verius</strong></span> <span class='ocrx_word' id='word_1_184' title='bbox 736 1720 855 1771; x_wconf 83' lang='lat' dir='ltr'><strong>fortasse</strong></span> <span class='ocrx_word' id='word_1_185' title='bbox 874 1720 930 1771; x_wconf 86' lang='lat' dir='ltr'><strong>iam</strong></span> <span class='ocrx_word' id='word_1_186' title='bbox 949 1719 1057 1785; x_wconf 90' lang='lat' dir='ltr'><strong>dudum</strong></span> <span class='ocrx_word' id='word_1_187' title='bbox 1081 1720 1142 1790; x_wconf 89' lang='lat' dir='ltr'><strong>ipse</strong></span> <span class='ocrx_word' id='word_1_188' title='bbox 1164 1719 1240 1771; x_wconf 83' lang='lat' dir='ltr'><strong>vidit</strong></span> <span class='ocrx_word' id='word_1_189' title='bbox 1257 1721 1308 1770; x_wconf 77' lang='lat' dir='ltr'><strong>rii</strong></span> <span class='ocrx_word' id='word_1_190' title='bbox 1325 1719 1374 1770; x_wconf 93' lang='lat' dir='ltr'><strong>do-</strong></span> 
     </span>
     <span class='ocr_line' id='line_1_21' title="bbox 215 1784 1373 1860; baseline -0.001 -17"><span class='ocrx_word' id='word_1_191' title='bbox 215 1789 368 1843; x_wconf 86' lang='lat' dir='ltr'><strong>ctissimus.</strong></span> <span class='ocrx_word' id='word_1_192' title='bbox 406 1788 480 1853; x_wconf 83' lang='lat' dir='ltr'><strong>Quid</strong></span> <span class='ocrx_word' id='word_1_193' title='bbox 498 1789 592 1841; x_wconf 82' lang='lat' dir='ltr'><strong>enim?</strong></span> <span class='ocrx_word' id='word_1_194' title='bbox 611 1784 677 1842; x_wconf 81' lang='lat' dir='ltr'><strong>eiua</strong></span> <span class='ocrx_word' id='word_1_195' title='bbox 695 1790 758 1842; x_wconf 85' lang='lat' dir='ltr'><strong>dici</strong></span> <span class='ocrx_word' id='word_1_196' title='bbox 771 1789 862 1860; x_wconf 87' lang='lat' dir='ltr'><strong>possit</strong></span> <span class='ocrx_word' id='word_1_197' title='bbox 881 1790 1024 1858; x_wconf 78' lang='lat' dir='ltr'><strong>despicere</strong></span> <span class='ocrx_word' id='word_1_198' title='bbox 1040 1789 1162 1843; x_wconf 70' lang='lat' dir='ltr'><strong>destines</strong></span> <span class='ocrx_word' id='word_1_199' title='bbox 1181 1798 1211 1842; x_wconf 90' lang='lat' dir='ltr'><strong>et</strong></span> <span class='ocrx_word' id='word_1_200' title='bbox 1230 1789 1373 1860; x_wconf 82' lang='lat' dir='ltr'><strong>despicere</strong></span> 
     </span>
     <span class='ocr_line' id='line_1_22' title="bbox 215 1857 1373 1931; baseline 0 -19"><span class='ocrx_word' id='word_1_201' title='bbox 215 1857 335 1919; x_wconf 77' lang='lat' dir='ltr'><strong>homone</strong></span> <span class='ocrx_word' id='word_1_202' title='bbox 353 1858 459 1930; x_wconf 73' lang='lat' dir='ltr'><strong>ommia,</strong></span> <span class='ocrx_word' id='word_1_203' title='bbox 484 1859 614 1930; x_wconf 87' lang='lat' dir='ltr'><strong>itemque</strong></span> <span class='ocrx_word' id='word_1_204' title='bbox 635 1876 763 1929; x_wconf 86' lang='lat' dir='ltr'><strong>premere</strong></span> <span class='ocrx_word' id='word_1_205' title='bbox 781 1860 855 1914; x_wconf 83' lang='lat' dir='ltr'><strong>elios</strong></span> <span class='ocrx_word' id='word_1_206' title='bbox 872 1859 997 1914; x_wconf 82' lang='lat' dir='ltr'><strong>domines</strong></span> <span class='ocrx_word' id='word_1_207' title='bbox 1020 1863 1100 1930; x_wconf 84' lang='lat' dir='ltr'><strong>quasi</strong></span> <span class='ocrx_word' id='word_1_208' title='bbox 1122 1861 1240 1931; x_wconf 89' lang='lat' dir='ltr'><strong>pedibus</strong></span> <span class='ocrx_word' id='word_1_209' title='bbox 1259 1861 1373 1923; x_wconf 84' lang='lat' dir='ltr'><strong>calcare</strong></span> 
     </span>
     <span class='ocr_line' id='line_1_23' title="bbox 216 1931 1373 2001; baseline -0.002 -16"><span class='ocrx_word' id='word_1_210' title='bbox 216 1931 443 2001; x_wconf 73' lang='lat' dir='ltr'><strong>&#39;et&#39;d&#39;eprime&#39;ret</strong></span> <span class='ocrx_word' id='word_1_211' title='bbox 462 1931 576 2000; x_wconf 90' lang='lat' dir='ltr'><strong>dicatur</strong></span> <span class='ocrx_word' id='word_1_212' title='bbox 594 1931 664 1983; x_wconf 89' lang='lat' dir='ltr'><strong>item</strong></span> <span class='ocrx_word' id='word_1_213' title='bbox 683 1939 763 1984; x_wconf 90' lang='lat' dir='ltr'><strong>recte</strong></span> <span class='ocrx_word' id='word_1_214' title='bbox 780 1948 907 2000; x_wconf 87' lang='lat' dir='ltr'><strong>premere</strong></span> <span class='ocrx_word' id='word_1_215' title='bbox 924 1931 1044 1985; x_wconf 82' lang='lat' dir='ltr'><strong>damone</strong></span> <span class='ocrx_word' id='word_1_216' title='bbox 1064 1932 1176 1986; x_wconf 79' lang='lat' dir='ltr'><strong>omnio?</strong></span> <span class='ocrx_word' id='word_1_217' title='bbox 1205 1932 1286 1998; x_wconf 84' lang='lat' dir='ltr'><strong>Quod</strong></span> <span class='ocrx_word' id='word_1_218' title='bbox 1303 1946 1373 1983; x_wconf 87' lang='lat' dir='ltr'><strong>vero</strong></span> 
     </span>
     <span class='ocr_line' id='line_1_24' title="bbox 215 1998 1374 2078; baseline -0.002 -22"><span class='ocrx_word' id='word_1_219' title='bbox 215 2002 295 2057; x_wconf 78' lang='lat' dir='ltr'><strong>addit</strong></span> <span class='ocrx_word' id='word_1_220' title='bbox 309 1998 439 2071; x_wconf 78' lang='lat' dir='ltr'><strong>premere¹</strong></span> <span class='ocrx_word' id='word_1_221' title='bbox 457 2002 599 2072; x_wconf 81' lang='lat' dir='ltr'><strong>sicsaepe</strong></span> <span class='ocrx_word' id='word_1_222' title='bbox 617 2001 679 2075; x_wconf 88' lang='lat' dir='ltr'><strong>legi</strong></span> <span class='ocrx_word' id='word_1_223' title='bbox 697 2001 1108 2078; x_wconf 74' lang='lat' dir='ltr'><strong>apudpottasaevinugus&#39;tei,</strong></span> <span class='ocrx_word' id='word_1_224' title='bbox 1128 2003 1189 2056; x_wconf 93' lang='lat' dir='ltr'><strong>eius</strong></span> <span class='ocrx_word' id='word_1_225' title='bbox 1201 2021 1277 2068; x_wconf 89' lang='lat' dir='ltr'><strong>usus,</strong></span> <span class='ocrx_word' id='word_1_226' title='bbox 1298 2001 1374 2071; x_wconf 90' lang='lat' dir='ltr'><strong>quod</strong></span> 
     </span>
     <span class='ocr_line' id='line_1_25' title="bbox 214 2071 1371 2148; baseline -0.003 -22"><span class='ocrx_word' id='word_1_227' title='bbox 214 2073 301 2148; x_wconf 84' lang='lat' dir='ltr'><strong>plane</strong></span> <span class='ocrx_word' id='word_1_228' title='bbox 319 2073 357 2125; x_wconf 89' lang='lat' dir='ltr'><strong>ad·</strong></span> <span class='ocrx_word' id='word_1_229' title='bbox 371 2071 468 2124; x_wconf 88' lang='lat' dir='ltr'><strong>locum</strong></span> <span class='ocrx_word' id='word_1_230' title='bbox 486 2082 616 2125; x_wconf 88' lang='lat' dir='ltr'><strong>nostrum</strong></span> <span class='ocrx_word' id='word_1_231' title='bbox 632 2073 729 2133; x_wconf 84' lang='lat' dir='ltr'><strong>faciat,</strong></span> <span class='ocrx_word' id='word_1_232' title='bbox 753 2089 790 2125; x_wconf 89' lang='lat' dir='ltr'><strong>ne</strong></span> <span class='ocrx_word' id='word_1_233' title='bbox 807 2076 906 2136; x_wconf 77' lang='lat' dir='ltr'><strong>upum</strong></span> <span class='ocrx_word' id='word_1_234' title='bbox 925 2073 1041 2143; x_wconf 88' lang='lat' dir='ltr'><strong>quidem</strong></span> <span class='ocrx_word' id='word_1_235' title='bbox 1067 2073 1232 2144; x_wconf 84' lang='lat' dir='ltr'><strong>exemplum</strong></span> <span class='ocrx_word' id='word_1_236' title='bbox 1256 2073 1371 2125; x_wconf 89' lang='lat' dir='ltr'><strong>attulit:</strong></span> 
     </span>
     <span class='ocr_line' id='line_1_26' title="bbox 214 2141 1374 2214; baseline -0.002 -17"><span class='ocrx_word' id='word_1_237' title='bbox 214 2161 309 2213; x_wconf 86' lang='lat' dir='ltr'><strong>neque</strong></span> <span class='ocrx_word' id='word_1_238' title='bbox 327 2141 433 2195; x_wconf 80' lang='lat' dir='ltr'><strong>afferre</strong></span> <span class='ocrx_word' id='word_1_239' title='bbox 452 2144 603 2214; x_wconf 86' lang='lat' dir='ltr'><strong>quisquam</strong></span> <span class='ocrx_word' id='word_1_240' title='bbox 620 2144 739 2214; x_wconf 88' lang='lat' dir='ltr'><strong>poterit,</strong></span> <span class='ocrx_word' id='word_1_241' title='bbox 758 2144 826 2213; x_wconf 78' lang='lat' dir='ltr'><strong>quia</strong></span> <span class='ocrx_word' id='word_1_242' title='bbox 843 2160 933 2198; x_wconf 90' lang='lat' dir='ltr'><strong>nemo·</strong></span> <span class='ocrx_word' id='word_1_243' title='bbox 947 2162 1084 2213; x_wconf 87' lang='lat' dir='ltr'><strong>unquam,</strong></span> <span class='ocrx_word' id='word_1_244' title='bbox 1104 2163 1157 2197; x_wconf 88' lang='lat' dir='ltr'><strong>nec</strong></span> <span class='ocrx_word' id='word_1_245' title='bbox 1176 2146 1304 2214; x_wconf 87' lang='lat' dir='ltr'><strong>scriptor</strong></span> <span class='ocrx_word' id='word_1_246' title='bbox 1322 2159 1374 2196; x_wconf 89' lang='lat' dir='ltr'><strong>nec</strong></span> 
     </span>
     <span class='ocr_line' id='line_1_27' title="bbox 215 2214 1373 2340; baseline -0.002 -72"><span class='ocrx_word' id='word_1_247' title='bbox 215 2223 308 2340; x_wconf 78' lang='lat' dir='ltr'><strong>poeta,</strong></span> <span class='ocrx_word' id='word_1_248' title='bbox 336 2214 433 2267; x_wconf 87' lang='lat' dir='ltr'><strong>dicere</strong></span> <span class='ocrx_word' id='word_1_249' title='bbox 457 2215 505 2267; x_wconf 83' lang='lat' dir='ltr'><strong>rel</strong></span> <span class='ocrx_word' id='word_1_250' title='bbox 529 2215 656 2288; x_wconf 87' lang='lat' dir='ltr'><strong>cogitare</strong></span> <span class='ocrx_word' id='word_1_251' title='bbox 680 2215 768 2267; x_wconf 89' lang='lat' dir='ltr'><strong>etiam</strong></span> <span class='ocrx_word' id='word_1_252' title='bbox 793 2215 890 2286; x_wconf 91' lang='lat' dir='ltr'><strong>potuit</strong></span> <span class='ocrx_word' id='word_1_253' title='bbox 910 2231 1038 2283; x_wconf 88' lang='lat' dir='ltr'><strong>premere</strong></span> <span class='ocrx_word' id='word_1_254' title='bbox 1062 2214 1180 2268; x_wconf 80' lang='lat' dir='ltr'><strong>damona</strong></span> <span class='ocrx_word' id='word_1_255' title='bbox 1199 2218 1295 2268; x_wconf 85' lang='lat' dir='ltr'><strong>omnio</strong></span> <span class='ocrx_word' id='word_1_256' title='bbox 1320 2229 1373 2286; x_wconf 88' lang='lat' dir='ltr'><strong>pro</strong></span> 
     </span>
     <span class='ocr_line' id='line_1_28' title="bbox 235 2284 1373 2352; baseline -0.001 -13"><span class='ocrx_word' id='word_1_257' title='bbox 235 2300 335 2339; x_wconf 81' lang='lat' dir='ltr'><strong>umora</strong></span> <span class='ocrx_word' id='word_1_258' title='bbox 353 2284 447 2339; x_wconf 85' lang='lat' dir='ltr'><strong>omnio</strong></span> <span class='ocrx_word' id='word_1_259' title='bbox 464 2284 544 2352; x_wconf 66' lang='lat' dir='ltr'><strong>intro</strong></span> <span class='ocrx_word' id='word_1_260' title='bbox 562 2301 592 2337; x_wconf 85' lang='lat' dir='ltr'><strong>se</strong></span> <span class='ocrx_word' id='word_1_261' title='bbox 607 2284 893 2352; x_wconf 74' lang='lat' dir='ltr'><strong>positoecistimore3</strong></span> <span class='ocrx_word' id='word_1_262' title='bbox 911 2287 1040 2351; x_wconf 74' lang='lat' dir='ltr'><strong>fortunae</strong></span> <span class='ocrx_word' id='word_1_263' title='bbox 1058 2286 1373 2350; x_wconf 79' lang='lat' dir='ltr'><strong>ludibriocootemnere,</strong></span> 
     </span>
     <span class='ocr_line' id='line_1_29' title="bbox 216 2355 1373 2427; baseline 0 -17"><span class='ocrx_word' id='word_1_264' title='bbox 216 2357 349 2427; x_wconf 78' lang='lat' dir='ltr'><strong>oatoqotd</strong></span> <span class='ocrx_word' id='word_1_265' title='bbox 366 2355 473 2410; x_wconf 81' lang='lat' dir='ltr'><strong>domim&#39;</strong></span> <span class='ocrx_word' id='word_1_266' title='bbox 491 2356 618 2410; x_wconf 85' lang='lat' dir='ltr'><strong>occidere</strong></span> <span class='ocrx_word' id='word_1_267' title='bbox 634 2361 736 2424; x_wconf 86' lang='lat' dir='ltr'><strong>potest,</strong></span> <span class='ocrx_word' id='word_1_268' title='bbox 754 2356 793 2409; x_wconf 87' lang='lat' dir='ltr'><strong>od</strong></span> <span class='ocrx_word' id='word_1_269' title='bbox 804 2357 962 2426; x_wconf 80' lang='lat' dir='ltr'><strong>¹sapientem</strong></span> <span class='ocrx_word' id='word_1_270' title='bbox 973 2373 1025 2410; x_wconf 86' lang='lat' dir='ltr'><strong>non</strong></span> <span class='ocrx_word' id='word_1_271' title='bbox 1041 2359 1185 2424; x_wconf 80' lang='lat' dir='ltr'><strong>pertinere</strong></span> <span class='ocrx_word' id='word_1_272' title='bbox 1198 2356 1373 2410; x_wconf 79' lang='lat' dir='ltr'><strong>existimare.</strong></span> 
     </span>
     <span class='ocr_line' id='line_1_30' title="bbox 217 2428 1376 2502; baseline -0.004 -19"><span class='ocrx_word' id='word_1_273' title='bbox 217 2429 354 2484; x_wconf 80' lang='lat' dir='ltr'><strong>Ceterum</strong></span> <span class='ocrx_word' id='word_1_274' title='bbox 378 2429 558 2497; x_wconf 84' lang='lat' dir='ltr'><strong>nequaquam</strong></span> <span class='ocrx_word' id='word_1_275' title='bbox 584 2428 882 2502; x_wconf 24' lang='lat' dir='ltr'><strong>ego‚contendo‚5me</strong></span> <span class='ocrx_word' id='word_1_276' title='bbox 900 2445 997 2480; x_wconf 87' lang='lat' dir='ltr'><strong>veram</strong></span> <span class='ocrx_word' id='word_1_277' title='bbox 1023 2428 1170 2481; x_wconf 85' lang='lat' dir='ltr'><strong>Ciceronis</strong></span> <span class='ocrx_word' id='word_1_278' title='bbox 1192 2445 1311 2480; x_wconf 87' lang='lat' dir='ltr'><strong>manum</strong></span> <span class='ocrx_word' id='word_1_279' title='bbox 1329 2442 1376 2479; x_wconf 87' lang='lat' dir='ltr'><strong>re·</strong></span> 
     </span>
     <span class='ocr_line' id='line_1_31' title="bbox 217 2496 1375 2569; baseline -0.003 -16"><span class='ocrx_word' id='word_1_280' title='bbox 217 2500 339 2553; x_wconf 87' lang='lat' dir='ltr'><strong>stituere</strong></span> <span class='ocrx_word' id='word_1_281' title='bbox 361 2514 456 2568; x_wconf 84' lang='lat' dir='ltr'><strong>posse:</strong></span> <span class='ocrx_word' id='word_1_282' title='bbox 490 2514 579 2567; x_wconf 90' lang='lat' dir='ltr'><strong>quare</strong></span> <span class='ocrx_word' id='word_1_283' title='bbox 604 2514 659 2549; x_wconf 87' lang='lat' dir='ltr'><strong>nec</strong></span> <span class='ocrx_word' id='word_1_284' title='bbox 681 2496 870 2569; x_wconf 83' lang='lat' dir='ltr'><strong>scriptionem</strong></span> <span class='ocrx_word' id='word_1_285' title='bbox 896 2499 1021 2561; x_wconf 82' lang='lat' dir='ltr'><strong>correxi,</strong></span> <span class='ocrx_word' id='word_1_286' title='bbox 1052 2501 1124 2567; x_wconf 81' lang='lat' dir='ltr'><strong>quae</strong></span> <span class='ocrx_word' id='word_1_287' title='bbox 1150 2498 1226 2553; x_wconf 90' lang='lat' dir='ltr'><strong>mihi</strong></span> <span class='ocrx_word' id='word_1_288' title='bbox 1256 2499 1375 2568; x_wconf 86' lang='lat' dir='ltr'><strong>quidem</strong></span> 
     </span>
     <span class='ocr_line' id='line_1_32' title="bbox 216 2568 1376 2640; baseline -0.004 -16"><span class='ocrx_word' id='word_1_289' title='bbox 216 2571 288 2624; x_wconf 79' lang='lat' dir='ltr'><strong>falsa</strong></span> <span class='ocrx_word' id='word_1_290' title='bbox 312 2576 341 2622; x_wconf 90' lang='lat' dir='ltr'><strong>et</strong></span> <span class='ocrx_word' id='word_1_291' title='bbox 367 2577 505 2638; x_wconf 89' lang='lat' dir='ltr'><strong>corrupta</strong></span> <span class='ocrx_word' id='word_1_292' title='bbox 527 2568 661 2621; x_wconf 77' lang='lat' dir='ltr'><strong>rideturt</strong></span> <span class='ocrx_word' id='word_1_293' title='bbox 693 2569 742 2622; x_wconf 89' lang='lat' dir='ltr'><strong>sed</strong></span> <span class='ocrx_word' id='word_1_294' title='bbox 766 2569 819 2622; x_wconf 87' lang='lat' dir='ltr'><strong>illa</strong></span> <span class='ocrx_word' id='word_1_295' title='bbox 844 2571 905 2622; x_wconf 91' lang='lat' dir='ltr'><strong>eius</strong></span> <span class='ocrx_word' id='word_1_296' title='bbox 924 2569 1089 2640; x_wconf 87' lang='lat' dir='ltr'><strong>scriptionis</strong></span> <span class='ocrx_word' id='word_1_297' title='bbox 1115 2570 1283 2639; x_wconf 82' lang='lat' dir='ltr'><strong>defensione</strong></span> <span class='ocrx_word' id='word_1_298' title='bbox 1295 2568 1376 2621; x_wconf 75' lang='lat' dir='ltr'><strong>nihil</strong></span> 
     </span>
     <span class='ocr_line' id='line_1_33' title="bbox 238 2639 1097 2694; baseline -0.002 0"><span class='ocrx_word' id='word_1_299' title='bbox 238 2639 321 2694; x_wconf 85' lang='lat' dir='ltr'><strong>rofici</strong></span> <span class='ocrx_word' id='word_1_300' title='bbox 339 2644 450 2692; x_wconf 86' lang='lat' dir='ltr'><strong>c&#39;en&#39;seo.</strong></span> <span class='ocrx_word' id='word_1_301' title='bbox 643 2685 646 2690; x_wconf 93' lang='lat'><em>.</em></span> <span class='ocrx_word' id='word_1_302' title='bbox 791 2679 797 2693; x_wconf 42' lang='grc' dir='ltr'><em>Ι</em></span> <span class='ocrx_word' id='word_1_303' title='bbox 1045 2659 1048 2665; x_wconf 72' lang='grc'>’</span> <span class='ocrx_word' id='word_1_304' title='bbox 1094 2651 1097 2659; x_wconf 85' lang='grc'><strong>“</strong></span> 
     </span>
     <span class='ocr_line' id='line_1_34' title="bbox 217 2659 1376 2781; baseline -0.001 -17"><span class='ocrx_word' id='word_1_305' title='bbox 217 2659 237 2714; x_wconf 68' lang='lat' dir='ltr'>P</span> <span class='ocrx_word' id='word_1_306' title='bbox 280 2711 337 2773; x_wconf 70' lang='lat' dir='ltr'><strong>JV,</strong></span> <span class='ocrx_word' id='word_1_307' title='bbox 355 2713 400 2775; x_wconf 82' lang='lat'><strong>31,</strong></span> <span class='ocrx_word' id='word_1_308' title='bbox 419 2711 467 2765; x_wconf 81' lang='lat'><strong>66:</strong></span> <span class='ocrx_word' id='word_1_309' title='bbox 487 2714 514 2762; x_wconf 88' lang='lat' dir='ltr'><strong>et</strong></span> <span class='ocrx_word' id='word_1_310' title='bbox 531 2716 563 2763; x_wconf 85' lang='lat' dir='ltr'><strong>ot</strong></span> <span class='ocrx_word' id='word_1_311' title='bbox 581 2707 667 2764; x_wconf 84' lang='lat' dir='ltr'><strong>nimis</strong></span> <span class='ocrx_word' id='word_1_312' title='bbox 685 2709 792 2781; x_wconf 71' lang='lat' dir='ltr'><strong>afflicti</strong></span> <span class='ocrx_word' id='word_1_313' title='bbox 809 2711 951 2766; x_wconf 84' lang='lat' dir='ltr'><strong>molesti</strong></span> <span class='ocrx_word' id='word_1_314' title='bbox 957 2726 992 2778; x_wconf 92' lang='lat' dir='ltr'><strong>o,</strong></span> <span class='ocrx_word' id='word_1_315' title='bbox 1010 2710 1053 2766; x_wconf 83' lang='lat' dir='ltr'><strong>sio</strong></span> <span class='ocrx_word' id='word_1_316' title='bbox 1069 2710 1156 2767; x_wconf 83' lang='lat' dir='ltr'><strong>nimis</strong></span> <span class='ocrx_word' id='word_1_317' title='bbox 1175 2710 1247 2766; x_wconf 86' lang='lat' dir='ltr'><strong>eloti</strong></span> <span class='ocrx_word' id='word_1_318' title='bbox 1265 2711 1376 2766; x_wconf 85' lang='lat' dir='ltr'><strong>laetitio</strong></span> 
     </span>
     <span class='ocr_line' id='line_1_35' title="bbox 219 2779 1379 2848; baseline -0.002 -12"><span class='ocrx_word' id='word_1_319' title='bbox 219 2780 285 2836; x_wconf 82' lang='lat' dir='ltr'><strong>irre</strong></span> <span class='ocrx_word' id='word_1_320' title='bbox 302 2780 466 2843; x_wconf 78' lang='lat' dir='ltr'><strong>iudicentur</strong></span> <span class='ocrx_word' id='word_1_321' title='bbox 484 2779 565 2834; x_wconf 88' lang='lat' dir='ltr'><strong>leves.</strong></span> <span class='ocrx_word' id='word_1_322' title='bbox 600 2781 642 2833; x_wconf 90' lang='lat' dir='ltr'><strong>De</strong></span> <span class='ocrx_word' id='word_1_323' title='bbox 659 2780 799 2835; x_wconf 89' lang='lat' dir='ltr'><strong>hocloco</strong></span> <span class='ocrx_word' id='word_1_324' title='bbox 817 2783 932 2836; x_wconf 81' lang='lat' dir='ltr'><strong>Klotzio</strong></span> <span class='ocrx_word' id='word_1_325' title='bbox 960 2784 1146 2846; x_wconf 72' lang='lat' dir='ltr'><strong>assentientes</strong></span> <span class='ocrx_word' id='word_1_326' title='bbox 1163 2784 1222 2835; x_wconf 86' lang='lat' dir='ltr'><strong>iam</strong></span> <span class='ocrx_word' id='word_1_327' title='bbox 1240 2783 1273 2834; x_wconf 89' lang='lat' dir='ltr'><strong>in</strong></span> <span class='ocrx_word' id='word_1_328' title='bbox 1291 2798 1379 2848; x_wconf 81' lang='lat' dir='ltr'><strong>anno·</strong></span> 
     </span>
     <span class='ocr_line' id='line_1_36' title="bbox 219 2843 1378 2923; baseline 0 -17"><span class='ocrx_word' id='word_1_329' title='bbox 219 2843 328 2919; x_wconf 77' lang='lat' dir='ltr'><strong>tatione&#39;</strong></span> <span class='ocrx_word' id='word_1_330' title='bbox 346 2850 439 2906; x_wconf 84' lang='lat' dir='ltr'><strong>locuti</strong></span> <span class='ocrx_word' id='word_1_331' title='bbox 457 2869 561 2904; x_wconf 90' lang='lat' dir='ltr'><strong>sumus.</strong></span> <span class='ocrx_word' id='word_1_332' title='bbox 598 2851 679 2905; x_wconf 82' lang='lat' dir='ltr'><strong>Idem</strong></span> <span class='ocrx_word' id='word_1_333' title='bbox 699 2852 852 2906; x_wconf 88' lang='lat' dir='ltr'><strong>dicendum</strong></span> <span class='ocrx_word' id='word_1_334' title='bbox 875 2853 910 2907; x_wconf 91' lang='lat' dir='ltr'><strong>de</strong></span> <span class='ocrx_word' id='word_1_335' title='bbox 931 2854 1028 2906; x_wconf 79' lang='lat' dir='ltr'><strong>verbis</strong></span> <span class='ocrx_word' id='word_1_336' title='bbox 1048 2855 1174 2907; x_wconf 91' lang='lat' dir='ltr'><strong>eiusdem</strong></span> <span class='ocrx_word' id='word_1_337' title='bbox 1198 2854 1271 2906; x_wconf 83' lang='lat' dir='ltr'><strong>loci:</strong></span> <span class='ocrx_word' id='word_1_338' title='bbox 1296 2860 1378 2923; x_wconf 79' lang='lat' dir='ltr'><strong>otqae</strong></span> 
     </span>
     <span class='ocr_line' id='line_1_37' title="bbox 219 2920 1377 2992; baseline -0.002 -14"><span class='ocrx_word' id='word_1_339' title='bbox 219 2931 249 2978; x_wconf 84' lang='lat' dir='ltr'><strong>tlt</strong></span> <span class='ocrx_word' id='word_1_340' title='bbox 266 2922 448 2990; x_wconf 71' lang='lat' dir='ltr'><strong>confidere</strong></span> <span class='ocrx_word' id='word_1_341' title='bbox 466 2923 553 2989; x_wconf 85' lang='lat' dir='ltr'><strong>decet,</strong></span> <span class='ocrx_word' id='word_1_342' title='bbox 572 2920 670 2976; x_wconf 85' lang='lat' dir='ltr'><strong>timere</strong></span> <span class='ocrx_word' id='word_1_343' title='bbox 688 2939 742 2976; x_wconf 82' lang='lat' dir='ltr'><strong>ooo</strong></span> <span class='ocrx_word' id='word_1_344' title='bbox 759 2924 850 2977; x_wconf 75' lang='lat' dir='ltr'><strong>decet:</strong></span> <span class='ocrx_word' id='word_1_345' title='bbox 873 2923 914 2977; x_wconf 84' lang='lat' dir='ltr'><strong>sic</strong></span> <span class='ocrx_word' id='word_1_346' title='bbox 939 2925 1064 2992; x_wconf 81' lang='lat' dir='ltr'><strong>gaudere</strong></span> <span class='ocrx_word' id='word_1_347' title='bbox 1086 2926 1173 2991; x_wconf 91' lang='lat' dir='ltr'><strong>decet,</strong></span> <span class='ocrx_word' id='word_1_348' title='bbox 1196 2925 1301 2980; x_wconf 86' lang='lat' dir='ltr'><strong>loelori</strong></span> <span class='ocrx_word' id='word_1_349' title='bbox 1326 2941 1377 2976; x_wconf 83' lang='lat' dir='ltr'><strong>non</strong></span> 
     </span>
     <span class='ocr_line' id='line_1_38' title="bbox 221 2993 1378 3068; baseline -0.003 -19"><span class='ocrx_word' id='word_1_350' title='bbox 221 2996 320 3050; x_wconf 82' lang='lat' dir='ltr'><strong>decel.&#39;&#39;</strong></span> <span class='ocrx_word' id='word_1_351' title='bbox 343 2993 473 3068; x_wconf 79' lang='lat' dir='ltr'><strong>Egregie</strong></span> <span class='ocrx_word' id='word_1_352' title='bbox 496 2993 624 3046; x_wconf 85' lang='lat' dir='ltr'><strong>defendit</strong></span> <span class='ocrx_word' id='word_1_353' title='bbox 647 2994 703 3046; x_wconf 89' lang='lat' dir='ltr'><strong>iam</strong></span> <span class='ocrx_word' id='word_1_354' title='bbox 728 2994 760 3046; x_wconf 89' lang='lat' dir='ltr'><strong>in</strong></span> <span class='ocrx_word' id='word_1_355' title='bbox 778 2995 993 3060; x_wconf 86' lang='lat' dir='ltr'><strong>Quaestionibus</strong></span> <span class='ocrx_word' id='word_1_356' title='bbox 1016 2996 1160 3049; x_wconf 81' lang='lat' dir='ltr'><strong>Tullianis</strong></span> <span class='ocrx_word' id='word_1_357' title='bbox 1183 2997 1316 3049; x_wconf 83' lang='lat' dir='ltr'><strong>Klotzius</strong></span> <span class='ocrx_word' id='word_1_358' title='bbox 1341 2996 1378 3047; x_wconf 92' lang='lat' dir='ltr'><strong>li·</strong></span> 
     </span>
     <span class='ocr_line' id='line_1_39' title="bbox 220 3065 1377 3137; baseline 0 -19"><span class='ocrx_word' id='word_1_359' title='bbox 220 3066 340 3118; x_wconf 86' lang='lat' dir='ltr'><strong>brorum</strong></span> <span class='ocrx_word' id='word_1_360' title='bbox 351 3065 539 3135; x_wconf 78' lang='lat' dir='ltr'><strong>scriptionem</strong></span> <span class='ocrx_word' id='word_1_361' title='bbox 552 3072 654 3116; x_wconf 88' lang='lat' dir='ltr'><strong>centra</strong></span> <span class='ocrx_word' id='word_1_362' title='bbox 668 3065 801 3117; x_wconf 80' lang='lat' dir='ltr'><strong>virorum</strong></span> <span class='ocrx_word' id='word_1_363' title='bbox 813 3065 984 3118; x_wconf 89' lang='lat' dir='ltr'><strong>criticorum</strong></span> <span class='ocrx_word' id='word_1_364' title='bbox 997 3067 1176 3120; x_wconf 84' lang='lat' dir='ltr'><strong>coniecturas</strong></span> <span class='ocrx_word' id='word_1_365' title='bbox 1187 3066 1227 3137; x_wconf 90' lang='lat' dir='ltr'><strong>(p.</strong></span> <span class='ocrx_word' id='word_1_366' title='bbox 1236 3069 1287 3122; x_wconf 74' lang='grc'><strong>120</strong></span> <span class='ocrx_word' id='word_1_367' title='bbox 1294 3067 1377 3137; x_wconf 78' lang='lat' dir='ltr'><strong>sqq).</strong></span> 
     </span>
     <span class='ocr_line' id='line_1_40' title="bbox 292 3134 1379 3207; baseline 0.003 -19"><span class='ocrx_word' id='word_1_368' title='bbox 292 3135 372 3190; x_wconf 62' lang='lat' dir='ltr'><strong>lissi).</strong></span> <span class='ocrx_word' id='word_1_369' title='bbox 386 3137 441 3190; x_wconf 61' lang='lat'><strong>⁴24:</strong></span> <span class='ocrx_word' id='word_1_370' title='bbox 459 3134 491 3187; x_wconf 83' lang='lat' dir='ltr'><strong>in</strong></span> <span class='ocrx_word' id='word_1_371' title='bbox 509 3141 540 3187; x_wconf 86' lang='lat' dir='ltr'><strong>e&#39;o</strong></span> <span class='ocrx_word' id='word_1_372' title='bbox 559 3137 644 3187; x_wconf 84' lang='lat' dir='ltr'><strong>eliam</strong></span> <span class='ocrx_word' id='word_1_373' title='bbox 662 3135 748 3200; x_wconf 84' lang='lat' dir='ltr'><strong>[libro</strong></span> <span class='ocrx_word' id='word_1_374' title='bbox 766 3136 992 3207; x_wconf 80' lang='lat' dir='ltr'><strong>Theophrastus]</strong></span> <span class='ocrx_word' id='word_1_375' title='bbox 1014 3145 1131 3207; x_wconf 80' lang='lat' dir='ltr'><strong>putator</strong></span> <span class='ocrx_word' id='word_1_376' title='bbox 1147 3137 1252 3201; x_wconf 82' lang='lat' dir='ltr'><strong>dicere,</strong></span> <span class='ocrx_word' id='word_1_377' title='bbox 1275 3141 1308 3192; x_wconf 83' lang='lat' dir='ltr'><strong>io</strong></span> <span class='ocrx_word' id='word_1_378' title='bbox 1332 3155 1379 3191; x_wconf 90' lang='lat' dir='ltr'><strong>ro·</strong></span> 
     </span>
     <span class='ocr_line' id='line_1_41' title="bbox 156 3205 1379 3276; baseline 0 -15"><span class='ocrx_word' id='word_1_379' title='bbox 156 3229 159 3236; x_wconf 91' lang='lat'>·</span> <span class='ocrx_word' id='word_1_380' title='bbox 222 3211 294 3268; x_wconf 76' lang='lat' dir='ltr'><strong>tom,</strong></span> <span class='ocrx_word' id='word_1_381' title='bbox 310 3205 418 3258; x_wconf 87' lang='lat' dir='ltr'><strong>idest</strong></span> <span class='ocrx_word' id='word_1_382' title='bbox 435 3205 733 3274; x_wconf 77' lang='lat' dir='ltr'><strong>genusqroddom</strong></span> <span class='ocrx_word' id='word_1_383' title='bbox 751 3209 1045 3276; x_wconf 79' lang='lat' dir='ltr'><strong>tormenti-epod</strong></span> <span class='ocrx_word' id='word_1_384' title='bbox 1068 3209 1243 3274; x_wconf 71' lang='lat' dir='ltr'><strong>Graecos,</strong></span> <span class='ocrx_word' id='word_1_385' title='bbox 1270 3210 1379 3263; x_wconf 58' lang='lat' dir='ltr'><strong>&amp;atem</strong></span> 
     </span>
     <span class='ocr_line' id='line_1_42' title="bbox 221 3275 1379 3347; baseline 0.003 -18"><span class='ocrx_word' id='word_1_386' title='bbox 221 3275 317 3329; x_wconf 80' lang='lat' dir='ltr'><strong>silom.</strong></span> <span class='ocrx_word' id='word_1_387' title='bbox 329 3292 384 3329; x_wconf 86' lang='lat' dir='ltr'><strong>noo</strong></span> <span class='ocrx_word' id='word_1_388' title='bbox 401 3275 561 3329; x_wconf 58' lang='lat' dir='ltr'><strong>escenderem</strong></span> <span class='ocrx_word' id='word_1_389' title='bbox 579 3276 706 3329; x_wconf 86' lang='lat' dir='ltr'><strong>.Tuetur</strong></span> <span class='ocrx_word' id='word_1_390' title='bbox 723 3278 854 3331; x_wconf 82' lang='lat' dir='ltr'><strong>Klotzius</strong></span> <span class='ocrx_word' id='word_1_391' title='bbox 879 3280 967 3332; x_wconf 85' lang='lat' dir='ltr'><strong>rerba</strong></span> <span class='ocrx_word' id='word_1_392' title='bbox 984 3280 1018 3332; x_wconf 89' lang='lat' dir='ltr'><strong>id</strong></span> <span class='ocrx_word' id='word_1_393' title='bbox 1036 3286 1077 3332; x_wconf 88' lang='lat' dir='ltr'><strong>est</strong></span> <span class='ocrx_word' id='word_1_394' title='bbox 1096 3306 1130 3321; x_wconf 82' lang='lat'>-</span> <span class='ocrx_word' id='word_1_395' title='bbox 1148 3279 1285 3346; x_wconf 75' lang='lat' dir='ltr'><strong>Graecos,</strong></span> <span class='ocrx_word' id='word_1_396' title='bbox 1306 3296 1379 3347; x_wconf 83' lang='lat' dir='ltr'><strong>qnae</strong></span> 
     </span>
     <span class='ocr_line' id='line_1_43' title="bbox 222 3346 1380 3418; baseline 0.003 -18"><span class='ocrx_word' id='word_1_397' title='bbox 222 3363 274 3401; x_wconf 85' lang='lat' dir='ltr'><strong>nos</strong></span> <span class='ocrx_word' id='word_1_398' title='bbox 293 3346 438 3414; x_wconf 87' lang='lat' dir='ltr'><strong>eiecimus.</strong></span> <span class='ocrx_word' id='word_1_399' title='bbox 476 3348 606 3399; x_wconf 75' lang='lat' dir='ltr'><strong>Peimum</strong></span> <span class='ocrx_word' id='word_1_400' title='bbox 628 3347 669 3399; x_wconf 90' lang='lat' dir='ltr'><strong>ait</strong></span> <span class='ocrx_word' id='word_1_401' title='bbox 693 3365 751 3401; x_wconf 88' lang='lat' dir='ltr'><strong>esse</strong></span> <span class='ocrx_word' id='word_1_402' title='bbox 777 3351 858 3402; x_wconf 88' lang='lat' dir='ltr'><strong>ea-in</strong></span> <span class='ocrx_word' id='word_1_403' title='bbox 876 3350 993 3418; x_wconf 86' lang='lat' dir='ltr'><strong>optimis</strong></span> <span class='ocrx_word' id='word_1_404' title='bbox 1011 3350 1105 3414; x_wconf 88' lang='lat' dir='ltr'><strong>libris,</strong></span> <span class='ocrx_word' id='word_1_405' title='bbox 1127 3350 1230 3411; x_wconf 84' lang='lat' dir='ltr'><strong>deiude</strong></span> <span class='ocrx_word' id='word_1_406' title='bbox 1252 3368 1380 3404; x_wconf 88' lang='lat' dir='ltr'><strong>necessa-</strong></span> 
     </span>
     <span class='ocr_line' id='line_1_44' title="bbox 223 3419 1381 3492; baseline 0.002 -21"><span class='ocrx_word' id='word_1_407' title='bbox 223 3419 307 3484; x_wconf 85' lang='lat' dir='ltr'><strong>riam,</strong></span> <span class='ocrx_word' id='word_1_408' title='bbox 324 3426 403 3471; x_wconf 88' lang='lat' dir='ltr'><strong>certe</strong></span> <span class='ocrx_word' id='word_1_409' title='bbox 422 3421 483 3470; x_wconf 83' lang='lat' dir='ltr'><strong>non</strong></span> <span class='ocrx_word' id='word_1_410' title='bbox 500 3431 739 3487; x_wconf 81' lang='lat' dir='ltr'><strong>supervacaneam</strong></span> <span class='ocrx_word' id='word_1_411' title='bbox 762 3420 851 3475; x_wconf 86' lang='lat' dir='ltr'><strong>fuisse</strong></span> <span class='ocrx_word' id='word_1_412' title='bbox 872 3420 948 3473; x_wconf 87' lang='lat' dir='ltr'><strong>hane</strong></span> <span class='ocrx_word' id='word_1_413' title='bbox 975 3422 1197 3492; x_wconf 87' lang='lat' dir='ltr'><strong>explicationem</strong></span> <span class='ocrx_word' id='word_1_414' title='bbox 1212 3422 1381 3476; x_wconf 84' lang='lat' dir='ltr'><strong>&#39;lectoribus</strong></span> 
     </span>
     <span class='ocr_line' id='line_1_45' title="bbox 223 3489 1380 3614; baseline 0.001 -69"><span class='ocrx_word' id='word_1_415' title='bbox 223 3489 366 3554; x_wconf 79' lang='lat' dir='ltr'><strong>Romanis,</strong></span> <span class='ocrx_word' id='word_1_416' title='bbox 394 3489 503 3559; x_wconf 87' lang='lat' dir='ltr'><strong>quippe</strong></span> <span class='ocrx_word' id='word_1_417' title='bbox 531 3489 633 3558; x_wconf 87' lang='lat' dir='ltr'><strong>quibus</strong></span> <span class='ocrx_word' id='word_1_418' title='bbox 650 3490 708 3543; x_wconf 93' lang='lat' dir='ltr'><strong>hoc</strong></span> <span class='ocrx_word' id='word_1_419' title='bbox 726 3492 866 3543; x_wconf 89' lang='lat' dir='ltr'><strong>tormenti</strong></span> <span class='ocrx_word' id='word_1_420' title='bbox 884 3509 974 3614; x_wconf 75' lang='lat' dir='ltr'><strong>genus</strong></span> <span class='ocrx_word' id='word_1_421' title='bbox 994 3493 1126 3565; x_wconf 83' lang='lat' dir='ltr'><strong>ignotum</strong></span> <span class='ocrx_word' id='word_1_422' title='bbox 1145 3501 1227 3561; x_wconf 85' lang='lat' dir='ltr'><strong>esset,</strong></span> <span class='ocrx_word' id='word_1_423' title='bbox 1254 3494 1380 3562; x_wconf 83' lang='lat' dir='ltr'><strong>denique</strong></span> 
     </span>
     <span class='ocr_line' id='line_1_46' title="bbox 223 3560 1382 3637; baseline 0.002 -23"><span class='ocrx_word' id='word_1_424' title='bbox 223 3560 318 3614; x_wconf 90' lang='lat' dir='ltr'><strong>solere</strong></span> <span class='ocrx_word' id='word_1_425' title='bbox 337 3560 507 3613; x_wconf 86' lang='lat' dir='ltr'><strong>Ciceronem</strong></span> <span class='ocrx_word' id='word_1_426' title='bbox 531 3577 737 3630; x_wconf 86' lang='lat' dir='ltr'><strong>nonnunquam</strong></span> <span class='ocrx_word' id='word_1_427' title='bbox 763 3561 863 3632; x_wconf 91' lang='lat' dir='ltr'><strong>paullo</strong></span> <span class='ocrx_word' id='word_1_428' title='bbox 902 3563 1036 3637; x_wconf 86' lang='lat' dir='ltr'><strong>ongiores</strong></span> <span class='ocrx_word' id='word_1_429' title='bbox 1061 3572 1089 3615; x_wconf 86' lang='lat' dir='ltr'><strong>et</strong></span> <span class='ocrx_word' id='word_1_430' title='bbox 1113 3582 1213 3616; x_wconf 86' lang='lat' dir='ltr'><strong>rerum</strong></span> <span class='ocrx_word' id='word_1_431' title='bbox 1232 3572 1261 3616; x_wconf 89' lang='lat' dir='ltr'><strong>et</strong></span> <span class='ocrx_word' id='word_1_432' title='bbox 1279 3564 1382 3618; x_wconf 81' lang='lat' dir='ltr'><strong>&#39;verbo-</strong></span> 
     </span>
     <span class='ocr_line' id='line_1_47' title="bbox 223 3631 1382 3705; baseline 0.003 -22"><span class='ocrx_word' id='word_1_433' title='bbox 223 3647 290 3684; x_wconf 88' lang='lat' dir='ltr'><strong>rum</strong></span> <span class='ocrx_word' id='word_1_434' title='bbox 310 3631 515 3701; x_wconf 81' lang='lat' dir='ltr'><strong>explicationes</strong></span> <span class='ocrx_word' id='word_1_435' title='bbox 533 3631 666 3684; x_wconf 87' lang='lat' dir='ltr'><strong>inlibris</strong></span> <span class='ocrx_word' id='word_1_436' title='bbox 684 3632 896 3702; x_wconf 77' lang='lat' dir='ltr'><strong>adducendum</strong></span> <span class='ocrx_word' id='word_1_437' title='bbox 915 3634 1085 3705; x_wconf 88' lang='lat' dir='ltr'><strong>conscriptis</strong></span> <span class='ocrx_word' id='word_1_438' title='bbox 1100 3635 1296 3705; x_wconf 87' lang='lat' dir='ltr'><strong>interponere.</strong></span> <span class='ocrx_word' id='word_1_439' title='bbox 1316 3637 1382 3687; x_wconf 91' lang='lat' dir='ltr'><strong>Non</strong></span> 
     </span>
     <span class='ocr_line' id='line_1_48' title="bbox 223 3701 1382 3776; baseline 0.003 -22"><span class='ocrx_word' id='word_1_440' title='bbox 223 3718 304 3756; x_wconf 87' lang='lat' dir='ltr'><strong>eram</strong></span> <span class='ocrx_word' id='word_1_441' title='bbox 320 3701 426 3754; x_wconf 89' lang='lat' dir='ltr'><strong>harum</strong></span> <span class='ocrx_word' id='word_1_442' title='bbox 444 3703 590 3756; x_wconf 90' lang='lat' dir='ltr'><strong>rationum</strong></span> <span class='ocrx_word' id='word_1_443' title='bbox 607 3703 771 3765; x_wconf 87' lang='lat' dir='ltr'><strong>immemor,</strong></span> <span class='ocrx_word' id='word_1_444' title='bbox 794 3707 920 3757; x_wconf 80' lang='lat' dir='ltr'><strong>cumea</strong></span> <span class='ocrx_word' id='word_1_445' title='bbox 936 3706 1025 3758; x_wconf 81' lang='lat' dir='ltr'><strong>verba</strong></span> <span class='ocrx_word' id='word_1_446' title='bbox 1044 3706 1191 3772; x_wconf 81' lang='lat' dir='ltr'><strong>eiicerem,</strong></span> <span class='ocrx_word' id='word_1_447' title='bbox 1214 3708 1310 3776; x_wconf 78' lang='lat' dir='ltr'><strong>iisque</strong></span> <span class='ocrx_word' id='word_1_448' title='bbox 1334 3705 1382 3758; x_wconf 90' lang='lat' dir='ltr'><strong>de·</strong></span> 
     </span>
     <span class='ocr_line' id='line_1_49' title="bbox 224 3771 1383 3847; baseline 0.003 -22"><span class='ocrx_word' id='word_1_449' title='bbox 224 3788 282 3826; x_wconf 90' lang='lat' dir='ltr'><strong>nuo</strong></span> <span class='ocrx_word' id='word_1_450' title='bbox 301 3773 465 3842; x_wconf 87' lang='lat' dir='ltr'><strong>ponderatis</strong></span> <span class='ocrx_word' id='word_1_451' title='bbox 483 3771 611 3827; x_wconf 86' lang='lat' dir='ltr'><strong>nondum</strong></span> <span class='ocrx_word' id='word_1_452' title='bbox 635 3782 731 3826; x_wconf 84' lang='lat' dir='ltr'><strong>tamen</strong></span> <span class='ocrx_word' id='word_1_453' title='bbox 748 3776 819 3827; x_wconf 80' lang='lat' dir='ltr'><strong>iacti</strong></span> <span class='ocrx_word' id='word_1_454' title='bbox 836 3777 985 3846; x_wconf 88' lang='lat' dir='ltr'><strong>poenitere</strong></span> <span class='ocrx_word' id='word_1_455' title='bbox 1010 3777 1115 3847; x_wconf 90' lang='lat' dir='ltr'><strong>coepit.</strong></span> <span class='ocrx_word' id='word_1_456' title='bbox 1153 3776 1292 3830; x_wconf 83' lang='lat' dir='ltr'><strong>Liberum</strong></span> <span class='ocrx_word' id='word_1_457' title='bbox 1319 3776 1383 3828; x_wconf 87' lang='lat' dir='ltr'><strong>cui·</strong></span> 
     </span>
     <span class='ocr_line' id='line_1_50' title="bbox 226 3844 1383 3915; baseline 0.003 -19"><span class='ocrx_word' id='word_1_458' title='bbox 226 3851 282 3914; x_wconf 83' lang='lat' dir='ltr'><strong>que&#39;</strong></span> <span class='ocrx_word' id='word_1_459' title='bbox 301 3862 383 3897; x_wconf 89' lang='lat' dir='ltr'><strong>suum</strong></span> <span class='ocrx_word' id='word_1_460' title='bbox 403 3852 461 3897; x_wconf 89' lang='lat' dir='ltr'><strong>esto</strong></span> <span class='ocrx_word' id='word_1_461' title='bbox 477 3845 642 3902; x_wconf 45' lang='lat' dir='ltr'><strong>iudicium*</strong></span> <span class='ocrx_word' id='word_1_462' title='bbox 667 3844 743 3897; x_wconf 82' lang='lat' dir='ltr'><strong>Mihi</strong></span> <span class='ocrx_word' id='word_1_463' title='bbox 764 3845 883 3915; x_wconf 85' lang='lat' dir='ltr'><strong>quidem</strong></span> <span class='ocrx_word' id='word_1_464' title='bbox 907 3847 1035 3912; x_wconf 81' lang='lat' dir='ltr'><strong>ridetur,</strong></span> <span class='ocrx_word' id='word_1_465' title='bbox 1063 3865 1121 3901; x_wconf 90' lang='lat' dir='ltr'><strong>esse</strong></span> <span class='ocrx_word' id='word_1_466' title='bbox 1149 3849 1180 3900; x_wconf 91' lang='lat' dir='ltr'><strong>in</strong></span> <span class='ocrx_word' id='word_1_467' title='bbox 1198 3848 1282 3900; x_wconf 85' lang='lat' dir='ltr'><strong>libris</strong></span> <span class='ocrx_word' id='word_1_468' title='bbox 1299 3855 1383 3901; x_wconf 84' lang='lat' dir='ltr'><strong>retu·</strong></span> 
     </span>
     <span class='ocr_line' id='line_1_51' title="bbox 225 3915 1383 3987; baseline 0.002 -19"><span class='ocrx_word' id='word_1_469' title='bbox 225 3923 280 3968; x_wconf 89' lang='lat' dir='ltr'><strong>stas</strong></span> <span class='ocrx_word' id='word_1_470' title='bbox 300 3916 388 3968; x_wconf 88' lang='lat' dir='ltr'><strong>etiam</strong></span> <span class='ocrx_word' id='word_1_471' title='bbox 431 3915 526 3968; x_wconf 85' lang='lat' dir='ltr'><strong>lossas.</strong></span> <span class='ocrx_word' id='word_1_472' title='bbox 544 3924 575 3969; x_wconf 86' lang='lat' dir='ltr'><strong>et</strong></span> <span class='ocrx_word' id='word_1_473' title='bbox 598 3915 717 3984; x_wconf 88' lang='lat' dir='ltr'><strong>antiqua</strong></span> <span class='ocrx_word' id='word_1_474' title='bbox 734 3932 940 3987; x_wconf 83' lang='lat' dir='ltr'><strong>nonnunquam</strong></span> <span class='ocrx_word' id='word_1_475' title='bbox 966 3919 1172 3973; x_wconf 82' lang='lat' dir='ltr'><strong>additamenta:</strong></span> <span class='ocrx_word' id='word_1_476' title='bbox 1205 3920 1310 3973; x_wconf 87' lang='lat' dir='ltr'><strong>deinde</strong></span> <span class='ocrx_word' id='word_1_477' title='bbox 1326 3918 1383 3970; x_wconf 86' lang='lat' dir='ltr'><strong>hoo</strong></span> 
     </span>
     <span class='ocr_line' id='line_1_52' title="bbox 225 3933 1383 4062; baseline 0.002 -23"><span class='ocrx_word' id='word_1_478' title='bbox 225 3987 300 4050; x_wconf 88' lang='lat' dir='ltr'><strong>loco,</strong></span> <span class='ocrx_word' id='word_1_479' title='bbox 320 3986 352 4038; x_wconf 87' lang='lat' dir='ltr'><strong>in</strong></span> <span class='ocrx_word' id='word_1_480' title='bbox 368 3933 463 4039; x_wconf 68' lang='lat' dir='ltr'><strong>media</strong></span> <span class='ocrx_word' id='word_1_481' title='bbox 480 3987 561 4056; x_wconf 82' lang='lat' dir='ltr'><strong>quasi</strong></span> <span class='ocrx_word' id='word_1_482' title='bbox 578 3988 722 4040; x_wconf 82' lang='lat' dir='ltr'><strong>sententia</strong></span> <span class='ocrx_word' id='word_1_483' title='bbox 740 3988 839 4058; x_wconf 83' lang='lat' dir='ltr'><strong>paullo</strong></span> <span class='ocrx_word' id='word_1_484' title='bbox 855 3989 991 4062; x_wconf 80' lang='lat' dir='ltr'><strong>graviore</strong></span> <span class='ocrx_word' id='word_1_485' title='bbox 1003 3999 1032 4042; x_wconf 90' lang='lat' dir='ltr'><strong>et</strong></span> <span class='ocrx_word' id='word_1_486' title='bbox 1044 3991 1195 4044; x_wconf 86' lang='lat' dir='ltr'><strong>audaciore</strong></span> <span class='ocrx_word' id='word_1_487' title='bbox 1205 3989 1383 4062; x_wconf 83' lang='lat' dir='ltr'><strong>exponenda,</strong></span> 
     </span>
     <span class='ocr_line' id='line_1_53' title="bbox 224 4057 1383 4146; baseline 0.002 -36"><span class='ocrx_word' id='word_1_488' title='bbox 224 4057 301 4110; x_wconf 90' lang='lat' dir='ltr'><strong>miro</strong></span> <span class='ocrx_word' id='word_1_489' title='bbox 320 4057 443 4127; x_wconf 73' lang='lat' dir='ltr'><strong>quodam</strong></span> <span class='ocrx_word' id='word_1_490' title='bbox 466 4057 685 4134; x_wconf 55' lang='lat' dir='ltr'><strong>modo-*frigere</strong></span> <span class='ocrx_word' id='word_1_491' title='bbox 704 4067 734 4111; x_wconf 91' lang='lat' dir='ltr'><strong>et</strong></span> <span class='ocrx_word' id='word_1_492' title='bbox 752 4059 846 4112; x_wconf 90' lang='lat' dir='ltr'><strong>alieno</strong></span> <span class='ocrx_word' id='word_1_493' title='bbox 870 4059 957 4130; x_wconf 86' lang='lat' dir='ltr'><strong>plane</strong></span> <span class='ocrx_word' id='word_1_494' title='bbox 980 4060 1044 4114; x_wconf 91' lang='lat' dir='ltr'><strong>loco</strong></span> <span class='ocrx_word' id='word_1_495' title='bbox 1067 4062 1181 4114; x_wconf 89' lang='lat' dir='ltr'><strong>intrudi</strong></span> <span class='ocrx_word' id='word_1_496' title='bbox 1209 4080 1271 4116; x_wconf 85' lang='lat' dir='ltr'><strong>eam</strong></span> <span class='ocrx_word' id='word_1_497' title='bbox 1291 4061 1383 4146; x_wconf 82' lang='lat' dir='ltr'><strong>expli·</strong></span> 
     </span>
     <span class='ocr_line' id='line_1_54' title="bbox 226 4128 1384 4199; baseline 0.003 -19"><span class='ocrx_word' id='word_1_498' title='bbox 226 4128 369 4182; x_wconf 86' lang='lat' dir='ltr'><strong>sationem</strong></span> <span class='ocrx_word' id='word_1_499' title='bbox 393 4128 694 4183; x_wconf 68' lang='lat' dir='ltr'><strong>existimo.·iFerrem</strong></span> <span class='ocrx_word' id='word_1_500' title='bbox 717 4130 749 4182; x_wconf 90' lang='lat' dir='ltr'><strong>in</strong></span> <span class='ocrx_word' id='word_1_501' title='bbox 767 4131 838 4183; x_wconf 85' lang='lat' dir='ltr'><strong>iacti</strong></span> <span class='ocrx_word' id='word_1_502' title='bbox 865 4131 985 4184; x_wconf 86' lang='lat' dir='ltr'><strong>alicuius</strong></span> <span class='ocrx_word' id='word_1_503' title='bbox 1008 4134 1204 4199; x_wconf 87' lang='lat' dir='ltr'><strong>enarratione,</strong></span> <span class='ocrx_word' id='word_1_504' title='bbox 1240 4133 1334 4187; x_wconf 82' lang='lat' dir='ltr'><strong>veluti</strong></span> <span class='ocrx_word' id='word_1_505' title='bbox 1359 4130 1384 4184; x_wconf 87' lang='lat' dir='ltr'><strong>si</strong></span> 
     </span>
     <span class='ocr_line' id='line_1_55' title="bbox 226 4199 1386 4276; baseline 0.002 -23"><span class='ocrx_word' id='word_1_506' title='bbox 226 4199 375 4253; x_wconf 84' lang='lat' dir='ltr'><strong>retulisset</strong></span> <span class='ocrx_word' id='word_1_507' title='bbox 391 4199 493 4253; x_wconf 85' lang='lat' dir='ltr'><strong>Cicero</strong></span> <span class='ocrx_word' id='word_1_508' title='bbox 510 4199 716 4271; x_wconf 87' lang='lat' dir='ltr'><strong>philosophum</strong></span> <span class='ocrx_word' id='word_1_509' title='bbox 733 4201 861 4271; x_wconf 85' lang='lat' dir='ltr'><strong>aliquem</strong></span> <span class='ocrx_word' id='word_1_510' title='bbox 879 4220 896 4255; x_wconf 90' lang='lat' dir='ltr'><strong>a</strong></span> <span class='ocrx_word' id='word_1_511' title='bbox 913 4205 1037 4273; x_wconf 53' lang='lat' dir='ltr'><strong>mnne</strong></span> <span class='ocrx_word' id='word_1_512' title='bbox 1056 4205 1152 4275; x_wconf 82' lang='lat' dir='ltr'><strong>aliquo</strong></span> <span class='ocrx_word' id='word_1_513' title='bbox 1170 4214 1296 4276; x_wconf 88' lang='lat' dir='ltr'><strong>propter</strong></span> <span class='ocrx_word' id='word_1_514' title='bbox 1312 4204 1386 4257; x_wconf 83' lang='lat' dir='ltr'><strong>lihe-</strong></span> 
     </span>
     <span class='ocr_line' id='line_1_56' title="bbox 228 4268 1384 4346; baseline 0.003 -24"><span class='ocrx_word' id='word_1_515' title='bbox 228 4268 337 4322; x_wconf 88' lang='lat' dir='ltr'><strong>riorem</strong></span> <span class='ocrx_word' id='word_1_516' title='bbox 355 4284 518 4324; x_wconf 84' lang='lat' dir='ltr'><strong>sermonem</strong></span> <span class='ocrx_word' id='word_1_517' title='bbox 535 4271 570 4323; x_wconf 88' lang='lat' dir='ltr'><strong>ad</strong></span> <span class='ocrx_word' id='word_1_518' title='bbox 588 4280 682 4326; x_wconf 89' lang='lat' dir='ltr'><strong>rotam</strong></span> <span class='ocrx_word' id='word_1_519' title='bbox 700 4289 761 4339; x_wconf 84' lang='lat' dir='ltr'><strong>esse</strong></span> <span class='ocrx_word' id='word_1_520' title='bbox 778 4271 918 4327; x_wconf 82' lang='lat' dir='ltr'><strong>adactism.</strong></span> <span class='ocrx_word' id='word_1_521' title='bbox 941 4274 986 4329; x_wconf 90' lang='lat' dir='ltr'><strong>lbi</strong></span> <span class='ocrx_word' id='word_1_522' title='bbox 1004 4275 1038 4340; x_wconf 88' lang='lat' dir='ltr'><strong>si,</strong></span> <span class='ocrx_word' id='word_1_523' title='bbox 1058 4277 1128 4346; x_wconf 87' lang='lat' dir='ltr'><strong>quid</strong></span> <span class='ocrx_word' id='word_1_524' title='bbox 1147 4285 1220 4328; x_wconf 90' lang='lat' dir='ltr'><strong>esset</strong></span> <span class='ocrx_word' id='word_1_525' title='bbox 1237 4285 1312 4344; x_wconf 86' lang='lat' dir='ltr'><strong>rota,</strong></span> <span class='ocrx_word' id='word_1_526' title='bbox 1329 4274 1384 4327; x_wconf 84' lang='lat' dir='ltr'><strong>tali</strong></span> 
     </span>
     <span class='ocr_line' id='line_1_57' title="bbox 228 4339 1385 4412; baseline 0.008 -21"><span class='ocrx_word' id='word_1_527' title='bbox 228 4339 422 4394; x_wconf 85' lang='lat' dir='ltr'><strong>additamento</strong></span> <span class='ocrx_word' id='word_1_528' title='bbox 442 4343 612 4412; x_wconf 87' lang='lat' dir='ltr'><strong>explicasset</strong></span> <span class='ocrx_word' id='word_1_529' title='bbox 630 4344 741 4409; x_wconf 81' lang='lat' dir='ltr'><strong>Cicero,</strong></span> <span class='ocrx_word' id='word_1_530' title='bbox 768 4361 817 4398; x_wconf 91' lang='lat' dir='ltr'><strong>suo</strong></span> <span class='ocrx_word' id='word_1_531' title='bbox 837 4354 865 4398; x_wconf 93' lang='lat' dir='ltr'><strong>et</strong></span> <span class='ocrx_word' id='word_1_532' title='bbox 881 4346 959 4399; x_wconf 88' lang='lat' dir='ltr'><strong>iusto</strong></span> <span class='ocrx_word' id='word_1_533' title='bbox 972 4348 1040 4399; x_wconf 87' lang='lat' dir='ltr'><strong>loco</strong></span> <span class='ocrx_word' id='word_1_534' title='bbox 1059 4347 1089 4399; x_wconf 89' lang='lat' dir='ltr'><strong>id</strong></span> <span class='ocrx_word' id='word_1_535' title='bbox 1110 4348 1220 4400; x_wconf 78' lang='lat' dir='ltr'><strong>sactum</strong></span> <span class='ocrx_word' id='word_1_536' title='bbox 1247 4365 1307 4402; x_wconf 87' lang='lat' dir='ltr'><strong>esse</strong></span> <span class='ocrx_word' id='word_1_537' title='bbox 1325 4346 1385 4400; x_wconf 80' lang='lat' dir='ltr'><strong>exi·</strong></span> 
     </span>
     <span class='ocr_line' id='line_1_58' title="bbox 228 4410 1383 4491; baseline 0.011 -29"><span class='ocrx_word' id='word_1_538' title='bbox 228 4410 396 4466; x_wconf 78' lang='lat' dir='ltr'><strong>stimarsm:</strong></span> <span class='ocrx_word' id='word_1_539' title='bbox 413 4430 496 4466; x_wconf 78' lang='lat' dir='ltr'><strong>nnnc</strong></span> <span class='ocrx_word' id='word_1_540' title='bbox 509 4430 567 4468; x_wconf 89' lang='lat' dir='ltr'><strong>non</strong></span> <span class='ocrx_word' id='word_1_541' title='bbox 585 4416 676 4490; x_wconf 82' lang='lat' dir='ltr'><strong>magis</strong></span> <span class='ocrx_word' id='word_1_542' title='bbox 694 4424 792 4486; x_wconf 82' lang='lat' dir='ltr'><strong>aptum</strong></span> <span class='ocrx_word' id='word_1_543' title='bbox 809 4415 934 4483; x_wconf 79' lang='lat' dir='ltr'><strong>ridetur,</strong></span> <span class='ocrx_word' id='word_1_544' title='bbox 954 4418 1075 4488; x_wconf 85' lang='lat' dir='ltr'><strong>quamsi</strong></span> <span class='ocrx_word' id='word_1_545' title='bbox 1089 4434 1175 4488; x_wconf 88' lang='lat' dir='ltr'><strong>supra</strong></span> <span class='ocrx_word' id='word_1_546' title='bbox 1193 4423 1216 4475; x_wconf 94' lang='lat'><strong>1.</strong></span> <span class='ocrx_word' id='word_1_547' title='bbox 1227 4418 1383 4491; x_wconf 74' lang='lat' dir='ltr'><strong>dd-p·³³l‚</strong></span> 
     </span>
    </p>
   </div>
   <div class='ocr_carea' id='block_1_3' title="bbox 0 0 1447 5084">
    <p class='ocr_par' dir='ltr' id='par_1_3' title="bbox 0 0 1447 5084">
     <span class='ocr_line' id='line_1_59' title="bbox 0 0 1447 5084; baseline 0 0"><span class='ocrx_word' id='word_1_548' title='bbox 0 0 1447 5084; x_wconf 95' lang='lat' dir='ltr'><strong> </strong></span> 
     </span>
    </p>
   </div>
  </div>
 </body>
</html>
