2856 5084
188 283 228 346 u
343 342 351 357 ,
376 276 1129 349 o1oanou1stuscumun1srumr.
1224 242 1229 263 ”

184 446 308 511 animis
336 449 444 509 offusa
474 448 584 533 caligo
610 455 671 525 est,
702 446 791 527 quod
819 452 886 510 tam
915 448 1014 532 longe
1047 456 1142 510 retro
1169 445 1338 527 respicere

184 549 253 591 non
274 538 422 612 possunt,
447 549 507 592 nec
528 548 636 605 oos,.a
659 531 776 611 quibus
797 533 869 592 vita
890 530 1062 591 hominnm
1083 530 1248 590 instructa
1268 530 1338 611 pri·

26 621 30 632 ‘
66 672 72 680 ,
182 613 326 688 missit,
348 614 447 672 fuisse
468 611 684 694 philosophos
704 612 926 676 arbitrantur.

33 736 36 740 -
139 693 162 755 3
264 694 369 757 Quam
386 693 462 754 'rem
485 695 745 775 antiquissimam
768 713 868 774 quum
880 692 1065 770 videamus,
1087 710 1209 753 nomeu
1228 701 1338 753 tamen

140 777 166 828 ⁷·
187 794 257 837 esse
294 775 494 836 confitemur
528 789 673 837 recens'
704 775 793 835 Nam
827 777 1024 856 sapientiam
1064 774 1196 857 quidem
1232 770 1339 855 ipsam

184 859 257 939 quis
279 876 402 941 negare
423 865 534 938 potest
555 855 732 918 noumodo
755 876 792 918 rc
815 861 1075 938 esseantiquam,
1096 876 1214 917 verum
1236 858 1339 918 etiam

183 941 345 1001 nomine?
377 959 462 1022 quae
490 937 681 1000 divinarum
709 938 1144 1022 humanarumquererum,
1171 947 1241 998 tum
1271 940 1338 998 ini·

252 1137 301 1174 nec
319 1137 372 1188 eos,
392 1135 409 1172 a
428 1118 529 1190 quidue
545 1121 606 1173 otta
624 1117 762 1173 bominum
780 1117 923 1172 instructu
939 1117 1048 1187 primia
1060 1119 1120 1186 sit]
1147 1119 1222 1184 „Sic
1240 1121 1338 1172 Victo-

182 1191 222 1244 rii
241 1191 340 1256 editio,
367 1192 416 1245 cui
442 1194 590 1260 συμφωνεῖ
604 1191 723 1243 Palatia.
752 1197 844 1260 quart.
871 1189 964 1259 quint.
989 1190 1041 1258 qui
1065 1190 1215 1263 primum
1233 1193 1279 1244 ait.
1308 1199 1339 1243 at

136 1283 139 1294 ·
181 1261 270 1332 prim.
291 1276 309 1313 a
327 1262 429 1332 quibua
445 1265 539 1330 primo
558 1277 582 1312 u.
603 1258 790 1317 binemus:
809 1256 857 1313 ait.¹
876 1262 968 1329 quint.
989 1259 1125 1312 instructu
1146 1260 1269 1329 primum
1287 1260 1355 1313 sit.'

182 1332 274 1406 vulgo
293 1335 408 1399 primo
431 1332 502 1384 sit.“
527 1329 609 1385 cett.
646 1331 806 1396 „Primis
830 1330 878 1395 sit,
902 1339 936 1383 ut
960 1330 1031 1383 olim
1055 1330 1146 1385 edidit
1168 1331 1278 1383 Victor.
1307 1339 1338 1383 et

183 1401 271 1453 illum
290 1411 403 1455 secutus
420 1403 567 1455 Vascosan.
587 1401 673 1454 habet
686 1401 814 1471 Gryphii
832 1401 914 1453 liber.
931 1399 1046 1470 primo
1064 1399 1111 1452 eit.
1132 1401 1184 1454 alii
1202 1401 1339 1476 legunt.“
1404 1394 1412 1412 '

182 1473 267 1525 Brut.
306 1474 414 1537 „Unus
432 1472 511 1525 Leid.
529 1471 679 1541 primum
697 1472 745 1536 sit,
764 1472 837 1524 alius
853 1471 968 1538 primo
995 1473 1041 1524 sit.
1078 1471 1244 1524 Nonnullae
1262 1472 1334 1524 Edd.

184 1543 215 1594 in
233 1542 288 1611 his!
299 1542 366 1594 Rob.
382 1543 486 1614 steph.
507 1541 644 1596 exhibent
658 1543 763 1609 priua
780 1541 828 1594 ait.
866 1541 1009 1610 Equidem
1028 1542 1181 1616 legendum
1202 1542 1336 1595 existimo

180 1611 296 1683 primi
303 1619 359 1665 tua
377 1614 426 1678 sit,-
442 1622 477 1667 ut
495 1622 537 1667 est
555 1612 587 1664 in
604 1629 667 1664 mea
685 1612 739 1665 Ed.
757 1612 839 1669 vet.“
857 1609 946 1666 Boni.
984 1612 1049 1664 Cod.
1069 1611 1158 1666 Rehd.
1184 1611 1270 1666 habet
1287 1611 1337 1665 lto·

182 1686 287 1738 minum
304 1683 363 1737 vita
381 1685 564 1738 instituto.
586 1683 683 1738 Duisb.
701 1685 793 1750 primo
810 1678 949 1735 instructa
968 1683 1022 1746 sit,-
1041 1683 1115 1736 Gud.
1126 1683 1198 1756 Aug.
1218 1690 1337 1753 etunus

155 1798 160 1803 ,
183 1757 233 1808 Ox.
258 1771 325 1806 cum
351 1755 432 1807 Vind.
454 1759 478 1811 l.
501 1751 640 1822 primum:
670 1760 729 1806 tres
754 1755 823 1807 Oxx.
850 1754 923 1806 Gud.
943 1755 969 1808 2.
998 1757 1072 1805 Μοιι.
1093 1757 1119 1810 2.
1146 1755 1240 1821 primo
1269 1771 1336 1805 cuin
1398 1762 1411 1781 ·

181 1841 273 1897 marg.
295 1824 370 1879 Crat.
391 1828 427 1878 Μ.
447 1827 479 1878 [ι.
499 1823 614 1877 Lambb.
635 1823 721 1880 Goth.
740 1823 806 1876 Ald.
826 1824 911 1876 Leod.
930 1823 1011 1879 Boul.
1031 1824 1094 1877 Car.
1118 1823 1218 1894 Steph.
1238 1823 1335 1892 sylb.;

81 1949 84 1952 ,
180 1897 262 1964 priua
279 1894 385 1949 habent
403 1895 475 1948 Edd.
495 1894 529 1947 A.
547 1895 578 1948 Β.
599 1892 627 1949 S.
648 1895 682 1946 E.
702 1895 732 1947 G.
752 1896 824 1947 Van.
844 1903 933 1947 nostr.
952 1895 1016 1949 Asc.
1038 1899 1062 1948 1.
1081 1897 1106 1950 2'.
1127 1895 1225 1958 Junt.;
1248 1894 1334 1946 Codd.

110 2028 113 2032 Δ
182 1966 269 2019 Marb.
291 1974 320 2018 et
338 1969 412 2018 Mon.
434 1970 458 2020 l.
477 1964 583 2018 babent
597 1963 740 2032 primitus,
763 1973 797 2016 ut
813 1964 926 2018 volebat
942 1964 1045 2029 Bouh.,
1069 1982 1241 2034 quamquam
1264 1965 1336 2019 haec

181 2052 238 2090 vox
255 2053 291 2088 ne
311 2036 500 2089 Ciceroniana
518 2035 635 2106 quidem
654 2042 705 2086 est.
743 2035 778 2087 ln
797 2035 865 2088 uod.
884 2034 971 2088 Marb.
991 2034 1069 2087 deest
1087 2037 1184 2100 fuisse.
1220 2035 1281 2087 Mr.

254 2106 321 2175 Cap.
341 2110 368 2162 3.
407 2108 571 2173 Οιιαιιι,νσιιι
588 2104 812 2175 antiquissimam
830 2120 911 2172 qaum
928 2105 1094 2172 videamua]
1130 2105 1260 2157 Barbaris
1275 2105 1336 2158 eius

182 2176 312 2251 origines
338 2175 615 2248 ipsijadsoribebant
642 2176 759 2240 Graeci,
789 2184 862 2229 teste
886 2177 969 2248 Diog.
995 2177 1090 2240 Lairt.
1119 2179 1248 2231 Prooem.
1271 2193 1334 2247 prc.

183 2248 264 2312 cuius
288 2246 322 2299 ad
349 2249 497 2370 sequentia
520 2247 578 2298 huc
604 2247 724 2310 iaciunt,
758 2263 831 2316 quae
858 2247 934 2299 idem
956 2247 1058 2369 posuit
1081 2247 1151 2298 ibid.
1176 2247 1255 2299 Vlll.
1284 2250 1334 2302 122

185 2320 358 2388 φιλοσοφίαν
394 2316 532 2389 inquiror
550 2314 683 2383 ὠνόμασε
698 2314 875 2386 Πυθαγόρας,
894 2320 938 2370 καὶ
970 2316 1054 2370 αυτὸν
1078 2315 1231 2388 φιλόσοφον
1249 2343 1282 2354 --
1302 2348 1335 2359 -

184 2388 292 2456 μηδένα
309 2384 364 2458 γὰρ
380 2381 452 2442 εἶναι
470 2388 566 2458 σοφὸν
582 2389 742 2459 ἄνθρωπον,
759 2382 822 2439 ἀλλ’
839 2386 857 2453 ἢ
875 2386 952 2444 θεόν.
979 2392 1083 2440 θᾶττον
1101 2385 1131 2438 δὲ
1153 2384 1270 2440 ἐκαλεῖτο
1289 2402 1337 2440 σο-

185 2468 247 2548 pta,
267 2460 315 2511 acl·
331 2459 421 2528 σοφὸς
439 2460 456 2514 ὁ
475 2461 576 2526 ταύτην
585 2450 824 2525 ἐπαγγελλόμενος,
844 2456 876 2518 ὃς
893 2463 934 2524 εἴη
952 2455 989 2510 ἂν
1007 2458 1074 2510 aurat
1094 2455 1226 2528 ἀκρότητα
1243 2459 1337 2526 ψυχῆς

184 2524 423 2598 απηκριβωιὶένος·
442 2529 595 2600 φιλόσοφος
612 2527 645 2580 δὲ
662 2527 677 2580 ὁ
697 2536 801 2598 σοφίαν
817 2525 1017 2596 ἆσπαξόμενος.
1037 2527 1102 2579 Vid.
1123 2544 1194 2598 quae
1212 2528 1293 2581 adh.
1314 2529 1335 2586 l.

186 2601 328 2671 interprr.
349 2600 419 2656 Add.
440 2600 652 2654 Schneiderum
669 2598 701 2650 in
718 2601 786 2652 hex.
805 2617 833 2652 v.
854 2598 1022 2672 φιλοσοφέω.
1056 2596 1118 2651 Μν.

187 2720 190 2724 ·
258 2713 356 2751 nomen
374 2698 465 2751 tumet:
484 2699 644 2764 confitemur
661 2711 720 2749 ease
738 2695 854 2762 recens]
872 2697 961 2761 „Hoc
978 2692 1133 2749 maluimus
1149 2711 1215 2748 cum
1224 2695 1335 2749 Victor.

187 2775 217 2820 et
234 2768 354 2822 Palatia.
374 2768 467 2837 quint.
489 2769 529 2820 ita
546 2777 653 2835 tannen,
678 2774 712 2819 ut
730 2783 788 2818 non
806 2767 966 2837 improbem
984 2765 1159 2834 scripturam
1176 2783 1220 2835 pr.
1240 2783 1337 2821 nomeu

184 2845 277 2904 tamen
298 2838 359 2891 eius
376 2841 535 2904 confitemur
552 2837 678 2894 recens.“
697 2836 779 2895 Gabi.
804 2837 911 2908 Scripsi
931 2853 990 2890 esse
1007 2837 1165 2900 confitemur
1179 2854 1248 2889 ‘cum
1265 2838 1334 2893 Dav.

184 2925 221 2962 ex
239 2908 325 2964 cndd.
345 2910 417 2984 Reg.
437 2910 508 2962 Gud.
530 2912 553 2963 l.
575 2912 601 2964 2.
627 2908 713 2961 Marb.
741 2909 823 2960 Vind.
845 2913 869 2962 l.
888 2909 959 2961 Edd
980 2911 1010 2961 P.
1026 2911 1069 2962 Μ.
1089 2909 1121 2959 L.
1145 2908 1226 2961 Brut.
1247 2909 1335 2961 Goth.
1379 2930 1381 2933 ·

182 2980 268 3033 Laod.
289 2980 352 3033 Car.
373 2979 472 3050 Steph.
491 2979 573 3034 Boul.
593 2976 657 3031 Ald.
678 2978 758 3048 Sylb.
789 2979 928 3049 Reliquae
950 2978 1022 3034 Edd.
1048 2977 1154 3030 habent
1179 2981 1338 3044 confitemur

77 3061 89 3079 *
184 3050 254 3112 ease,
275 3051 403 3121 exceptis
421 3052 468 3104 Or.
489 3059 519 3103 et
536 3050 608 3102 Tbn.
633 3066 705 3120 quae
729 3048 878 3101 nobiscum
899 3050 1021 3114 faciunt,
1047 3057 1076 3101 et
1093 3047 1126 3100 A.
1156 3065 1228 3118 quae
1252 3048 1337 3102 habet

183 3123 394 3186 confiteamur
420 3136 485 3174 esse.
522 3121 594 3174 Tres
619 3121 688 3173 Oxx.
713 3120 854 3173 omittunt
881 3135 949 3187 esse,
974 3128 1033 3173 tres
1054 3118 1160 3172 habent
1185 3120 1246 3172 eius
1272 3120 1336 3173 loco

183 3191 244 3245 eius
263 3208 329 3244 cum
348 3191 421 3245 Gud.
442 3193 476 3244 ln
495 3191 562 3244 Cod.
582 3189 671 3244 Rehd.
691 3199 733 3242 est
750 3206 846 3242 recens
871 3206 930 3244 esse
954 3193 1124 3256 confitemur.
1161 3190 1197 3242 In
1214 3192 1337 3258 reliquis

183 3261 271 3317 Oodd.
307 3269 350 3314 est
382 3264 456 3328 conf.
488 3277 548 3315 ease
575 3269 609 3313 ut
644 3261 676 3313 in
706 3261 806 3312 inultis
825 3261 905 3314 ,Edu
942 3264 1008 3314 Mox
1037 3261 1124 3317 codd.
1153 3260 1228 3336 Aug.
1262 3261 1337 3314 Gud.v

140 3334 142 3338 ’
183 3332 269 3396 Vind.
289 3336 314 3388 1.
334 3349 404 3386 rem
422 3347 495 3385 esse
513 3332 667 3402 antiquom,
687 3330 762 3400 quod
781 3347 839 3383 non
857 3331 889 3383 in
906 3331 1038 3402 pluribus
1057 3331 1260 3397 ammireris,
1282 3349 1336 3401 pro

183 3419 227 3457 re
244 3420 267 3457 e.
287 3417 313 3454 a.
334 3391 400 3457 Cod.
421 3406 495 3456 Mon.
516 3406 541 3457 l.
562 3403 693 3471 reipsa
711 3401 863 3472 antiquam.
889 3401 942 3454 Ed.
962 3404 991 3466 R.
1016 3419 1070 3456 nou
1094 3418 1133 3455 re
1150 3403 1250 3456 modo
1276 3405 1338 3455 esse

184 3480 241 3526 unt.
277 3474 360 3527 Unus
379 3473 429 3529 Ox.
450 3473 576 3542 antiqua.
597 3473 671 3525 alius
689 3472 800 3525 omittit
818 3471 937 3526 nomine.
958 3474 1055 3526 Paullo
1074 3473 1205 3545 superius
1224 3472 1297 3530 Gud.
1309 3477 1337 3529 2.

185 3544 317 3613 quidam
334 3560 388 3615 pro
408 3545 539 3615 quidem
563 3544 624 3597 Mr‘.
1342 3577 1345 3584 ι

258 3615 333 3670 Quae
350 3631 423 3668 cum
440 3614 601 3669 divinorum
627 3612 858 3682 humanorumque
884 3613 990 3680 rerum]
1029 3611 1103 3679 „Sic
1126 3612 1184 3666 iam
1202 3615 1273 3668 olim
1292 3615 1337 3668 edi

185 3683 334 3750 iusseram,
361 3685 393 3737 in
416 3702 474 3756 quo
500 3685 575 3738 :nihi
597 3685 827 3756 obtemperatum
850 3695 900 3751 est,
926 3685 983 3736 nisi
1002 3684 1084 3753 quod
1114 3685 1258 3754 particula
1279 3693 1338 3739 tum

183 3764 252 3809 ante
274 3757 408 3826 citiusque
428 3754 475 3809 rei
501 3773 560 3808 non
581 3757 640 3808 fuit
659 3756 760 3809 deleta.
789 3773 855 3809 nam
882 3773 918 3809 ex
942 3755 1058 3824 antiqua
1081 3757 1235 3827 scriptura,
1265 3773 1337 3826 quae

184 3825 346 3881 nonhabet
364 3827 440 3881 illud
458 3833 514 3880 tum
533 3834 599 3878 ante
618 3825 783 3890 corbeius,
808 3843 881 3896 quae
907 3826 977 3891 dixi,
1009 3829 1140 3893 cuiusque
1162 3827 1220 3892 rei,
1250 3827 1337 3879 facile

182 3898 453 3963 animadverteram,
480 3897 530 3951 vel
557 3897 770 3965 imprudentem
792 3906 878 3967 atque
905 3907 1051 3950 errantem
1078 3897 1260 3968 scriptorem,
1287 3896 1338 3949 vel

183 3969 356 4039 prudentem
382 3977 411 4022 et
432 3969 498 4038 plus
524 3967 615 4019 nimio
642 3967 695 4019 sibi
717 3968 872 4030 fidentem,
904 3967 1009 4020 harum
1031 3969 1241 4039 particularum
1265 3982 1337 4033 cum,

183 4046 244 4092 tum
262 4040 395 4093 ordinem
412 4039 593 4108 perturbasse
611 4054 714 4107 easque
738 4053 797 4090 non
823 4039 880 4091 suis
900 4039 971 4092 locis
996 4040 1162 4093 collocasse:
1188 4038 1246 4102 sed,
1270 4055 1338 4091 cuin

185 4110 302 4164 deberet
321 4111 363 4163 ita
381 4110 520 4162 scribere:
547 4123 696 4177 quaecum
720 4109 775 4162 dio.
795 4107 1025 4182 humanorumque
1050 4127 1150 4174 rerum,
1175 4109 1336 4179 scripsisse:

184 4195 255 4249 quae
272 4179 431 4234 divinarum
451 4189 505 4233 etc.
524 4179 635 4242 deinde,
656 4196 722 4232 cum
741 4181 866 4234 scribere
884 4181 1018 4236 deberet:
1038 4190 1096 4235 tum
1113 4183 1260 4237 initiorum
1273 4196 1339 4233 cau-

184 4266 335 4320 sarumque
353 4252 481 4318 cuiusque
498 4251 543 4304 rei
560 4249 728 4318 cognitione,
748 4253 909 4322 scripsisse:
935 4259 993 4307 tum
1010 4252 1160 4307 initiorum
1177 4267 1339 4311 causarum-

185 4336 236 4389 que
252 4328 326 4374 tum
342 4320 478 4389 cuiusque
491 4320 538 4373 rei
555 4322 742 4388 cognitionat‘
759 4323 926 4379 Lambinus:
945 4341 1005 4380 our.
1025 4339 1081 4378 sec.

256 4392 333 4447 Quae
357 4396 425 4443 cum
454 4389 617 4445 diuinarum
641 4419 674 4432 -
698 4400 757 4448 tum
782 4394 955 4462 initimum}
987 4395 1036 4449 Sic
1059 4393 1212 4457 Lambinus
1239 4393 1339 4460 edidit,
