2856 5084
203 278 265 346 let
372 274 633 343 ¹CICERONIS
654 275 1156 346 tuscanamntsrttta‘r.
1238 274 1241 278 ’

201 444 312 507 inesse
331 440 374 504 'ed
394 441 523 504 beatam
543 439 665 504 vitaml
686 444 935 505 contrariorum
955 443 1044 505 enim
1072 443 1254 505 contraria
1280 453 1361 508 sunt

137 528 181 585 st.
206 527 452 606 consequentia.
494 524 568 589 Quo
590 525 664 587 laco
687 545 822 607 quaero,
844 545 942 607 qnam
963 527 1032 587 vim
1053 523 1173 587 habeat
1193 527 1279 589 libra
1300 530 1360 591 illa
1402 521 1405 524 ’

205 605 366 677 Critolai?
387 608 455 689 qui,
476 627 578 687 quum
598 608 633 668 in
655 607 795 669 alteram
816 609 945 669 lancem
967 608 1070 671 animi
1090 609 1177 672 bona
1198 609 1360 691 imponat,

204 692 241 753 in
272 691 414 754 alteram
453 691 609 773 corporis
647 699 681 752 et
718 699 868 771 externa,
894 697 1033 752 tantum
1067 691 1279 774 propendere
1316 693 1361 754 il-

203 858 300 912 autem
322 857 424 910 vocula
451 857 483 911 in
505 858 694 927 praecedente
717 858 803 912 litere
825 876 853 912 m
878 860 1011 930 absorpta
1036 860 1083 927 sit,
1114 860 1163 913 vel
1189 861 1222 913 in
1240 853 1360 918 eandem

203 929 320 982 literam
338 936 455 992 mutata,
481 944 539 981 non
564 936 607 983 est
634 929 709 999 quod
733 930 857 988 doceam.
893 931 968 984 Vide
996 932 1079 986 modo
1098 929 1214 1002 Sciopp.
1235 932 1269 986 de
1288 933 1361 988 Arte

204 999 277 1056 crit.
296 1017 326 1071 p·
346 1003 389 1055 51.
413 999 506 1052 Beier.
535 1000 569 1053 ad
592 999 652 1053 cic.
677 999 712 1054 de
738 1001 791 1055 Off.
817 1003 870 1055 111.
895 1004 921 1056 4.
941 1004 986 1058 2⁰.
1009 1021 1038 1072 p.
1067 1004 1130 1059 215.
1157 1004 1299 1077 Goerenz.
1326 1005 1362 1058 ad

203 1069 307 1124 Acadd.
326 1071 364 1123 11.
384 1073 427 1125 21.
448 1072 492 1125 68.
519 1087 547 1139 p.
568 1072 628 1126 12⁷.
654 1070 689 1123 ad
711 1071 746 1125 de
770 1072 856 1124 Finn.
882 1072 921 1128 11.
946 1075 972 1128 4.
1000 1076 1041 1129 13.
1067 1091 1087 1144 p
1119 1074 1179 1130 131.
1197 1073 1361 1141 Bouhierii‚

204 1159 289 1211 quam
307 1141 339 1193 in
357 1142 539 1195 annotatione
563 1142 673 1212 paullo,
687 1143 819 1213 superius
838 1143 1006 1214 expromit,
1034 1145 1176 1197 rationem
1195 1160 1252 1198 non
1270 1147 1362 1216 placi-

202 1221 300 1265 turam
317 1212 451 1264 existimo
470 1229 533 1265 rem
552 1212 713 1266 accuratius
731 1213 939 1284 perpendenti:
958 1231 1052 1284 neque
1070 1232 1136 1268 cum
1156 1216 1255 1269 eodem
1273 1220 1362 1272 eitam

203 1283 359 1337 abiecerim
380 1292 443 1352 post
468 1283 586 1347 beatam,
618 1301 790 1354 quamquam
815 1285 903 1336 etiam
927 1285 1004 1350 abest
1030 1286 1063 1338 ab
1090 1301 1148 1339 une
1167 1287 1218 1341 Ox„
1246 1296 1275 1340 et
1294 1288 1361 1341 Cod.

202 1355 287 1407 Vind.
296 1357 322 1410 1.
350 1354 418 1407 Non
432 1355 513 1412 enim
531 1362 598 1406 sunt
615 1355 648 1406 hi
666 1354 736 1406 libri
755 1355 904 1421 eiusmodi,
923 1364 966 1418 ut,
984 1373 1042 1409 non
1060 1356 1261 1410 accedentibus
1279 1376 1362 1428 prae·

204 1425 397 1488 mutieribus,
429 1424 465 1476 iis
491 1425 578 1478 iidem
599 1424 705 1478 habere
726 1426 828 1495 possis:
856 1426 969 1478 etiamsi
994 1425 1118 1480 habeant
1143 1445 1359 1499 nonnunquam,

204 1496 281 1565 qnod
304 1512 362 1548 non
385 1495 545 1565 displiceat.
588 1496 725 1549 Ceterum
744 1495 771 1560 i.
792 1501 835 1551 53.
867 1498 910 1553 bis
932 1497 1046 1582 legitur
1074 1500 1114 1552 ad
1142 1500 1222 1552 beate
1244 1517 1297 1569 pro
1323 1503 1362 1553 ad

202 1569 280 1621 iente
298 1568 451 1621 vivendum.
487 1565 569 1618 Alius
587 1567 637 1622 Ox.
658 1567 690 1618 in
710 1568 850 1637 proximis
863 1569 989 1640 ,omittit
1015 1569 1103 1622 enims
1130 1570 1262 1641 absorpto
1279 1571 1362 1624 vide-

203 1636 275 1692 licet
293 1637 354 1690 eius
372 1636 543 1708 compendio
560 1638 650 1691 litera
674 1639 869 1692 antecedente.
908 1640 967 1692 Mr.
1161 1686 1163 1690 Α
1338 1641 1347 1654 “

275 1708 333 1765 Quo
355 1709 416 1762 loco
442 1722 556 1779 quaero,
580 1723 661 1776 paam
684 1708 740 1761 eim
758 1741 791 1752 -
812 1708 954 1763 Critolai?
1004 1709 1068 1766 Vim
1092 1708 1195 1763 tatere
1214 1727 1272 1764 esse
1291 1710 1311 1768 i.
1331 1722 1380 1783 q.'

203 1780 302 1834 docere
318 1780 419 1850 prebat
438 1779 598 1833 Oebsnerus
616 1780 650 1832 ad
669 1779 729 1832 cic.
749 1780 871 1854 Eclogg,
898 1798 929 1904 8.
950 1783 1011 1836 13.
1044 1798 1080 1834 ex
1095 1781 1198 1843 Tusco.
1219 1782 1241 1835 1.
1261 1785 1307 1839 22.
1327 1785 1362 1837 de

204 1851 259 1907 eff.
279 1851 331 1903 111.
352 1854 379 1906 9.
415 1850 459 1902 Ad
482 1850 655 1904 sententiam
678 1851 793 1904 confert
811 1839 873 1908 Cic.
918 1850 1004 1904 eon.
1026 1853 1064 1904 11.
1084 1853 1127 1907 15.
1147 1851 1231 1904 libet.
1249 1852 1286 1905 ad
1302 1853 1365 1908 He·

204 1938 287 1976 renn.
313 1920 365 1976 111.
392 1923 418 1976 C.
454 1921 497 1975 De
523 1920 744 1989 libraCritolai
769 1922 900 1976 Perizon.
930 1921 965 1975 ad
988 1920 1099 1976 Aelian.
1128 1924 1162 1974 V.
1182 1924 1217 1975 11.
1243 1924 1296 1976 111.
1319 1929 1362 1980 17.

203 2011 232 2064 p.
252 1997 314 2051 239.
334 2010 375 2063 sq.
395 1992 549 2046 Beroaldus
568 1992 603 2045 ad
619 1991 649 2045 h.
663 1993 684 2044 l.
703 1991 788 2047 haec:
809 1993 866 2059 „ln
884 1992 938 2045 illa
956 1992 1049 2045 nobili
1067 1993 1160 2045 trium
1177 1993 1366 2077 pbilosopho-

205 2080 272 2117 rum
297 2064 469 2140 legatione,
490 2080 576 2133 quam
603 2062 793 2118 Athenienses
811 2066 930 2118 Romam
957 2065 1110 2129 miserunt,
1145 2066 1203 2116 fust
1221 2065 1365 2119 Critolaus

204 2135 423 2206 Peripateticus.
443 2166 476 2178 -
513 2136 583 2187 tuit
606 2140 702 2187 autem
725 2134 777 2188 his
800 2134 942 2187 Critolaus
965 2134 1099 2187 facundia
1125 2135 1196 2187 s'cita
1220 2143 1250 2188 et
1274 2137 1377 2190 tereti·

204 2206 364 2277 praeditus:
399 2205 461 2275 qui,
484 2206 584 2257 volens
609 2204 757 2258 ostendere
785 2213 893 2275 quanto
920 2206 1029 2258 maiora
1056 2214 1150 2260 essent
1176 2205 1248 2258 bona
1273 2208 1364 2259 animi

204 2279 286 2334 bonis
304 2278 434 2348 corporis
453 2285 481 2328 et
499 2277 643 2347 fortunae,
673 2275 808 2328 utebatur
832 2274 886 2327 hac
905 2276 996 2328 librae
1020 2277 1223 2341 similitudine,
1257 2277 1292 2330 de
1310 2297 1365 2347 qua

206 2349 237 2402 in
255 2351 290 2402 V.
310 2349 344 2402 de
364 2348 482 2400 Finibus
501 2343 543 2399 sic
560 2347 702 2417 scriptum
722 2354 763 2398 est
783 2345 820 2411 [c.
834 2345 914 2421 §ll-lt
944 2346 1069 2401 Virtutis
1087 2352 1179 2419 antem
1198 2349 1367 2414 amplitudi-

204 2431 266 2473 aern
283 2421 366 2488 qnasi
383 2418 414 2471 in
432 2418 524 2470 altera
542 2417 633 2471 librae
651 2418 730 2471 lance
747 2432 827 2484 pone.
867 2417 994 2482 Terram,
1010 2417 1091 2480 „milti
1114 2419 1206 2483 crede,
1239 2434 1271 2471 ea
1296 2419 1366 2473 lana

95 2510 97 2514 ·
205 2497 233 2544 et
249 2491 344 2543 meria
363 2489 507 2556 deprimet.
545 2487 694 2542 Sententia
713 2496 768 2541 est:
797 2504 864 2540 cum
883 2487 1025 2541 Critolaus
1053 2497 1083 2542 et
1105 2489 1279 2543 Xenocrates
1303 2498 1369 2542 tan-

205 2570 269 2615 tum
286 2561 416 2614 tribuant
433 2559 549 2623 virtuti,
569 2558 640 2626 quid
657 2556 791 2629 prohibet
804 2575 850 2611 eos
868 2575 927 2611 non
937 2574 1045 2628 ponere
1062 2561 1155 2612 vitam
1172 2559 1367 2612 beatissimam

205 2633 237 2684 in
262 2633 392 2684 virtute?
427 2630 478 2683 llli
506 2629 585 2682 enim
609 2629 710 2682 dicunt
735 2628 847 2682 beatam
865 2629 956 2682 vitam
973 2631 1053 2682 eiflci
1075 2629 1197 2694 virtute,
1232 2629 1282 2681 sed
1306 2646 1367 2680 non

205 2701 411 2756 beatissimam:
432 2699 569 2770 quoniam
586 2699 744 2752 necessaria
763 2708 831 2752 sunt
848 2700 921 2753 bona
939 2701 1070 2770 corporis
1092 2709 1122 2754 st
1138 2701 1293 2772 fortunaep
1304 2699 1368 2752 sine

204 2773 308 2842 quibus
341 2771 565 2824 cumulatissime
589 2769 857 2840 perfectissimaque
890 2770 1011 2822 beatitas
1040 2770 1120 2842 effici
1154 2786 1213 2822 non
1245 2769 1369 2838 possit.“

205 2845 342 2899 Ceterum
365 2841 479 2897 ridde
501 2841 576 2893 libra
604 2840 727 2894 Critolai
753 2841 889 2894 Beierum
917 2839 952 2892 ad
977 2841 1036 2894 Cic.
1060 2840 1095 2894 de
1121 2839 1177 2894 off.
1197 2839 1252 2892 111.
1272 2843 1298 2894 8.
1320 2843 1367 2896 35.

203 2933 233 2986 p.
253 2918 315 2971 241.
335 2912 404 2965 (lod.
425 2915 501 2964 Mon.
524 2915 546 2965 1.
566 2929 633 2964 oum
652 2926 710 2964 uno
730 2911 780 2965 Ox.
799 2911 885 2964 habet
904 2911 1003 2976 libera,
1022 2911 1106 2982 prior
1123 2909 1275 2976 Critolai,
1294 2910 1367 2963 alius

205 2988 256 3040 Ox.
276 2980 457 3046 Aristotelis3
483 2983 537 3034 duo
555 2983 628 3035 bona
650 2988 834 3050 anteponat,
872 2997 997 3050 quorum
1015 2999 1089 3034 unus
1106 2981 1205 3054 pergit
1224 2980 1256 3033 in
1276 2983 1368 3035 attere

207 3072 338 3181 flolrpge.
352 3054 463 3178 MQua'e
494 3054 554 3106 sint
584 3061 702 3106 externa
736 3052 893 3123 exponitur
929 3051 994 3105 loco
1019 3052 1134 3106 laudato
1168 3050 1205 3104 ad
1237 3053 1364 3106 Herenn.

254 3166 260 3179 e
306 3163 313 3177 e
389 3141 412 3176 r·
439 3151 441 3156 ’
1417 3173 1419 3180 ,

228 3184 231 3190 ’
281 3198 399 3249 Tantam
416 3194 683 3317 pssopeadere'illam
699 3191 791 3246 animi
809 3189 927 3256 lancem]
960 3191 1009 3245 Sic
1026 3192 1135 3263 optime
1154 3190 1197 3246 Cl.
1211 3192 1368 3249 Bentleius.

207 3271 232 3321 V
321 3267 393 3320 doni.
460 3301 466 3314 ·
613 3277 616 3283 “
720 3283 732 3297 ⁶

233 3269 385 3392 Ulgtbrttam
412 3335 584 3404 propendere
610 3335 691 3389 illam
717 3333 796 3388 boni
819 3337 926 3388 lancem
948 3332 1046 3401 patet]
1082 3334 1147 3386 Vid.
1175 3332 1367 3387 Remi-ann.

207 3411 268 3477 „Le
291 3411 302 3460 i
318 3407 410 3461 velim
428 3407 509 3459 illam
527 3403 671 3464 bonesti
689 3405 803 3471 lancem,
821 3421 876 3475 pro
895 3420 952 3474 quo
971 3404 1036 3459 boni
1056 3422 1091 3458 ex
1108 3405 1269 3473 scripturae
1291 3419 1370 3455 cosn-

207 3429 314 3550 pendio
331 3478 468 3554 legerunt
486 3477 651 3546 imperiti.“
669 3475 755 3528 Bonis.
793 3477 898 3540 ,attam
920 3476 1084 3529 bonoram
1110 3476 1224 3545 animi
1246 3475 1370 3528 tanceas

208 3552 254 3604 lta
272 3552 370 3623 regius
389 3548 523 3618 optimus.
560 3546 621 3598 Alii
644 3546 692 3599 vel
716 3548 799 3600 boni
822 3546 930 3612 lancem
947 3547 1053 3598 habent
1073 3562 1140 3597 cum
1158 3546 1295 3628 vulgatis,
1309 3544 1371 3596 rel

210 3612 323 3676 animi
349 3617 485 3673 lancem.“
513 3616 628 3672 nartem.
666 3616 775 3681 „illam
798 3633 836 3668 sc.
861 3618 1052 3685 superiorem,
1083 3632 1155 3685 quae
1181 3615 1271 3667 animi
1298 3613 1371 3666 bona

208 3692 304 3757 habet.
341 3691 398 3744 Sed
425 3689 467 3742 ita
493 3689 557 3742 boni
585 3686 740 3740 redundat:
771 3704 825 3740 nec
855 3686 959 3739 melius
988 3696 1032 3740 est
1055 3686 1257 3738 Davisianum:
1288 3684 1371 3736 illam

210 3760 322 3821 enimi
345 3763 459 3816 lancem,
497 3760 610 3829 Optime
634 3756 692 3811 MS.
720 3759 789 3830 Reg.
809 3757 896 3810 Paris.
925 3758 1093 3810 bonorum
1120 3757 1234 3809 animi
1259 3755 1371 3820 lancem,
1410 3808 1420 3823 ⁴-

209 3836 286 3906 quod
303 3831 432 3902 recepi.“
453 3831 519 3883 lira.
556 3828 670 3892 „Verba
695 3827 827 3895 bonerum
845 3827 937 3881 animi
959 3828 1084 3903 glossam
1103 3828 1227 3898 sapiunt.
1265 3827 1374 3900 Vulga-

209 3914 274 3959 tum
298 3905 416 3973 quidem
441 3899 506 3954 boni
525 3909 577 3951 ‘aut
605 3916 641 3952 ex
664 3900 860 3964 antecedente,
880 3906 928 3949 aut
948 3916 963 3952 e
983 3902 1176 3967 consequente
1201 3897 1373 3964 decerptum

210 3978 305 4031 videri
325 3981 428 4044 potest.
465 3971 513 4024 Sic
531 3970 696 4024 Bentleium
714 3986 828 4040 quoque
847 3969 990 4022 censuisse
1008 3968 1126 4021 video.“
1144 3969 1258 4022 Nissen·
1282 3967 1375 4020 Unci-

211 4049 255 4101 nis
279 4046 399 4100 inclusit
422 4042 560 4104 wolfius,
590 4059 662 4112 quae
687 4049 803 4110 recepta
831 4048 913 4092 erant
931 4058 947 4092 a
966 4040 1156 4093 ballemanno
1185 4047 1214 4091 et
1236 4038 1373 4102 Ernesto,

209 4120 298 4173 verba
315 4119 450 4170 benarnae
468 4113 572 4171 animi:
603 4113 680 4166 idem
703 4113 774 4165 fecit
797 4110 963 4175 Schiitnius,
990 4111 1076 4180 plane
1102 4110 1189 4164 eiecit
1216 4108 1265 4161 Or.
1286 4108 1374 4176 idque

210 4193 320 4244 iactum
337 4184 555 4257 probatKilhn.,
575 4200 632 4236 non
651 4183 795 4252 improbat
814 4181 917 4237 Ochsn.
955 4182 1115 4235 servarunt
1134 4189 1293 4249 utrumque
1313 4180 1376 4232 sine

209 4260 325 4314 uncinis
343 4257 434 4311 Nobb.
455 4266 484 4309 et
501 4255 573 4312 Tbn.
597 4255 725 4318 Beierus,
755 4254 807 4323 qui
834 4253 950 4306 adhibet
978 4259 1109 4305 nostrum
1133 4252 1232 4304 locum
1258 4250 1321 4303 loco
1341 4249 1375 4301 de

212 4331 265 4386 Off.
286 4329 341 4382 111.
361 4329 388 4382 4.
409 4330 451 4383 18.
479 4327 544 4392 [ubi
569 4335 625 4380 est:
654 4340 741 4393 neque
765 4340 798 4378 ea
821 4322 1004 4388 (commoda)
1028 4323 1125 4374 volunt
1146 4318 1377 4390 praeponderari

190 4419 196 4444 ¹
212 4400 385 4467 honestates]
412 4407 544 4452 nostrum
562 4398 660 4452 locum
678 4396 719 4449 ita
737 4395 848 4470 corrigi
870 4395 999 4448 volebat:
1024 4399 1134 4447 tantum
1148 4393 1377 4463 praeponde·
1399 4438 1423 4472 Ι.
