2856 5084
520 285 648 352 LIBER
669 287 715 368 V,
735 291 786 354 29.
1166 291 1227 359 17⁷

76 459 210 520 vincula
231 452 417 537 impediunt
433 448 536 517 ullius
548 454 659 515 certae
671 451 877 536 disciplinae,
901 453 1047 538 libasque
1063 450 1103 518 ex
1118 444 1226 520 omni-

54 562 57 568 ’
77 541 151 618 bus,
173 536 391 623 quodcunque
410 545 458 612 te⁴
472 537 612 598 maxime
641 537 751 614 specie
776 538 936 599 veritatis
960 541 1107 618 movet,)
1131 541 1226 624 ,quod

74 622 189 704 paullo
210 629 286 684 ante
307 620 548 701 Peripateticos
568 625 781 701 veteremque
793 617 1003 686 Academiam
1024 620 1156 684 hortari
1177 626 1224 700 vif
1287 639 1288 644 ’

18 701 22 708 ’
77 703 212 781 debere,
233 711 272 764 ut
293 704 365 764 sine
386 703 626 764 retractatione
646 700 752 762 libere
765 700 877 764 dicere
899 700 1072 782 auderent,
1094 708 1224 786 sapien-

75 796 127 849 tes
149 806 219 849 esse
239 803 371 868 semper
383 784 608 848 beatissimam
630 782 666 844 id
678 784 779 845 velim
793 782 925 860 audire,
948 783 1225 864 quemadmodum

75 867 129 929 his
150 877 246 949 putes
267 876 526 930 consentaneum
557 885 626 928 esse
653 863 689 927 id
718 863 839 929 dicere.
893 865 1004 928 Multa
1032 869 1228 932 animate

75 959 195 1012 contra
225 953 323 1012 istam
344 950 542 1011 sententiam
575 946 663 1010 dicta
694 957 783 1024 sunt,
816 956 853 1009 et·
871 947 1064 1012 Stoicorum
1093 953 1226 1015 ratione

71 1033 238 1096 conclusa.
292 1031 340 1094 M.
363 1030 507 1092 Utamur
539 1031 647 1114 igitur
678 1031 846 1108 libertate,
879 1053 942 1113 qua
971 1033 1067 1094 nobis
1088 1033 1169 1096 solis
1189 1035 1224 1095 in
1242 1051 1286 1106 83.

95 1114 284 1197 hilosophia
304 1114 384 1176 licet
405 1115 474 1175 uti:
496 1131 637 1194 quorum
658 1114 769 1175 oratio
790 1112 875 1174 nihil
902 1116 975 1195 ipsa
996 1112 1135 1195 iudicat,
1166 1116 1225 1179 sed
1302 1188 1304 1193 ¹

69 1134 215 1259 debetur
253 1198 291 1256 in
331 1201 450 1256 omnes
483 1203 612 1276 partes3
655 1202 706 1255 ‘ut
738 1195 885 1257 ab'aliis
917 1198 1023 1279 possit
1053 1199 1125 1280 ipsa
1162 1216 1225 1280 per

69 1297 152 1356 sese,
195 1279 321 1340 nullius
353 1277 555 1339 auctoritate
586 1275 753 1354 adiuncta,
792 1275 947 1344 indicari.
995 1279 1036 1340 Et
1067 1280 1225 1362 quoniam
1272 1329 1274 1332 -

66 1463 259 1531 impetrarem,
289 1463 345 1516 dno
371 1479 437 1518 cum
460 1467 536 1517 Mon.
555 1466 581 1518 2.
608 1463 714 1516 habent
742 1463 865 1538 glossam
891 1464 1044 1532 impetrare
1069 1493 1102 1506 —
1124 1467 1218 1536 celim,

67 1551 141 1604 quae
160 1542 282 1604 occupat
299 1534 370 1590 Edd.
389 1535 453 1589 fere
472 1550 579 1600 omnes,
599 1535 726 1603 exceptis
737 1551 828 1618 marg.
849 1534 925 1587 Crat.
937 1536 1010 1590 Vict.
1021 1537 1088 1589 liob·
1101 1538 1219 1609 stepha
1279 1535 1285 1540 ’
1312 1546 1313 1550 ’

65 1620 152 1659 nemo
169 1613 234 1674 post
252 1604 342 1658 Gebh.
362 1605 399 1658 ad
415 1605 499 1664 illam
516 1604 619 1657 rediit:
638 1605 688 1656 sed
705 1611 735 1657 at
753 1613 892 1657 omittunt
911 1614 1034 1674 quatuor
1051 1608 1121 1660 011.
1128 1610 1220 1664 aena.

68 1675 141 1732 Gud.
160 1675 231 1739 Edd.
252 1692 324 1745 quae
339 1675 449 1728 ¹habent
465 1675 619 1744 impetrare
638 1701 672 1711 -
690 1675 782 1739 celim,
803 1675 932 1744 itemque
950 1675 1019 1728 Dav.
1039 1678 1111 1732 Ern.
1131 1679 1217 1733 Soka.

66 1744 138 1800 Tbn.
158 1746 248 1799 Nobb.
269 1754 299 1799 et
315 1744 367 1797 hic
384 1746 502 1816 quidem
528 1762 647 1815 pravam
672 1745 785 1815 recepit
802 1747 921 1799 Ernesti
938 1746 1134 1815 parenthesin,
1163 1769 1219 1820 qna

65 1815 145 1868 nihil
170 1818 265 1868 minus
289 1824 332 1868 est
349 1816 579 1870 ciceronianum.
604 1814 672 1870 cna.
692 1815 782 1868 llehd.
801 1833 868 1868 cum
888 1816 962 1869 Gud.
981 1815 1067 1871 habet
1093 1819 1136 1873 sit
1161 1837 1220 1875 ma·

64 1887 175 1952 hetone,
194 1887 278 1957 prior
294 1887 394 1968 pergit
412 1895 443 1940 et
461 1887 600 1954 maeniana,
616 1895 688 1938 tum
705 1887 850 1955 posterior
873 1889 952 1940 nulla
970 1893 1006 1939 te.
1044 1888 1124 1954 Quod
1146 1891 1219 1944 dicit

65 1957 145 2010 auita
167 1963 194 2010 te
217 1956 330 2010 uincula
353 1957 516 2024 impediunt,
541 1958 575 2009 ad
599 1955 768 2010 Academiae
786 1956 952 2010 libertatem
979 1958 1109 2026 respicit,
1137 1962 1219 2014 cuius

64 2027 133 2094 hoc,
151 2027 230 2096 quod
246 2027 327 2093 dicit,
345 2028 499 2097 proprium
517 2036 586 2080 erat.
623 2029 684 2081 Mr.
710 2027 712 2031 ’
754 2060 758 2065 -
837 2045 841 2055 =
868 2059 871 2066 -
978 2062 980 2066 -
1009 2066 1011 2071 2
1075 2055 1078 2063 ι
1117 2056 1120 2061 -
1214 2058 1216 2063 -

135 2098 224 2151 aliiue
242 2102 334 2151 certae
351 2097 427 2151 disci
445 2098 533 2166 tinae]
560 2098 704 2165 „Palmim
724 2097 874 2164 secundus,
894 2102 1014 2167 quartus
1030 2097 1141 2156 illiue
1159 2117 1219 2155 cer.

65 2175 110 2223 tae
136 2166 337 2254 disciptinae.“
362 2116 445 2222 acad.
488 2169 613 2221 Pratum
640 2167 716 2221 illud
738 2168 752 2220 i
756 2168 845 2251 iliae
866 2176 959 2222 certae
985 2171 1107 2254 occupat
1130 2174 1219 2254 etiam

65 2239 1220 2390 {tattiafiia‘itt¹321tt.;¹¹¹.¹t·2,?u.tattl.=amittatis

65 2383 125 2434 liae.
144 2380 234 2434 Rehd.
252 2382 326 2433 ltlon.
349 2385 373 2434 1.
393 2388 423 2432 et
440 2381 490 2436 Or.
510 2379 543 2430 D.
565 2395 599 2431 ea
617 2377 823 2432 domanicae.
852 2377 974 2432 Confert
999 2380 1034 2434 ad
1057 2380 1087 2432 lr.
1107 2382 1127 2432 l.
1146 2383 1218 2436 Leo·

17 2517 19 2521 Α
64 2451 131 2524 deg.
151 2470 167 2503 a
184 2452 237 2517 Qu.
257 2451 389 2503 Lucretii
406 2451 504 2502 locum
522 2448 590 2514 [Ill,
611 2453 642 2504 ll
662 2448 731 2519 sq.]:

232 2519 386 2587 Floriferis
402 2525 433 2574 at
451 2521 517 2589 apes
533 2521 564 2574 ia
580 2521 700 2576 saltibus
718 2518 812 2573 omnia
831 2520 926 2585 litarat,

233 2591 335 2646 Omnia
353 2607 403 2645 noe
420 2590 519 2644 itidem
538 2589 713 2659 depascimur
731 2605 819 2649 aurea
837 2589 935 2645 dicta..
987 2632 991 2638 .
1040 2632 1042 2637 .
1151 2620 1158 2641 -,
1190 2613 1214 2637 ··=.

67 2665 103 2717 ln
121 2678 178 2715 uno
197 2661 248 2716 Ox.
269 2671 313 2716 est
331 2664 487 2732 literaeque
504 2679 558 2732 pro
577 2662 715 2731 litaeque3
733 2662 765 2712 in
773 2661 871 2714 Duisb.
890 2662 1012 2718 oraaime
1030 2670 1065 2730 te,
1084 2665 1215 2727 inlicita,-

65 2735 161 2802 spem
186 2734 324 2797 veritatis,
355 2735 388 2786 in
406 2733 480 2786 Gud.
505 2748 583 2801 epea
609 2731 751 2786 veritatis:
777 2739 841 2784 orto
865 2748 965 2787 errore
990 2751 1026 2787 ex
1048 2737 1216 2808 compendio

63 2802 136 2872 epie-
171 2805 252 2858 Unus
270 2804 320 2859 Ox·
339 2803 451 2866 otnittit
469 2810 543 2858 arete.
579 2804 667 2863 Mr„
778 2820 781 2825 ¹
901 2829 903 2833 >

63 2934 67 2944 .
139 2894 250 2946 ataine
276 2890 476 2946 retractatione
501 2891 590 2944 tibere
611 2891 709 2945 dicere,
727 2892 873 2959 auderent]
910 2894 999 2948 Unus·
1011 2893 1061 2946 Ox.
1085 2897 1215 2964 rectiore,

64 2965 141 3016 Mon.
161 2965 187 3018 2.
207 2963 383 3029 retractione,
407 2971 436 3015 et
457 2963 499 3016 sic
525 2963 614 3016 etiam
641 2980 676 3016 ex
695 2962 809 3034 Gryph.
838 2965 967 3016 enotavit
982 2964 1106 3017 Brutus.
1144 2966 1217 3019 Eam

64 3049 166 3088 vocem
188 3035 411 3104 scriptamssesse
435 3033 467 3084 in
493 3033 559 3085 aliis
582 3033 667 3086 libris
693 3033 920 3086 retractatione
944 3034 1072 3086 enotavit
1094 3035 1129 3102 is,
1163 3037 1216 3106 qui

67 3105 281 3158 annotationem
299 3122 390 3178 marg.
418 3103 532 3156 Lambb.
556 3104 734 3174 conscripsit.
776 3104 913 3174 Explicat
929 3103 1128 3160 camaracinse
1152 3107 1216 3160 sine

65 3175 243 3228 dubitatione
262 3183 291 3228 et
309 3175 391 3243 quasi
408 3174 663 3248 tergiversatione3
679 3172 844 3227 Beroaldus:
864 3176 926 3228 sine
944 3175 1134 3230 recusatione.
1161 3177 1216 3231 Ga·

64 3247 184 3299 merarii
202 3245 424 3315 explicationem
442 3245 632 3327 posteriorem
649 3244 796 3315 adoptavit
814 3243 959 3300 FAWolf.
981 3245 1050 3299 coll.
1069 3249 1101 3299 L.
1121 3248 1145 3300 Ι.
1170 3248 1214 3303 aa

65 3319 115 3372 76:
135 3317 226 3370 veniet
245 3323 351 3385 tempus
369 3345 402 3359 -··
421 3330 482 3369 eece
498 3314 680 3381 retractatis,
699 3314 759 3368 eive
772 3315 946 3384 properatio.
970 3315 1005 3367 ln
1024 3332 1103 3386 seqq.
1123 3316 1213 3370 Reltd.

66 3395 97 3440 et
112 3387 210 3440 Duisb.
229 3387 335 3441 habent
353 3402 456 3457 semper
474 3401 541 3443 esee.
569 3377 716 3439 scribitur
732 3401 841 3453 seraper
857 3391 890 3438 et
906 3383 1089 3439 beatissimae*
1099 3387 1131 3439 in
1140 3387 1212 3440 aaa

64 3458 97 3510 B.
117 3457 145 3511 S.
164 3459 199 3510 E.
219 3457 300 3510 tunt.
338 3457 418 3524 Quod
435 3458 568 3526 sequitur
584 3455 622 3510 id
639 3457 721 3510 eelim
738 3454 838 3508 medire
855 3483 889 3502 ÷-
907 3456 945 3508 td
962 3453 1067 3521 dicere,
1084 3456 1215 3510 ubiErn.

64 3529 239 3583 alterutrum
255 3529 287 3583 id
304 3527 571 3593 deletumvolebat,
590 3535 701 3602 gratam
719 3527 751 3578 in
774 3543 807 3579 ea
825 3524 983 3596 scriptione
1006 3525 1215 3600 negligentiam
1274 3563 1277 3570 -

65 3617 125 3652 esse
138 3598 185 3723 Sit
203 3597 347 3722 affola
368 3599 400 3650 in
418 3597 545 3664 Scholia,
558 3623 560 3628 ·
572 3615 669 3655 veram
692 3605 721 3651 et
739 3597 894 3672 genuinam
911 3596 1101 3650 Latinitatem
1126 3613 1215 3674 agno·

64 3670 186 3723 scitu
259 3685 282 3722 r.
856 3722 859 3729 ,
928 3703 962 3727 ,-
1182 3694 1210 3729 .'

137 3738 235 3792 Malta
252 3740 324 3802 enim
346 3767 376 3778 -
395 3739 470 3793 dicta
486 3736 568 3806 caat]
603 3737 672 3793 eod.
700 3740 776 3802 Mon.
796 3743 822 3794 l.
844 3738 960 3801 ‚omittit
981 3744 1064 3803 sante,
1080 3739 1111 3791 in
1135 3747 1216 3792 ante·

63 3808 233 3873 cedentibus
248 3809 329 3863 Gud,
349 3811 375 3865 2.
403 3827 461 3862 non
481 3810 568 3863 habet
594 3809 830 3880 queamdmodum,
858 3818 888 3864 et
909 3827 983 3872 unus
1002 3811 1053 3872 es.
1075 3807 1122 3868 tis
1147 3825 1215 3861 cum

64 3879 150 3946 vind.
171 3884 195 3933 1.
213 3881 290 3944 Mon,
309 3882 336 3936 2.
348 3878 505 3946 habetiis,
523 3880 619 3933 Duisb.
639 3879 707 3942 iiie,
731 3880 765 3932 ln
783 3897 861 3949 seqq.
882 3883 957 3935 Mon.
979 3883 1002 3935 1.
1020 3877 1034 3929 i
1044 3879 1144 3931 actaea
1160 3893 1214 3948 pro

65 3952 227 4017 coactata,
244 3958 308 4013 tum
325 3950 473 4014 Mutamar
490 3968 544 4021 pro
564 3951 607 4006 M.
630 3948 843 4011 Utamur.,Duo
861 3949 931 4009 (lxx.
955 3946 1117 4010 Utamias'3
1140 3964 1215 4000 nnus

66 4039 133 4088 cnm
155 4022 239 4073 Vind.
258 4024 284 4076 2.
313 4018 392 4074 nodie
416 4021 546 4086 saluam
569 4021 641 4073 alius
659 4019 710 4081 Ox,
736 4022 992 4088 antiquorampm
1011 4014 1067 4078 art:
1081 4032 1213 4083 qaorum.

66 4093 162 4148 Duisb.
181 4092 227 4147 ati
245 4089 435 4160 antiquorum.
466 4091 555 4146 ¹Vides
574 4106 709 4155 errorum
726 4090 871 4162 originem
890 4097 918 4142 et
936 4103 1127 4170 progressum.
1152 4087 1214 4140 Duo

67 4165 137 4220 Oxx.
163 4164 304 4225 omittunt
326 4163 405 4230 ipea3
441 4160 531 4215 Rehd.
558 4158 604 4212 lie
629 4176 683 4230 pro
706 4158 784 4225 aliie,
816 4161 892 4213 ltlou.
918 4161 956 4220 2,
972 4175 1033 4210 erus
1059 4156 1124 4218 loco
1143 4156 1213 4211 illie.

66 4233 154 4287 Marb.
176 4248 420 4303 pereeproper
438 4247 521 4285 ecee.
558 4231 618 4283 Mr.
705 4292 707 4297 Ι
837 4250 839 4255 ·
967 4271 983 4283 ,Α
1096 4282 1099 4287 ,
1141 4286 1144 4291 ,

137 4304 254 4358 Nullius
271 4303 434 4359 auctoritate
451 4301 596 4371 adiuncta]
634 4299 677 4355 cl.
697 4300 828 4364 Bentleio
845 4300 941 4370 placet
959 4297 1069 4362 adiuta.
1101 4298 1142 4362 D.

138 4391 246 4446 nattiae
266 4391 433 4447 auctoritate
460 4379 624 4456 adiuncta}
651 4388 756 4456 „Quod
783 4388 832 4442 vir
853 4388 941 4441 celeb.
966 4385 1065 4440 adiuta
1088 4402 1142 4454 pro
1165 4386 1216 4440 ad·

96 4495 249 4542 citerorum.
260 4496 328 4553 Diep.
343 4497 377 4543 ed.
393 4496 479 4544 Moser.
495 4495 519 4539 T.
530 4496 579 4543 111.
953 4495 991 4556 12
