2856 5084
192 273 237 341 06
398 267 626 337 CICERONIS
647 265 894 335 TUSCULAN.
917 263 1149 330 DISPUTAT.

194 457 262 505 nou
283 448 323 500 ut
347 457 452 521 parvo
474 443 566 498 metu
595 431 768 517 praeditus
799 436 857 512 sit,
888 431 947 496 sed
975 439 1015 494 ut
1041 431 1141 493 nullo.
1183 428 1231 492 Ut
1262 429 1356 493 enim

186 523 352 602 ‚innocens
374 524 404 582 is
433 519 571 596 dicitur,
604 536 672 578 non
701 520 757 600 qui
789 517 914 581 leviter
942 524 1054 593 nocet,
1086 512 1143 577 sed
1176 513 1235 594 qui
1266 512 1356 577 nihil

193 614 311 669 nocet:
345 606 393 666 sic
415 605 494 664 siue·
513 609 605 663 metu
626 602 656 662 is
677 600 848 662 habendus
869 609 931 677 est,
948 618 1027 660 -non
1055 599 1114 677 qui
1141 614 1262 678 parum
1284 616 1357 658 me·

194 688 272 765 tuit,
293 685 352 749 sed
373 689 430 768 qui
452 687 589 747 omnino
612 693 710 747 metu
724 691 840 754 vacat„
877 683 969 746 Quae
990 690 1040 744 est
1061 681 1150 742 enim
1171 681 1235 742 alia
1256 682 1356 742 forti.

265 853 527 923 inexpugnabilem
555 862 669 924 septum
687 860 768 921 atque
785 852 941 920 munitum]
978 850 1145 922 Areliquis
1171 849 1255 903 libris
1273 868 1355 904 rece-

193 927 266 979 dunt
285 927 357 982 Med.
379 935 407 979 et
425 927 495 979 Bak.
521 925 573 994 qui
598 923 667 977 dant
690 925 933 992 inexpugnabilem
956 940 1071 994 semper
1097 931 1180 992 atque
1198 922 1354 976 invictum.

138 1032 141 1036 -
194 997 244 1051 Sic
271 997 322 1054 lib.
343 998 395 1052 111.
421 1015 481 1067 cap.
510 1000 534 1050 7.
574 994 629 1051 Qui
652 996 778 1048 invictus
807 997 853 1062 sit,
880 1003 1014 1048 eum'rea
1037 993 1172 1047 bumanao
1199 993 1353 1060 despicere.

193 1069 274 1121 Infra
293 1085 354 1138 cap.
377 1069 418 1122 18.
455 1067 495 1122 at
512 1083 562 1119 nos
581 1066 713 1118 virtutem
732 1082 840 1132 semper
867 1067 986 1120 liberam
1004 1067 1136 1130 volamus,
1163 1078 1279 1135 semper
1297 1065 1356 1120 in·

190 1139 320 1192 rictam
340 1165 374 1181 -ν
392 1145 423 1191 ut
439 1140 514 1191 nulla
532 1152 662 1207 umquam
681 1154 712 1189 re
730 1144 900 1203 terreamur,
919 1152 1123 1204 semperque
1146 1135 1237 1188 cineus
1256 1135 1355 1190 invi·-

191 1211 253 1263 αἱ.
291 1210 331 1261 Et
348 1209 398 1260 lib.
418 1209 456 1262 11.
476 1210 510 1261 de
528 1209 594 1261 Fin.
615 1225 675 1278 cap.
697 1211 738 1263 14.
776 1207 873 1260 Altum
896 1209 1082 1279 quiddamet
1108 1210 1254 1271 excelsum,
1279 1205 1355 1279 nibil⁴

191 1281 302 1343 timens,
320 1280 427 1333 nemini
443 1281 553 1345 cedens,
573 1295 707 1346 semper
724 1277 906 1332 invictum.
944 1280 1015 1331 Vide
1035 1286 1064 1331 et
1081 1279 1132 1332 lib.
1153 1279 1206 1330 111.
1226 1296 1286 1347 cap.
1308 1281 1353 1334 22.

192 1370 225 1404 ac
249 1351 388 1404 Senecam
412 1351 446 1403 de
464 1351 526 1402 vita
548 1350 620 1402 beat.
646 1367 707 1420 cap.
736 1350 799 1403 vn.
836 1349 914 1403 Adeo
941 1358 974 1401 ut
1000 1349 1053 1401 illa
1075 1349 1164 1403 lectio
1183 1357 1242 1400 tam
1269 1349 1355 1402 rebus

192 1422 263 1492 ipsis
289 1440 374 1492 quam
399 1421 588 1474 Ciceroniana
612 1420 751 1489 loquendi
781 1421 863 1474 modo
885 1420 983 1490 probe
1012 1421 1182 1484 conveniat,
1212 1436 1266 1472 nec
1289 1419 1354 1473 ullo

192 1493 276 1545 modo
295 1493 454 1562 spernenda
472 1492 613 1544 videatur.
634 1492 670 1545 D,
699 1490 746 1556 [ln
763 1491 817 1543 Ed.
836 1495 862 1547 2.
881 1491 952 1543 Dav.
971 1490 1133 1544 addiderat:
1163 1492 1236 1544 Cum
1256 1499 1354 1545 tamen

192 1563 241 1615 illi
259 1563 362 1627 codici,
388 1580 447 1615 non
469 1561 620 1615 admodum
643 1570 767 1627 vetusto,
792 1563 830 1615 sit
856 1563 984 1633 propria,
1009 1580 1063 1616 nec
1085 1563 1204 1639 vulgata
1230 1562 1306 1616 male
1324 1580 1353 1616 se

192 1634 308 1699 haheat3
328 1652 420 1697 suum,
440 1650 487 1687 me
504 1634 631 1697 volente,
651 1641 748 1686 teneat
766 1631 884 1700 locum]

264 1711 387 1773 caeptam
408 1710 491 1774 atque
508 1703 654 1771 munitum]
691 1702 780 1758 Rehd.
806 1712 835 1757 et
854 1704 928 1758 Gud.
953 1704 1061 1758 habeut
1084 1720 1194 1774 eemper
1216 1720 1271 1775 pro
1289 1720 1355 1758 roe-

192 1781 279 1844 ματη,
298 1774 397 1827 Duisb.
418 1790 452 1827 ac
468 1791 522 1845 pro
542 1782 635 1844 atque.
672 1775 809 1828 Ceterum
826 1793 886 1828 non
904 1784 975 1841 erat,
995 1776 1131 1828 ourDav.
1151 1777 1226 1829 illud
1244 1791 1354 1844 semper

192 1862 247 1916 pro
265 1853 388 1912 saeptum
406 1847 551 1916 probaret.
588 1845 717 1920 EgregIe
735 1848 872 1900 convenit
889 1846 964 1913 loco,
990 1855 1019 1898 et
1037 1863 1095 1900 non
1121 1847 1212 1901 semel
1229 1866 1354 1918 peropo-

194 1922 275 1986 ρικῶς
294 1934 325 1970 ea
343 1934 413 1970 voce
431 1935 498 1969 usus
518 1925 560 1969 est
579 1917 695 1970 Cicero:
721 1917 804 1970 velut
827 1917 863 1971 de
888 1918 973 1970 Finn.
993 1917 1016 1971 1.
1038 1921 1079 1973 16.
1100 1921 1147 1974 51:
1176 1919 1251 1989 quod
1274 1921 1301 1972 ai
1319 1946 1353 1957 -

192 1987 250 2041 eibi
268 1987 613 2049 contra-conscientiam
632 1987 748 2056 saepti
765 2004 826 2041 esse
845 1994 871 2042 et
883 1989 1013 2042 muniti
1030 1989 1171 2043 uidentur.
1191 1990 1352 2044 AdFamm.

191 2060 267 2111 XVI.
287 2062 336 2114 23:
363 2059 520 2127 praesidiis
536 2057 727 2128 philosophiae
751 2066 873 2124 coeptus.
900 2087 934 2097 -
971 2062 1006 2113 In
1024 2078 1103 2130 seqq.
1131 2061 1198 2114 Cod.
1217 2060 1292 2135 Aug.
1312 2064 1353 2128 ut

192 2146 255 2183 non
271 2145 371 2198 parvo.
408 2133 463 2183 Pro
480 2131 629 2198 praeditur
652 2138 694 2182 est
718 2130 848 2198 perditor
874 2132 1134 2189 incontinua.
1156 2133 1281 2207 'egregia
1299 2133 1355 2184 sci-

191 2201 264 2255 licet
290 2202 481 2253 correctione.
518 2202 584 2254 Non
615 2202 810 2269 concoquebat
833 2203 959 2272 scriptor
986 2203 1092 2257 codicis
1119 2203 1253 2256 iunctum
1278 2202 1354 2256 illud

192 2271 370 2325 adiectivum
388 2272 563 2325 substantivo
580 2278 661 2325 metu.
700 2269 756 2325 Sed
771 2275 921 2340 praeditas
950 2273 1035 2326 etiam
1054 2274 1137 2326 rebus
1164 2274 1354 2327 incommodis

191 2344 320 2397 additur:
339 2362 367 2395 v.
388 2360 413 2395 c.
434 2343 480 2398 Or.
500 2359 553 2414 pro
571 2345 667 2396 Flaco.
688 2346 713 2398 3.
734 2351 859 2410 egestate
883 2345 1040 2412 praeditus,
1068 2344 1099 2396 in
1117 2347 1201 2398 Verr.
1227 2346 1291 2397 Act.
1313 2345 1350 2397 lI.

192 2416 225 2470 L.
246 2413 284 2478 11,
303 2417 352 2468 42:
380 2414 504 2467 amentia
529 2415 692 2481 praeditum
718 2415 752 2467 ad
776 2416 901 2468 Herenn.
928 2417 965 2469 11.
985 2420 1037 2471 27:
1065 2421 1171 2469 tumore
1195 2416 1352 2484 praeditus.

192 2486 265 2537 Erat
283 2485 370 2536 etiam
391 2501 444 2554 pro
464 2485 544 2537 Roso.
565 2485 628 2537 Am.
649 2488 675 2549 8,
694 2486 744 2538 23:
763 2484 833 2538 bunc
851 2486 997 2549 miserum,
1018 2487 1092 2539 tactu
1108 2489 1276 2555 praeditum,
1303 2487 1353 2539 ubi

192 2572 272 2607 nuno
289 2555 401 2627 legitur
418 2554 569 2622 perditum.
606 2559 671 2607 Mox
690 2555 756 2608 Cod.
779 2559 852 2609 Mon.
875 2562 898 2612 1.
920 2559 1028 2611 dicitur
1046 2561 1081 2612 is.
1112 2560 1186 2614 Mon.
1206 2561 1231 2613 2.
1253 2559 1354 2611 leniter

192 2643 247 2696 pro
268 2627 374 2678 leviter.
393 2627 465 2681 Edd.
486 2628 514 2678 P.
535 2625 568 2678 A.
588 2628 619 2679 Β.
640 2626 667 2679 S.
690 2626 724 2679 E.
746 2628 776 2680 G.
795 2629 865 2681 Ven.
887 2639 975 2681 nostr.
995 2628 1058 2681 Asc.
1081 2634 1104 2684 1.
1124 2633 1151 2684 2.
1171 2631 1250 2681 Junt.
1273 2634 1353 2679 aocet

193 2697 300 2754 ieviter.
321 2697 405 2749 Vind.
428 2702 451 2751 l.
472 2695 573 2750 leuiter
590 2703 727 2761 noceat,
747 2701 822 2750 Mon.
843 2703 868 2754 2.
889 2700 1044 2770 utrobique
1063 2705 1161 2752 noceat
1187 2705 1351 2769 prouocet,

191 2767 353 2838 posteriore
373 2769 437 2820 loco
457 2769 545 2820 etiam
564 2766 637 2821 Gud.
666 2777 695 2822 et
713 2777 772 2821 tres
792 2770 860 2822 Osuu
887 2771 959 2823 Edd.
981 2770 1104 2836 eaedem,
1134 2772 1167 2822 in
1190 2769 1290 2840 quibus
1310 2777 1353 2822 est

193 2844 272 2897 aocet
295 2839 404 2892 leviter.
440 2840 494 2892 Pro
519 2838 594 2894 nibil
619 2857 692 2892 uuus
719 2841 769 2893 Ox.
796 2841 910 2909 nullius,
939 2842 1011 2895 Edd.
1038 2842 1069 2895 C.
1095 2845 1127 2895 V.
1153 2841 1351 2896 dierw.'Rob.

193 2909 294 2981 steph.
314 2910 365 2966 nil.
403 2911 464 2962 Mr.

215 3018 220 3025 ‚
264 2997 319 3034 non
338 2979 387 3050 qui
402 2995 512 3050 parvo
529 2980 640 3048 metuit]
677 2981 871 3056 „negendam
889 2991 932 3035 est
947 3000 1001 3036 aon
1020 2982 1067 3052 qui
1083 2998 1353 3051 parvanonme·

191 3051 280 3111 tuit.“
302 3051 397 3105 Ureivr.
423 3053 497 3121 „qai
510 3069 635 3121 parum
653 3053 769 3105 metuite
795 3053 836 3105 sio
862 3054 947 3106 habet
965 3062 1062 3106 noster
1087 3071 1202 3124 quoque
1221 3053 1277 3108 MS.
1298 3069 1353 3126 pro

194 3139 251 3192 quo
270 3122 301 3173 in
319 3123 445 3197 vu'lgatis
465 3129 507 3175 est
523 3123 646 3191 parua.“
664 3126 727 3177 Frc.
749 3125 830 3177 Febr.
868 3124 989 3194 „Parra
1015 3128 1111 3179 metuit
1137 3133 1218 3179 recte
1237 3143 1352 3197 quoque

191 3192 341 3246 Victorius
361 3210 427 3245 cum
445 3194 515 3244 Pall.
537 3195 698 3265 quinque.“
736 3193 818 3248 Geta.
994 3194 1002 3213 '

263 3263 328 3316 Non
346 3263 394 3334 qui
411 3281 515 3334 parum
532 3267 647 3328 metuit,
667 3266 717 3318 aed
735 3266 783 3333 qui
801 3265 912 3319 omuino
930 3274 1004 3319 metu
1022 3267 1124 3336 uocati
1150 3267 1245 3342 Vulgo
1262 3274 1354 3334 parua

192 3337 306 3398 metuit3
326 3335 401 3388 unde
420 3337 570 3406 rescripsit
577 3337 712 3400 Ursinus,
731 3353 786 3388 nou
799 3337 847 3406 qui
862 3354 952 3405 paroc
971 3355 1028 3389 non
1042 3333 1155 3392 'aretam
1174 3339 1217 3390 Ea
1235 3338 1354 3408 quidem

193 3406 360 3460 coniectura
378 3416 510 3476 receptae
528 3407 649 3460 lectioni
667 3410 864 3477 praeferenda,
885 3427 939 3478 qua
958 3409 1034 3461 nihil
1052 3409 1126 3483 fingi
1144 3417 1239 3478 potest
1257 3409 1355 3461 atsur*

192 3479 269 3531 dius.v
301 3476 341 3529 At
365 3494 415 3529 nos
443 3479 535 3548 ipsam
553 3479 700 3532 Ciceronis
724 3495 841 3530 manum
865 3480 1039 3531 reduximus.
1086 3481 1237 3550 Scriptura
1261 3488 1352 3545 certe,

193 3567 280 3670 qzam
298 3548 638 3673 damfls'lopppgsmmem
656 3559 736 3602 recte
755 3558 860 3617 servat,
881 3568 999 3623 eamque
1018 3560 1166 3621 praestant
1180 3551 1263 3604 Fabr.
1280 3551 1354 3604 (iau-

193 3628 251 3672 ta.
272 3627 300 3672 et
319 3621 357 3671 Ba
384 3621 434 3671 io.
503 3660 509 3672 .
996 3656 999 3661 -
1347 3636 1350 3641 ·

264 3707 319 3743 non
343 3689 391 3759 qui
412 3707 501 3757 parva
519 3690 627 3757 metuit]
668 3693 784 3757 „Recte
810 3709 911 3761 parum
936 3694 1006 3745 Dav.
1040 3694 1080 3746 Et
1103 3693 1145 3746 ita
1171 3693 1256 3755 Codd.
1277 3695 1354 3764 Ley-

192 3761 324 3862 denses‘f‘
342 3759 430 3886 ssoab'.
468 3763 571 3828 „Bene
589 3763 789 3829 Dav.·parum‚
808 3765 856 3816 cui
873 3765 944 3816 bene
964 3759 1121 3835 opponitur
1146 3764 1259 3836 omnino
1279 3772 1353 3818 metu
1376 3771 1387 3785 ‘

191 3840 284 3888 cacat.
368 3851 411 3886 ra.
1256 3863 1258 3868 ·

261 3923 317 3958 noa
334 3906 381 3975 qai
396 3920 523 3973 parum
542 3905 652 3971 metuit]
689 3906 772 3958 Haud
790 3907 831 3958 ita
848 3906 963 3976 pridem
989 3923 1072 3958 nemo
1092 3906 1236 3960 dubitabat
1255 3907 1353 3960 dicere

189 3988 290 4042 param
308 3994 361 4048 pro
381 3994 436 4030 noa
454 3977 579 4030 multam.
617 3977 673 4030 Sed
690 3987 841 4048 postquam
860 3977 1043 4030 observatum
1063 3987 1113 4041 est,
1134 3979 1166 4029 ab
1186 3996 1288 4031 aureae
1308 3997 1355 4031 ae-

191 4049 258 4099 tatis
277 4049 465 4118 scriptoribus
482 4064 584 4114 param
601 4050 708 4119 'opponi
725 4048 843 4102 vocibus
860 4049 978 4100 nimium
996 4059 1025 4103 et
1050 4050 1132 4115 actis,
1158 4068 1260 4123 graves
1286 4067 1356 4120 poe-

192 4135 244 4170 nas
263 4120 404 4172 dederunt
423 4120 585 4172 censoribus
604 4121 636 4186 ii,
663 4122 712 4190 qui
732 4121 893 4172 scribebant
918 4137 1018 4187 parum
1037 4122 1122 4184 abest,
1148 4137 1248 4187 param
1266 4119 1355 4174 iater-

194 4196 248 4242 est:
269 4191 378 4259 illaque
397 4190 566 4255 observatio,
585 4199 618 4242 ut
637 4193 747 4265 regula,
775 4187 1147 4268 oinnes‘grammaticorum
1170 4193 1259 4247 libros
1286 4210 1354 4262 per-

192 4269 281 4312 sonat.
319 4263 411 4327 Quare
438 4262 525 4314 etiarn
543 4262 638 4318 Kiihn.
669 4264 703 4317 ad
729 4272 860 4316 nostrum
882 4263 980 4316 locum
1005 4264 1142 4316 dubitasse
1170 4281 1199 4317 se
1226 4264 1298 4316 dicit
1317 4269 1354 4316 ari

193 4331 254 4391 dici
280 4333 371 4402 possit
396 4348 497 4399 partem
522 4339 645 4386 metuere
675 4336 781 4388 collato
815 4335 866 4386 lib.
891 4337 938 4387 IV.
967 4353 991 4387 c.
1013 4339 1055 4400 17,
1082 4338 1126 4391 39.
1173 4336 1353 4406 Nuperrime

194 4410 300 4469 autem,
320 4403 440 4456 minime
459 4405 609 4475 reprobata
628 4406 681 4459 illa
699 4406 906 4472 observatione,
933 4423 1007 4477 quae
1025 4406 1126 4483 negari
1143 4407 1247 4478 nequit
1274 4404 1353 4472 (vide
