2856 5084
384 287 734 354 umsmnu‘rlonus
758 287 821 352 to
841 288 1015 354 LIBRUM
1035 289 1079 353 V.
1247 291 1310 359 dd'l

229 456 296 527 Cap·
315 459 374 511 31.
393 455 468 509 Nam
485 463 516 508 ut
533 462 700 525 quaestuosa
718 461 885 523 mercatura,
908 457 1054 521 fructuosa
1079 452 1174 509 eratis
1193 454 1309 524 dicitur,
1338 477 1351 498 ·

158 543 211 580 non
229 528 257 581 si
275 531 368 580 altera
387 544 494 595 semper
514 527 585 579 omni
604 528 713 591 damno,
733 529 823 579 alteru
842 528 934 579 omnis
953 528 1124 593 tempestatis
1146 529 1311 583 calamitate

157 608 263 666 semper
289 599 386 663 uacet]
425 600 468 650 lta
497 598 599 667 scripti
623 598 763 667 editique:
797 597 846 650 sed
870 598 983 667 liquido
1011 605 1124 650 constat
1155 600 1310 674 legendum

158 687 227 734 esse,
250 670 332 723 Omni
350 670 520 736 tempestatis
539 668 706 721 calamitate.
813 673 816 676 ’
1067 712 1072 721 .

227 742 298 797 ibid.
338 742 476 810 Sequetur
498 738 590 806 igitur
613 740 754 791 bonorum
778 737 892 790 ratione
910 740 954 791 uel
980 740 1017 792 ud
1036 737 1203 806 supplicium
1227 740 1310 793 beata

156 810 382 886 silavimatam]
420 812 531 862 Primus
552 810 718 862 Gebhardus
737 810 827 862 edidit
845 811 988 863 Bonorum
1003 829 1047 868 ,eu
1067 812 1234 863 coniectura
1252 810 1311 862 An·

156 883 240 935 dreae
269 883 395 936 schotti:
429 882 604 951 praesertim
629 898 695 932 cum
729 881 760 931 in
788 881 934 932 codicibus
966 882 1123 933 invenisset
1156 882 1309 934 Honorum.

156 953 243 1006 Nihil
261 955 357 1023 potuit
375 954 510 1006 deterius·
547 953 621 1017 Quid
641 952 719 1003 enim
738 952 787 1002 illi
806 951 890 1005 boni?
920 961 968 1004 aut
987 971 1058 1021 quae
1081 953 1172 1004 bona?
1195 954 1311 1005 Priores

156 1025 296 1077 editiones
321 1042 387 1076 cum
414 1033 464 1077 tuo
490 1024 587 1077 codice
606 1024 636 1074 H
640 1039 734 1088 arum
761 1022 886 1075 ratione:
915 1024 1014 1087 idest,
1041 1023 1308 1093 Peripateticorum:

156 1113 280 1164 quorum
300 1096 447 1165 opiniones
466 1096 522 1146 iam
541 1104 679 1150 recenset.
702 1095 880 1147 Rectissime.
901 1093 949 1146 sie
968 1095 1045 1145 infra
1064 1111 1089 1149 c.
1104 1097 1147 1149 37.
1165 1093 1310 1147 Postrema

156 1167 196 1218 ad
213 1183 306 1219 omnes
326 1182 407 1219 casus
425 1166 564 1232 facillima
583 1166 656 1218 ratio
676 1173 719 1216 cst
738 1181 846 1230 coruun,
866 1164 913 1232 qui
930 1166 969 1217 ad
986 1168 1152 1232 voluptutem
1177 1181 1210 1217 ea
1234 1166 1310 1229 refe·

157 1243 233 1303 runt,
258 1253 324 1304 quae
351 1242 496 1306 sequuntur
518 1236 553 1304 ,in
577 1236 643 1288 uita.
679 1236 724 1289 lta
751 1236 830 1300 alibi,
860 1235 1026 1305 Cynicorum
1051 1236 1138 1301 ratic,
1164 1251 1234 1301 meu,
1263 1242 1309 1287 tua

158 1311 234 1362 ratio
253 1317 307 1359 etc.
380 1332 383 1338 ·
1093 1349 1095 1353 ,

228 1381 302 1432 item
321 1378 390 1430 ibid.
428 1379 564 1448 Sequetur
583 1379 675 1444 igitur
693 1376 791 1431 harum
809 1379 920 1430 ratione
937 1379 981 1430 sel
996 1379 1035 1430 ad
1047 1377 1216 1445 supplicium
1230 1378 1311 1431 beatu

157 1448 373 1527 cilaniantem,
392 1466 505 1518 cumque
524 1467 557 1503 ea
576 1450 721 1502 descendet
748 1451 778 1518 in
797 1455 925 1511 taurum:
954 1449 1116 1511 Aristotele,
1141 1448 1309 1515 Xenocrate,

156 1520 321 1588 Speusippo,
345 1520 491 1573 Polemone
515 1521 692 1583 auctoribus:
720 1535 769 1572 nec
792 1537 852 1572 eam
876 1521 1005 1572 minimis
1032 1519 1228 1573 blandimentis
1246 1537 1310 1572 cor-

157 1599 239 1659 rupta
264 1592 392 1657 deseret]
430 1594 474 1645 lta
501 1593 619 1662 quidem
644 1591 784 1644 Librarii:
815 1591 862 1642 sed
885 1609 1041 1660 numquam
1067 1591 1140 1659 mihi
1159 1591 1311 1659 persuade·

155 1661 228 1713 bunt
253 1663 293 1713 sic
319 1663 450 1714 aTullio
478 1666 643 1732 profectum
671 1679 739 1714 esse.
760 1662 852 1726 'Quid
875 1662 954 1714 enim
979 1663 1079 1713 sinon
1097 1659 1233 1726 minimis,
1260 1661 1310 1714 sed

156 1733 288 1785 maximis
308 1742 336 1785 ct
355 1734 559 1802 potentissimis
577 1733 780 1786 blandimentis
799 1739 943 1796 tentetur:
964 1750 999 1784 an
1017 1740 1079 1783 tum
1093 1733 1217 1787 deseret?
1236 1733 1310 1798 Quid

154 1808 271 1856 autem?
298 1822 334 1855 an
352 1804 420 1856 solis
438 1805 585 1857 blanditiis
609 1805 683 1874 apud
700 1803 858 1855 Phalaridis
881 1812 996 1854 taurum
1020 1821 1065 1854 res
1091 1804 1202 1876 agitur:
1231 1803 1310 1855 nihil

158 1874 196 1925 ibi
216 1875 368 1938 minarum,
397 1874 474 1925 nihil
496 1875 636 1928 terroris?
671 1873 757 1927 Vides
783 1876 850 1937 iam,
875 1875 988 1943 opinor,
1016 1875 1150 1946 vulgatas
1176 1876 1310 1926 lectionis

157 1946 339 2014 pravitatem.
377 1943 423 1996 'Pu
441 1945 506 2019 lege
524 1961 588 1997 meo
606 1946 747 2016 periculo,
765 1945 826 1997 Nec
844 1960 899 1996 eam
917 1944 1018 1995 minis
1036 1952 1092 1996 aut
1119 1945 1310 1998 blandimentis

158 2022 288 2079 corrupta
309 2017 419 2067 deseret.
991 2018 996 2023 “

154 2107 158 2118 .
228 2087 299 2140 Ibid.
336 2083 448 2153 Reliqui
465 2083 564 2138 habere
581 2102 610 2138 se
628 2085 755 2138 uidentur
773 2083 925 2152 angustius,
951 2092 1061 2138 enatant
1085 2091 1180 2151 tamen,
1206 2085 1311 2151 Epicu-

156 2173 211 2221 rus,
238 2158 424 2224 Hieronymus,
455 2164 481 2209 et
503 2158 574 2224 siqui
597 2164 669 2224 sunt,
700 2157 745 2224 qui
770 2157 909 2210 disertum
926 2156 1001 2208 illum
1027 2157 1193 2210 Carneadem
1218 2162 1313 2210 curent

158 2229 320 2294 defendere:
339 2244 411 2280 nemo
431 2234 471 2279 est
490 2230 567 2292 enim,
594 2230 643 2297 qui
664 2245 763 2281 eorum
787 2229 910 2279 banorum
936 2228 1047 2279 animum
1071 2246 1128 2280 non
1152 2234 1226 2294 putet
1251 2243 1311 2281 esse

156 2298 281 2363 iudicem,
301 2315 404 2366 euinque
423 2300 637 2364 condocefeciat,
657 2306 685 2351 ut
703 2317 752 2364 ea,
764 2315 831 2366 quae
851 2299 919 2350 bona
944 2301 1048 2350 malaue
1069 2300 1222 2363 uideantur,
1244 2313 1310 2364 pos-

156 2369 194 2422 sit
213 2369 395 2434 contemnere]
431 2372 498 2423 Non
516 2371 611 2439 placet
629 2371 702 2421 illud
721 2370 867 2422 Diserlum.
904 2369 973 2421 Esto
993 2371 1070 2421 enim
1096 2371 1310 2436 disertissimus,
1379 2405 1384 2410 ,

156 2449 190 2493 ut
209 2459 273 2493 sane
292 2442 362 2492 fuit:
383 2441 550 2493 indecenter
568 2449 663 2493 tamen
687 2442 729 2495 sic
752 2458 829 2494 nunc
848 2441 1016 2510 appellatur.
1055 2441 1109 2508 Qui
1121 2442 1198 2494 enim
1219 2442 1310 2493 diser·

157 2517 201 2564 tus
220 2520 271 2576 est,
290 2528 349 2564 non
367 2528 435 2581 opus
453 2511 538 2564 habet
557 2513 703 2577 defensare.
740 2512 857 2566 Codices
875 2511 1008 2580 plerique
1033 2512 1107 2580 apud
1126 2511 1312 2565 Gebhardum·
1394 2549 1402 2556 s

159 2583 324 2639 desertum
349 2583 461 2635 habent.
499 2584 680 2648 Rectissime,
711 2592 745 2635 ut
773 2591 802 2636 ct
829 2583 956 2635 Grutero
978 2583 1073 2634 visum
1101 2592 1150 2637 est.
1194 2584 1312 2636 Deserto

159 2654 237 2707 enim
257 2663 285 2707 et
303 2654 452 2718 derelicto,
481 2653 528 2706 illi
550 2655 681 2723 profecto
706 2671 775 2724 opus
802 2662 844 2704 est
868 2650 1003 2705 advocato
1029 2662 1058 2707 et
1076 2663 1206 2724 patrono.
1244 2654 1311 2708 Ideo

158 2733 254 2777 autem
272 2725 429 2778 Carneades
453 2726 583 2790 desertus,
611 2726 679 2795 quia
704 2727 727 2777 is
752 2741 840 2777 novae
859 2723 1027 2777 Academiae
1054 2727 1189 2795 princeps
1206 2742 1312 2796 paucos

157 2795 260 2847 habuit
277 2805 442 2849 sectatores:
472 2797 552 2847 cuius
571 2803 666 2848 tamen
685 2795 866 2865 disciplinam
886 2796 988 2848 Cicero
1017 2797 1077 2866 ipse
1102 2797 1177 2866 apud
1196 2798 1312 2849 Latinos

158 2865 341 2923 instaurabat.
380 2869 487 2919 Noster
504 2867 539 2918 de
557 2868 623 2918 Nat.
644 2867 779 2930 Deorum,
799 2866 822 2930 1,
842 2869 866 2921 3.
905 2865 1006 2935 Multis
1025 2868 1105 2919 etiam
1128 2868 1203 2920 sessi
1227 2867 1310 2918 miro·

157 2938 212 2990 bile
233 2936 330 3003 videri,
356 2954 412 2990 eum
434 2936 512 2989 nobis
535 2936 698 3002 potissimum
721 2939 861 3003 probatam
881 2953 939 2989 esse
963 2935 1161 3004 philosophiam
1180 2953 1247 3004 quae
1266 2939 1311 2989 lu-·

157 3024 211 3060 cem
231 3008 346 3076 eriperet
373 3015 400 3060 et
418 3008 496 3074 quasi
517 3016 617 3060 noctem
636 3009 765 3075 quandam
793 3008 872 3061 rebus
896 3008 1062 3073 offunderetp
1086 3010 1310 3076 desertaeque

157 3079 325 3145 discipliuae
345 3096 379 3131 ac
403 3080 456 3133 inm
480 3080 585 3144 pridem
610 3080 723 3132 relictae
748 3078 926 3144 patrocinium
952 3094 1001 3129 nec
1028 3079 1163 3147 opinatum
1188 3095 1205 3129 a
1232 3080 1311 3132 nobie

158 3166 215 3202 esse
232 3157 387 3217 susceptum.
425 3151 530 3215 Quibus
547 3149 620 3202 haec
643 3149 844 3203 obiicientibus
869 3150 909 3200 ita
934 3150 1082 3218 respondit
1109 3168 1168 3220 cap.
1190 3152 1215 3206 ὅ.
1252 3151 1312 3204 Nec

156 3237 220 3274 uero
248 3223 458 3274 desertarum
480 3221 686 3286 relicturumque
709 3237 794 3274 rerum
821 3220 999 3288 patrocinium
1022 3222 1194 3286 suscepimus.
1233 3222 1312 3273 Haec

158 3283 230 3344 euin*
242 3293 271 3343 in
292 3291 465 3359 Philosophia
486 3290 558 3343 ratio
574 3293 700 3359 profectu
718 3308 735 3343 a
755 3292 877 3354 Socrate,
896 3293 1019 3357 repetita
1037 3293 1071 3344 ab
1091 3293 1229 3357 Arcesila,
1248 3308 1313 3343 con·

156 3365 263 3429 firmata
290 3381 308 3414 a
328 3363 526 3428 Carneade,
557 3379 638 3429 usque
663 3363 701 3413 ad
723 3369 840 3414 nostram
865 3361 956 3425 uiguit
979 3370 1109 3415 aetatem:
1145 3379 1218 3429 quam
1243 3377 1313 3414 nunc

155 3435 338 3501 propemodum
356 3435 468 3486 arbam
488 3449 546 3486 esse
563 3433 594 3485 in
611 3433 672 3500 ipsa
692 3434 809 3486 Graecia
828 3433 970 3497 intelligo:
992 3435 1061 3504 quod
1079 3449 1130 3484 aaa
1148 3434 1313 3486 Academiae

106 3536 112 3542 ·
158 3504 237 3569 sitio,
257 3505 305 3557 sed
324 3505 456 3557 tarditate
473 3504 601 3557 hominum
620 3504 743 3557 arbitror
761 3504 916 3568 contigisse.
950 3505 1011 3557 Hoc
1028 3505 1176 3579 primum:
1196 3522 1264 3556 nam
1283 3511 1313 3557 et

158 3583 247 3628 restat
270 3577 405 3640 alterum,
435 3576 509 3646 quod
537 3583 567 3627 et
590 3591 659 3627 vero
687 3576 806 3646 propius
835 3584 864 3628 et
891 3575 961 3627 huic
986 3577 1031 3629 rei
1062 3577 1312 3628 accommodatius.

159 3647 299 3698 Desertum
318 3647 410 3720 igitur
427 3649 536 3716 accipe,
556 3646 590 3699 ob
609 3647 781 3698 sententiam
799 3647 833 3698 dc
852 3663 963 3698 susnmo
987 3647 1069 3710 bono,
1096 3665 1181 3716 quam
1209 3648 1232 3698 is
1251 3647 1313 3716 pri·¹

159 3735 222 3769 mus
240 3717 411 3780 introduxit,
436 3725 547 3786 etpost
566 3734 632 3769 eum
651 3733 735 3769 neruo
762 3725 804 3769 est
823 3724 944 3782 secutus,
969 3717 1095 3771 Summum
1122 3719 1213 3770 bonum
1242 3733 1323 3779 esse,

158 3788 216 3854 frui
241 3787 279 3839 iis
302 3787 384 3839 rebus
407 3792 475 3854 'quas
494 3789 600 3853 primas
630 3795 730 3841 notura
755 3787 965 3844 conciliavisset.
1003 3789 1076 3842 Vide
1103 3789 1236 3840 Academ.
1263 3790 1311 3843 Ν.

159 3860 244 3922 Huic,
264 3860 398 3926 inquam,
419 3859 576 3911 sententias
595 3875 678 3912 nemo
697 3859 729 3912 ab
749 3861 809 3912 eius
828 3859 907 3911 obitu
925 3861 1120 3929 patrocinatus
1139 3867 1191 3910 cst.
1230 3858 1314 3911 Unde

159 3933 267 3983 Noster
292 3930 334 3980 Dc
352 3929 425 3981 Pin.
454 3928 502 3994 IV,
525 3932 565 3983 18.
592 3929 655 3982 lo'co
679 3929 766 3981 huius
791 3930 951 3994 simillimo,
977 3931 1049 3985 Quid
1072 3943 1163 3983 canses
1190 3943 1237 3980 eos
1256 3943 1314 3980 esse

157 4002 289 4067 facturas,
309 4000 355 4066 qui
372 3999 475 4050 omuino
494 3999 618 4052 uirtutem
643 4017 660 4052 c
680 4001 801 4054 bononem
825 4000 883 4065 fine
907 4005 1132 4064 segregaverunt,
1159 3999 1314 4065 Epicureas,

159 4073 356 4140 Hieronymum,
374 4070 439 4121 illos
458 4070 538 4122 eliam
557 4070 588 4123 si
606 4071 664 4137 qui
683 4071 865 4123 Carneadeum
890 4071 966 4136 finem
990 4070 1061 4123 tueri
1083 4069 1183 4120 uolunt.
1221 4070 1260 4121 Et
1273 4068 1313 4136 11,

162 4146 203 4198 12.
223 4143 360 4196 Reiicitur
379 4140 457 4193 edam
478 4140 648 4206 Carneadem
678 4157 727 4193 aec
750 4141 809 4192 ulla
828 4142 860 4193 de
888 4141 1068 4192 summobono
1089 4140 1176 4201 ratio,
1203 4145 1251 4192 aut
1268 4155 1315 4192 oo·

161 4213 283 4280 luptatis,
301 4230 353 4265 non
372 4211 513 4266 dolendive
529 4211 680 4278 particeps,
701 4218 748 4264 aut
765 4211 914 4264 honestatis
933 4226 1031 4277 expers
1047 4211 1219 4278 probabitur.
1258 4209 1315 4264 Sed

158 4302 310 4357 pergamus
329 4286 386 4336 iam
405 4283 438 4335 ad
457 4283 578 4352 reliqua.
598 4283 643 4334 Tu
655 4300 690 4335 ex
702 4284 810 4353 optimo
830 4291 879 4334 tuo
890 4282 1046 4352 exemplari
1065 4297 1128 4333 non
1147 4282 1313 4334 inseruisti:

161 4355 304 4408 sententia
322 4356 401 4408 enim
420 4353 588 4430 negativum
606 4354 708 4439 exigit.
746 4352 825 4405 Illud
842 4353 949 4416 tamen,
976 4369 1041 4405 meo
1060 4352 1177 4422 quidem
1196 4352 1314 4419 iudicio,

161 4425 194 4478 ab
212 4426 419 4497 interpolatore
446 4426 508 4480 nasi
532 4425 686 4501 sagacioris
709 4426 874 4495 proiectum
893 4432 957 4490 sst3·
979 4424 1030 4494 qui
1055 4424 1131 4494 quod
1156 4424 1315 4477 sententias
1357 4474 1363 4490 Ι
