2856 5084
339 229 342 236 ’
412 265 636 338 excussos
656 275 716 338 1u.
745 275 788 339 aa
808 275 835 343 1.
856 278 909 344 ss.
931 277 982 344 es.
1209 277 1273 343 ses

130 434 195 486 dem
213 433 319 487 dubito.
337 433 457 488 Ernesti
475 436 680 503 coniecturam,
697 451 807 502 regnem
824 455 879 508 pro
897 446 1022 506 casatam,
1035 431 1165 493 immane
1181 456 1272 508 quan-

129 512 192 557 tum
218 522 234 555 a
253 503 401 557 ciceronis
428 507 572 559 sententia
596 506 770 577 discrepare,
798 510 894 578 quivis
917 511 1006 564 videt.
1042 511 1129 563 Venit
1146 510 1220 563 mibi
1239 511 1271 562 in

130 582 272 638 mentem,
301 574 379 643 quod
402 572 574 635 Sobiitaium
602 579 778 647 suspicatum
801 595 861 633 esse
891 581 990 646 videa,
1022 581 1110 634 verbo
1137 579 1272 632 amisisset

130 660 249 715 prorsus
267 644 396 719 ablegato
416 644 591 714 simpliciter
608 646 669 722 legi
686 664 782 717 posse:
812 655 864 701 tam
881 656 996 703 caratam
1012 650 1125 714 amaiao,
1150 648 1200 700 loc
1218 666 1271 701 aa·

130 722 192 767 tem>
206 721 320 780 tempore
343 730 445 769 sensum
469 715 562 768 amisit
585 719 720 770 matorum.
756 719 790 771 Id
811 726 906 773 autem
932 738 985 790 per
1010 738 1134 795 netsgma
1160 719 1271 772 dictum

132 801 190 838 esse
215 794 296 854 puto,
319 794 353 837 ut
377 786 538 850 enotione,
567 804 638 854 quae
660 789 736 841 inest
759 789 847 842 verbo
874 791 1006 857 amittere,
1033 790 1209 849 eliciendum
1233 789 1272 842 sit

130 855 211 908 aliud
229 854 332 907 similis
359 856 485 908 notionis
508 855 637 923 verbum,
666 859 743 928 quod
760 858 795 911 ad
812 860 1052 914 eventamxreierri
1075 861 1176 931 possit,
1199 879 1226 913 v.
1245 874 1271 912 c.

131 926 280 990 effugisset,
304 924 441 978 evitasset.
477 926 535 978 Fac
561 929 648 991 enim,
680 929 732 991 ita,
760 931 998 998 quemadmodum
1026 946 1079 1003 ego
1111 930 1271 999 suspicatus

133 1013 205 1061 sum,
235 994 404 1049 Ciceronem
423 997 587 1065 scripsisse,-
615 998 703 1050 iacile
721 1000 788 1051 fieri
806 1003 934 1070 potuisse
958 1001 1104 1064 concedes,
1131 1008 1165 1052 ut
1182 998 1271 1052 libra·

132 1067 194 1118 rius
213 1066 244 1116 in
262 1067 395 1139 margine
412 1065 529 1118 adderet
547 1065 687 1132 amicisset,
707 1068 885 1124 indicaturus
903 1070 1050 1134 videlicet,
1068 1071 1188 1124 verbum
1206 1069 1272 1120 ami

131 1135 180 1200 sit,
200 1136 276 1204 quod
293 1137 433 1204 sequitur,
460 1139 545 1189 etiam
563 1136 621 1189 huc
637 1139 795 1207 pertinere.
833 1138 912 1206 Dixi,
932 1142 1008 1210 quod
1026 1141 1134 1204 sentio;
1158 1157 1212 1194 nec
1229 1147 1272 1192 ta·

132 1223 199 1259 men
217 1203 410 1270 diffitendum,
430 1206 523 1260 scabri
541 1209 638 1262 nescio,
655 1208 725 1278 quid
742 1217 772 1262 et
789 1209 925 1263 inurbani
942 1210 1035 1264 adbuc
1056 1211 1153 1265 verbis
1178 1211 1273 1265 inesse

131 1275 235 1328 videri.
273 1277 406 1330 iudicent
424 1278 604 1331 eruditiores.

90 1359 92 1364 ·
204 1346 341 1400 Ceterum
358 1364 475 1402 sensum
493 1348 551 1400 loci
568 1347 648 1400 hunc
666 1366 725 1404 esse
743 1357 851 1404 statuo:
880 1349 911 1404 si
929 1350 1005 1404 vivis
1023 1349 1105 1414 liliis,
1129 1349 1273 1403 incolumi

133 1431 166 1468 ac
183 1417 305 1471 florente
322 1434 424 1492 regno,
443 1418 595 1472 occidisset
612 1418 754 1482 Priamus,
771 1423 903 1489 protecto
913 1421 1063 1490 praeclare
1079 1418 1113 1474 de
1132 1425 1274 1474 eoactum

113 1494 222 1540 esset:
259 1496 387 1541 vacasset
410 1490 489 1542 enim
515 1490 645 1542 omnibus
664 1489 726 1542 illis
745 1490 839 1556 malis,
867 1508 939 1561 quae
958 1490 990 1542 in
1008 1490 1140 1565 longiore
1162 1491 1224 1541 vita
1241 1489 1273 1539 in
1313 1483 1322 1547 J

134 1575 201 1609 eum
218 1558 376 1612 irruebant.
414 1559 494 1624 Quod
511 1560 648 1628 quoniam
667 1561 694 1613 ei
710 1558 819 1613 invidit
835 1564 962 1624 fortuna,
988 1561 1020 1612 in
1037 1559 1094 1614 hoc
1117 1568 1212 1612 umen
1229 1560 1274 1610 fe·

133 1624 178 1678 lix
196 1629 352 1682 censendus
371 1637 423 1694 est,
442 1629 518 1699 quod
535 1648 552 1682 a
569 1629 752 1684 diuturniore
770 1630 968 1684 calamitatum
985 1647 1071 1684 sensu
1090 1637 1184 1684 morte
1202 1629 1275 1680 libe-

133 1706 214 1750 ratus
237 1707 289 1752 est.
327 1700 420 1766 Quare
444 1700 648 1774 gratulandum
696 1700 772 1755 otius
790 1709 861 1766 erat,
887 1719 972 1770 quam
990 1700 1159 1774 lugendum,
1182 1699 1274 1751 vitam

134 1768 163 1826 ei
180 1787 197 1821 a
214 1769 327 1839 Pyrrho
345 1778 474 1840 ereptam
492 1770 585 1824 esse.“
605 1801 637 1814 -
701 1771 857 1824 illerbecls'o
879 1771 935 1825 hoc
959 1777 1010 1822 tam
1036 1778 1152 1822 comtum
1170 1769 1275 1820 omniuo

133 1837 267 1892 amisisset
284 1841 458 1910 (improprie
476 1840 603 1911 quidem,
621 1841 669 1894 ssd
700 1842 796 1894 iocose
814 1842 924 1896 dictum
941 1841 1068 1903 videtur,
1093 1854 1161 1909 pro:
1185 1847 1274 1902 „tum

134 1909 252 1976 quidem
270 1910 375 1963 multas
394 1910 463 1964 istas
477 1911 657 1964 *calamitates
675 1926 734 1964 non
752 1911 882 1976 vidisset,
909 1912 985 1980 quod
1009 1909 1115 1964 melius
1141 1907 1275 1965 fuisset.“

134 2009 168 2021 -
186 1979 329 2032 Keaaeras
350 1979 468 2035 eandem
491 1989 605 2034 secutus
632 1981 797 2046 lectionem,
825 1980 901 2033 hanc
926 1997 987 2034 esse
1015 1981 1056 2031 ait
1089 1978 1274 2032 sententiamt

132 2047 235 2115 „Bene
259 2058 355 2103 actum
378 2060 442 2105 erat
464 2051 499 2105 dc
517 2052 638 2115 Priamo,
664 2051 750 2120 quod,
777 2051 888 2104 amissis
906 2050 966 2103 suis
983 2051 1074 2113 bonis,
1101 2066 1198 2102 caesus
1215 2055 1274 2111 θεὶς

133 2120 176 2174 sic
195 2128 276 2174 certe
294 2136 352 2178 oon
371 2122 497 2191 amplius
516 2122 607 2176 sensit
624 2123 708 2183 mala,
726 2138 799 2190 quae
817 2122 874 2175 sibi
895 2120 1073 2174 acciderunt.
1110 2120 1154 2172 Ac
1171 2118 1276 2171 melius

128 2199 230 2242 actum
247 2191 350 2244 fuisset
367 2191 402 2244 de
421 2207 463 2256 eo,
491 2192 515 2245 si
533 2193 565 2245 in
583 2191 770 2260 amplissimis
787 2192 914 2245 fortunis
932 2189 1099 2255 occidisset3
1127 2205 1195 2240 nam
1212 2197 1275 2240 tum

133 2277 193 2314 non
210 2261 341 2325 vidisset,
361 2279 447 2330 quam
465 2263 605 2316 miserum
623 2269 654 2315 et
671 2263 734 2331 ipse
753 2270 782 2314 et
800 2270 861 2315 tota
878 2279 927 2315 sua
937 2279 1017 2382 Fgens
1036 2268 1065 2313 et
1083 2275 1208 2333 regnum
1225 2257 1277 2309 ha·

132 2331 215 2383 beret
242 2332 410 2384 eventum.“
434 2364 466 2374 -
505 2331 631 2397 arellius,
660 2340 772 2386 servata
797 2333 905 2396 eadem,
964 2330 1103 2394 AWolfii,
1139 2328 1275 2392 lectione,

134 2403 276 2454 enarratis
295 2401 426 2455 breviter
442 2403 570 2455 aliorum
587 2403 698 2472 aliquot
716 2404 876 2467 sententiis,
901 2401 1026 2466 ‚,altius,
1051 2402 1103 2462 ait,
1130 2398 1181 2450 hic
1204 2398 1276 2451 latet

133 2471 223 2523 ulcus.
262 2472 298 2523 In
315 2479 443 2526 mentem
461 2474 543 2526 venit
561 2473 657 2525 nescio
677 2473 739 2527 cuit
766 2475 822 2524 tals
840 2479 1059 2537 anapaestum
1085 2470 1187 2522 omnino
1210 2470 1294 2522 ami*

132 2540 215 2593 sisset
233 2540 282 2604 (cf.
301 2542 352 2594 lib.
371 2546 398 2598 3.
419 2542 441 2606 i.
460 2542 517 2608 st.)
536 2542 566 2595 id
584 2550 641 2597 ests
669 2560 815 2611 nunquam
834 2543 998 2596 istiusmodi
1022 2541 1135 2594 cantico
1153 2557 1169 2592 a
1186 2537 1278 2612 tragi-

133 2611 174 2663 cis
200 2612 360 2666 celebratus
387 2620 461 2666 esset
486 2613 660 2666 miserabilis
689 2614 749 2666 eius
779 2613 906 2670 exitus.“
942 2611 1021 2677 Quod
1044 2627 1139 2675 nemo,
1164 2610 1277 2678 opinor,

133 2681 282 2751 probabile
305 2683 391 2735 dicet.
418 2711 450 2720 -
486 2684 653 2750 FAWolfias
677 2683 708 2734 in
733 2683 839 2736 scholis
859 2683 986 2753 explicat
1009 2681 1152 2744 amisisset,
1179 2688 1213 2731 ut
1239 2679 1278 2731 sit

134 2751 257 2803 amittere
273 2752 313 2804 ali
336 2752 387 2805 uid
405 2770 420 2805 s
438 2754 567 2806 manibus
592 2755 735 2816 emittere,
760 2753 840 2806 sich
867 2761 971 2807 etwas
996 2750 1176 2826 entgehen
1204 2750 1278 2799 las-

135 2839 211 2886 sen,
235 2838 296 2874 aus
315 2771 390 2875 (ben
409 2822 554 2878 Hinden
571 2825 707 2888 lassen,
736 2821 839 2874 nicht
888 2822 1043 2876 eradezu
1068 2834 1177 2870 unser
1203 2831 1278 2868 aar·

135 2891 261 2943 lieren:
291 2891 339 2944 Er
361 2893 487 2946 wiirde
511 2895 608 2947 diess
633 2893 828 2966 traurigen
881 2891 1065 3010 reipnisss
1090 2885 1278 2969 nichter-

134 2960 212 3014 lebt
229 2960 351 3014 haben.
373 2994 406 3004 -
441 2962 522 3015 Hanc
540 2962 646 3016 Wolfii
664 2962 886 3030 explicationem
904 2977 935 3013 so
948 2978 994 3012 am
1014 2975 1074 3012 esse
1091 2955 1277 3027 probabilem,

135 3031 293 3100 siquidem
313 3039 429 3084 eventum
446 3033 579 3085 amisisset
597 3039 669 3084 esset
686 3047 703 3083 a
722 3030 861 3083 cicerone
879 3032 1053 3099 profectum,
1081 3029 1123 3078 ait
1141 3025 1201 3091 On,
1228 3024 1279 3079 sed

134 3101 166 3153 id
185 3102 280 3170 ipsum
299 3103 352 3154 sibi
370 3102 521 3155 admodum
541 3101 660 3154 dubium
680 3101 783 3156 videri.
808 3100 955 3169 Improbat
972 3106 1069 3150 autem
1089 3095 1191 3149 Kornii
1211 3111 1278 3147 ver-

135 3170 247 3224 sionem
265 3189 281 3223 a
298 3173 493 3227 Billerbeckio
512 3172 581 3236 (non
600 3171 749 3224 nominato
766 3170 894 3235 auctore)
912 3170 1093 3239 adoptatumt
1112 3164 1222 3220 W‘ir’
1241 3181 1279 3216 er

134 3257 249 3294 zuvor
267 3244 476 3315 gestorben,
495 3244 587 3296 dann
604 3242 684 3296 witr’
704 3257 742 3295 er
759 3239 966 3310 iiberhaupt
984 3256 1038 3291 um
1056 3238 1122 3292 den
1141 3233 1279 3318 cha-lg

135 3312 350 3384 gekommen.
386 3313 559 3382 „Quidquid
577 3320 628 3376 est,
646 3313 755 3387 pergit,
774 3317 880 3364 creatas
899 3310 924 3363 si
941 3326 1009 3363 vcra
1028 3316 1071 3362 est
1089 3307 1212 3376 scriptio
1231 3322 1279 3356 m-

134 3381 335 3456 telligendum‚
356 3393 395 3437 ut
417 3384 453 3438 de
477 3392 571 3437 morte
592 3383 720 3437 violenta
747 3383 809 3435 sive
832 3396 902 3436 nece
920 3378 1063 3450 Scipionis
1085 3377 1163 3432 lael·
1181 3375 1204 3440 §-
1225 3377 1276 3429 14:

133 3466 253 3504 maerere
270 3451 321 3505 boc
339 3454 397 3505 sias
415 3455 547 3508 eventui.
566 3471 589 3507 e.
610 3453 691 3507 trisu‘
709 3451 821 3506 exient<
864 3494 868 3501 .

206 3522 266 3574 lam
283 3529 316 3573 ut
333 3541 425 3578 meam
444 3525 480 3578 de
497 3524 543 3576 his
563 3525 715 3578 sententiis
732 3524 904 3578 sententiam
925 3521 1155 3592 qualemcunque
1172 3516 1276 3582 dicam,

135 3599 174 3654 ets
203 3592 273 3660 quid
300 3609 352 3666 ego
378 3596 564 3663 potissimum
589 3595 718 3664 probem,
745 3611 899 3662 exponam:
922 3611 974 3668 age
999 3592 1098 3662 paucis
1122 3590 1276 3662 defungar.

137 3663 236 3714 Tamen
252 3661 319 3714 inde
338 3672 434 3718 ortmn
453 3682 512 3718 esse
531 3666 674 3728 existimo,
699 3665 776 3733 quod
798 3665 914 3718 librarii
932 3663 1043 3731 quodsi
1068 3661 1179 3714 dictum
1196 3666 1278 3729 puta-

134 3739 202 3784 rent
218 3747 272 3800 pro
291 3733 403 3786 etiamsi.
439 3735 594 3787 accidisset
610 3736 790 3805 scripserunt
808 3737 840 3800 ii,
868 3734 920 3804 qui
937 3734 1031 3802 quoda
1052 3732 1163 3786 dictum
1181 3731 1279 3783 crede·

133 3801 202 3854 bant
219 3818 273 3871 pro
292 3803 318 3854 si
335 3803 394 3857 bac.
421 3805 492 3870 Tam,
512 3805 589 3876 quod
605 3806 824 3860 commendatur
842 3807 929 3858 etiam
948 3823 964 3856 a
984 3803 1147 3857 Goerenzio
1165 3800 1202 3852 ad
1215 3798 1276 3851 Cic.

134 3869 169 3926 de
186 3873 272 3925 Finn.
292 3873 330 3925 11.
350 3878 394 3929 15.
414 3879 456 3931 ‹ts-
476 3877 524 3938 (ad
545 3876 643 3954 verpa:
678 3884 714 3938 et,
741 3876 889 3942 siquando
907 3880 983 3942 turpe
1000 3888 1056 3924 aaa,
1070 3872 1117 3934 eit,
1144 3877 1207 3923 tam
1225 3884 1278 3920 aaa

134 3958 193 3994 esse
210 3958 262 3994 aon
280 3948 365 4008 turpe,
385 3944 448 4008 [ubi
464 3947 553 4021 vulgo
572 3946 724 4021 legebatur
742 3947 838 4010 tanea]
857 3960 931 4012 quarn
948 3944 980 3995 ta
996 3958 1014 3993 a
1032 3939 1200 3994 multitudine
1219 3939 1277 3990 laa-

134 4013 244 4079 detara)
273 4015 383 4082 optime
409 4032 440 4068 se
460 4013 544 4070 babet
567 4017 621 4069 illo
646 4017 680 4069 da
698 4016 783 4068 Finn.
806 4014 880 4079 loco,
909 4029 975 4067 cum
994 4017 1160 4093 opponatur
1184 4024 1275 4092 qpam:

133 4091 233 4136 nostro
258 4084 322 4137 loco
346 4091 399 4138 tam
425 4084 510 4154 plane
535 4087 660 4141 otiosum
685 4093 744 4140 est:
771 4084 958 4153 (quodecim
985 4090 1036 4136 tam
1055 4097 1163 4151 opponi
1181 4086 1222 4130 ast
1239 4078 1277 4130 Η.

133 4151 295 4224 Stephanus
322 4156 418 4209 verbis
441 4155 492 4208 Isca
509 4162 595 4209 auten
621 4162 749 4222 tempore:
777 4155 807 4208 id
829 4170 933 4209 rerum
951 4161 1037 4218 esset,
1060 4154 1083 4204 si
1102 4148 1279 4205 scriberetur

134 4230 187 4275 tam
212 4224 374 4291 quidemr)
404 4233 489 4279 tanea
516 4227 677 4280 sententiae
705 4234 749 4279 est
775 4224 969 4278 contrarium.
1021 4224 1134 4277 Talem
1162 4225 1279 4272 estatem

133 4293 221 4364 (quod
239 4294 314 4348 mibi
332 4314 445 4367 quoquc
464 4297 571 4352 dudum
589 4298 620 4349 in
638 4303 766 4350 mentem
783 4296 877 4366 venit,
895 4303 1049 4364 antequam
1065 4292 1140 4346 idem
1159 4290 1193 4344 ab
1211 4288 1279 4343 aliis

134 4366 329 4438 excogitatum
346 4368 465 4436 scirem)
486 4376 530 4423 est
547 4374 601 4421 tam
618 4367 729 4433 tristem,
748 4369 850 4438 quatem
867 4364 971 4420 scimus.
1011 4364 1102 4422 Talea
1124 4369 1221 4416 autem
1247 4361 1279 4413 in
