2856 5084
499 292 503 307 ·
583 267 711 351 ulcus
730 262 775 348 r,
802 268 855 335 a.
956 322 957 327 .
1221 269 1285 340 aas

136 433 301 513 nesciunt,
328 450 391 496 neo
411 431 534 511 Graeci
555 433 695 501 [satiust
725 453 807 522 ergo
829 433 866 495 hi
887 433 923 494 iu
943 429 1090 519 illorum,
1121 433 1226 500 atilli
1247 437 1284 500 in

134 515 257 584 horum
286 535 441 580 sermone
471 517 580 581 surdi:
612 518 789 601 omnesque
818 514 892 595 [id]
920 534 982 581 nos
1016 517 1052 578 iu
1078 516 1122 580 iis
1148 519 1284 607 linguis,

134 704 212 772 fari
228 705 370 763 nesciant:
389 707 494 760 melius
512 707 544 759 in
555 715 626 760 vett.
634 707 719 760 libris
732 707 842 761 Graece
856 705 937 773 ‘fere
958 703 1115 763 nesciatur
1132 704 1170 758 Α.
1180 703 1281 764 siloa.

135 778 173 831 N·
193 777 253 831 cic·
273 778 321 829 lv·
343 782 385 835 1⁷·
427 813 434 830 ⁸
453 780 515 834 389·
536 804 570 815 '¹¹
593 817 595 823 ·
649 827 651 831 .

143 885 147 888 -
204 846 341 915 Epicurei
371 796 461 903 mitri
473 849 589 906 „Graece
614 850 676 914 {ere
702 845 855 914 nesciant]
891 847 1053 914 „Iustuleius
1086 847 1167 901 nobis
1193 848 1286 923 vulgo

134 917 241 975 Graece
257 918 336 983 fari
353 919 487 974 nesciant.
506 920 565 974 Sed
581 919 657 974 hano
674 919 848 993 elegantiam
864 917 998 972 debemus
1016 918 1088 973 Pall.
1106 925 1175 972 tert.
1189 928 1283 989 quart.

132 989 217 1042 Fabr.
237 989 350 1046 Gembl.
369 990 485 1044 Vatic.“
503 988 587 1044 asoa.
623 990 784 1059 „Epicurei
800 1006 858 1042 non
875 1006 891 1042 a
911 989 936 1042 ti
953 991 983 1042 h.
998 989 1020 1042 l.
1038 989 1114 1042 unde
1130 989 1211 1043 varie
1228 988 1285 1044 hoc

131 1059 255 1113 verbum
271 1069 412 1114 tentatur.
448 1062 578 1114 Davisius
597 1062 716 1115 coniicit
734 1059 867 1130 operarii.
891 1007 942 1126 fin
959 1061 1015 1113 Ed.
1032 1063 1068 1116 it
1097 1060 1147 1114 ubi
1169 1069 1287 1115 annota-

133 1130 209 1184 tioni
231 1149 298 1186 suae
321 1130 393 1184 haec
414 1131 537 1185 addidit:
574 1131 671 1186 Obstat
698 1131 864 1202 suspicioni,
889 1131 984 1206 (mugi
1011 1131 1042 1185 h.
1066 1131 1087 1183 t
1112 1132 1286 1201 Epicureos,

132 1217 259 1270 quorum
277 1201 453 1272 principem,
471 1204 642 1272 Epicurum,
658 1220 748 1273 saepe
761 1202 910 1255 indoctum
924 1201 1182 1273 appellstcicsro,)
1199 1201 1285 1268 illud,

134 1271 213 1340 quod
229 1279 293 1324 tum
310 1275 449 1347 temporis
456 1271 648 1327 Romanorum
666 1274 809 1326 nobilium
825 1291 930 1347 magna
945 1291 1012 1344 pars
1028 1273 1154 1342 Epicuri
1172 1289 1202 1326 se
1219 1289 1287 1344 par-

133 1342 212 1394 tibus
235 1342 368 1410 dedisset,
395 1345 476 1414 iique
499 1346 562 1397 fers
586 1345 705 1399 Graccis
728 1344 825 1398 literis
849 1352 932 1397 eraut
960 1344 1080 1402 exculti.
1121 1343 1170 1396 An
1194 1343 1201 1356 “
1224 1345 1286 1397 itur

135 1414 335 1482 reponendum
352 1414 516 1481 operarii
530 1415 625 1469 nostri
642 1415 698 1468 -t
724 1433 761 1467 an
784 1414 879 1484 potius
905 1431 963 1468 vox
983 1415 1081 1484 prims
1101 1430 1200 1500 prag
1256 1431 1286 1470 e-

134 1490 212 1536 mate
229 1483 391 1550 habundat]
410 1485 481 1551 Quia
498 1495 562 1555 post
571 1484 674 1540 Graeci
691 1487 767 1540 nude
786 1485 932 1551 dicuntur,
951 1485 1036 1539 credo
1054 1492 1084 1539 et
1101 1491 1191 1540 nostra
1208 1485 1284 1539 nude

125 1553 261 1622 ⁴positum
279 1555 452 1621 aCicerone,
473 1565 502 1609 et
518 1557 655 1625 Epicurei
672 1573 731 1609 esse
751 1574 766 1610 e
783 1565 851 1609 nota
868 1556 1045 1630 glossatoris,
1064 1557 1118 1627 qni
1132 1557 1286 1624 didicerat,

132 1641 151 1677 a
169 1623 307 1678 cicerone
325 1625 479 1696 Epicureis
497 1627 650 1681 infantiam
666 1627 756 1680 obiici
773 1627 921 1680 solitam.“
952 1628 1025 1681 Ern.

204 1695 343 1764 Epicurei
361 1697 453 1750 nostri
471 1699 576 1753 Graece
592 1701 654 1765 fere
671 1697 807 1764 nesciant]
842 1698 970 1752 Fairnus
994 1698 1024 1752 le
1062 1698 1151 1752 ndum
1167 1699 1286 1770 putabat

133 1762 209 1832 opici
226 1770 325 1834 nostri,
345 1784 465 1836 eamque
484 1771 680 1823 coniecturam
698 1770 838 1840 optimam
853 1768 996 1822 iudicabat
1040 1770 1143 1822 rsinus.
1175 1771 1285 1824 Forsan

132 1836 292 1905 Epicureos
309 1839 427 1912 sugillat
454 1842 487 1893 ob
506 1843 638 1916 neglecta
664 1841 830 1916 linguarum
851 1839 1112 1910 humaniorumqus
1129 1840 1285 1896 literarum

132 1907 236 1971 studia,
255 1909 330 1965 sicut
340 1925 448 1972 eorum
464 1920 558 1982 pater,
577 1913 711 1965 Ciceroni
728 1911 834 1981 passim
850 1910 980 1964 indoctas
997 1912 1086 1963 audit.
1122 1911 1161 1965 D.

205 1977 307 2043 Nostri
324 1980 429 2035 Graece
446 1983 507 2048 fere
523 1983 656 2048 nesciant,
674 1998 723 2035 nec
740 1981 841 2036 Graeci
857 1977 973 2048 Latine]
1009 1982 1130 2064 „Vulgo
1149 1981 1286 2034 edebatur

132 2046 269 2115 Epicurei
287 2051 386 2106 nostri.
408 2079 440 2092 -
460 2056 548 2107 Recte
566 2070 635 2107 vero
653 2054 725 2106 Era.
743 2071 772 2104 v.
791 2052 932 2121 Epicurei
955 2051 1072 2104 uncinis
1094 2051 1224 2119 inclusit,
1250 2059 1285 2104 ut

155 2120 288 2175 losscma:
308 2123 437 2178 Wolfius
456 2124 574 2177 eiecit.“
592 2123 670 2178 Scisz.
700 2123 829 2180 Wolfius
848 2138 961 2191 quoque
980 2123 1012 2173 in
1031 2122 1138 2176 scholis
1157 2123 1285 2194 ineptam

134 2137 206 2244 §icit
224 2193 347 2268 glossam
364 2213 393 2246 v.
412 2194 555 2263 Epicurei,
584 2211 704 2264 eamque
725 2195 849 2247 eiectam
873 2193 959 2247 video
983 2193 1072 2246 etiam
1089 2193 1122 2244 in
1139 2193 1194 2247 Ed.
1210 2195 1284 2247 Tbn.
1360 2211 1363 2215 ·

133 2263 198 2336 Ego
215 2281 282 2317 cum
299 2266 371 2322 Ern.
390 2267 481 2322 Nobb.
501 2266 548 2319 Or.
567 2267 681 2321 uncinis
706 2263 823 2329 inclusi,
846 2271 879 2316 ut
902 2271 1075 2333 suspectamt
1102 2263 1209 2315 eiicere
1234 2279 1286 2316 no-

133 2333 188 2397 lui,
206 2351 282 2398 oum,
306 2336 362 2388 nisi
385 2335 442 2390 hoc
467 2338 562 2408 ipsum
584 2336 756 2390 vocabulum
778 2335 951 2388 aCicerone
968 2335 1112 2402 scriptum.
1126 2340 1180 2399 est,
1205 2332 1287 2391 aliud

134 2413 214 2459 certe
234 2406 295 2463 eius
312 2407 376 2461 loco
394 2409 483 2463 fuisse
501 2410 645 2462 videatur.
682 2408 717 2460 ln
733 2420 792 2459 uno
809 2405 877 2460 cod.
898 2405 948 2458 Ox.
967 2412 1011 2458 est
1026 2403 1171 2472 Epicuri,
1190 2402 1223 2455 in
1240 2421 1287 2459 rs·

133 2475 225 2546 liquis
240 2478 375 2532 omuibus
392 2478 469 2532 MSS.
489 2478 632 2548 Epicurei.
668 2479 724 2532 Pro
740 2492 844 2546 graece
862 2483 905 2530 est
920 2476 955 2529 iu
971 2474 1039 2528 aod.
1061 2474 1135 2529 (tud.
1154 2480 1181 2530 l.
1202 2474 1286 2530 Gre-

133 2563 195 2614 cae,
222 2547 255 2602 in
274 2549 347 2604 Gud.
366 2551 392 2606 2.
419 2559 461 2604 est
479 2549 607 2619 Epicuri
625 2548 718 2604 nostri
734 2563 847 2617 graece,
873 2547 922 2599 sed
939 2546 1009 2598 huic
1032 2546 1137 2599 tertiae
1154 2546 1222 2600 voci
1240 2563 1287 2598 sn·

134 2621 332 2690 perscriptum
350 2628 391 2673 est
408 2620 526 2676 latini.
563 2623 618 2676 Pro
635 2619 819 2687 terebrabant
836 2618 898 2684 fari
912 2618 984 2670 Edd.
1003 2616 1184 2683 anteaebh,
1201 2618 1287 2670 item-

135 2707 191 2758 que
210 2700 335 2760 quatuor
353 2691 423 2744 Oxx.
443 2694 515 2749 Gud.
536 2695 610 2747 Mon.
630 2695 656 2746 1.
675 2694 702 2749 2.
720 2689 810 2744 Rehd.
831 2687 892 2754 [ssd
908 2688 958 2742 hic
974 2704 1058 2758 supra
1075 2688 1141 2753 lin„
1168 2689 1201 2741 in
1218 2705 1288 2742 con·

133 2762 222 2814 textis
241 2760 342 2827 ferre}
378 2763 488 2823 Verum
504 2763 579 2816 vidit
596 2763 654 2816 iam
673 2761 818 2818 Schottus.
853 2760 952 2835 Pergit
976 2758 1043 2812 Cod.
1068 2762 1144 2813 tlon.
1164 2763 1192 2814 2.
1214 2776 1284 2827 ergo

134 2829 181 2895 ii,
207 2832 304 2884 Duisb.
329 2848 399 2904 ergo
423 2831 476 2887 itii.
512 2833 587 2886 Oum
615 2834 668 2887 illo
692 2833 805 2886 faciunt
826 2830 899 2884 ΕΜ.
923 2833 953 2883 Ρ.
979 2829 1012 2882 Α.
1032 2830 1065 2886 B.
1090 2831 1121 2883 G.
1145 2832 1179 2883 V.
1202 2833 1285 2886 Junt.

133 2901 198 2954 Asc.
218 2907 243 2957 1.
264 2905 290 2958 O.
318 2899 379 2967 [sed
395 2921 487 2980 marg.
507 2904 565 2958 MS.
584 2903 628 2970 hi]
656 2907 727 2957 Ven.
753 2909 843 2955 nostr.
868 2901 967 2956 Herm.
993 2905 1018 2956 l.
1038 2903 1065 2955 2.
1088 2901 1157 2957 Rcb.
1184 2900 1284 2970 scepta

133 2973 199 3025 Post
217 2973 337 3025 illorum
356 2975 422 3028 God.
441 2974 530 3029 Rehd.
552 2976 662 3028 omittit
680 2980 715 3029 et.
748 2973 833 3026 Vind.
854 2976 879 3028 1.
906 2971 993 3024 habet
1016 2969 1047 3025 in
1074 2978 1285 3026 nostrornm.

133 3043 231 3096 Duisb.
252 3044 331 3096 addit
347 3051 412 3131 sant
428 3055 492 3116 post
509 3047 601 3100 sardi.
638 3048 700 3101 Mr.
826 3115 832 3128 ι
1093 3114 1100 3128 ⁸
1146 3115 1153 3129 ⁵
1230 3115 1236 3128 ι

133 3131 353 3242 intrat
368 3113 1287 3260 tria{intrati,attinuerit

133 3254 165 3310 P.
185 3257 297 3314 Manat.
331 3259 456 3311 ,amutii
474 3259 671 3313 coniecturam
689 3265 861 3328 receperunt
879 3257 975 3309 hamb.
996 3267 1025 3310 et
1043 3259 1109 3310 Fra.
1128 3256 1214 3313 Eabr.
1232 3259 1287 3312 lle-

134 3325 194 3380 fart
212 3337 307 3402 autem
326 3328 413 3382 Goth.
434 3330 466 3381 in
484 3348 574 3404 marg.
594 3349 610 3383 a
627 3328 763 3384 hambino
781 3336 932 3398 receptum
951 3345 1010 3380 esse
1028 3326 1135 3382 itidem.
1173 3328 1236 3381 Μν.

205 3397 351 3466 Omnesque
374 3400 404 3453 id
426 3400 494 3466 noe]
533 3399 634 3455 officit
656 3399 750 3453 sensui
767 3416 824 3452 vox
848 3399 948 3451 media.
986 3399 1134 3453 assuctus
1158 3406 1188 3450 et
1203 3400 1287 3451 Lam·
1348 3450 1352 3464 ,

134 3466 217 3522 binus
236 3479 381 3541 reponunt
399 3487 545 3540 omnesque
562 3474 638 3538 item,
656 3471 705 3523 vel
722 3470 830 3536 itidem
848 3486 907 3525 nos.
943 3469 1017 3522 Mihi
1034 3486 1153 3539 prorsus
1170 3469 1288 3522 uidetur

134 3537 264 3608 delenda,
291 3557 346 3594 nec
372 3559 434 3595 eain
451 3550 610 3617 agnoscunt
628 3544 690 3596 Mes.
710 3541 824 3594 Balliol.
846 3549 878 3594 et
894 3539 963 3592 Bak.
1000 3540 1091 3593 Forte
1108 3547 1216 3604 tanen,
1240 3540 1287 3592 in-

134 3612 337 3680 terpunctione
355 3621 475 3677 mutata,
494 3614 693 3676 rescribamus,
710 3610 759 3666 iili
775 3611 805 3664 in
825 3609 923 3664 horam
939 3622 1064 3664 sermone
1078 3610 1166 3664 ,surdi
1183 3627 1284 3666 manes.

135 3680 227 3747 Quid?
239 3681 313 3806 ἕω
331 3681 362 3736 in
381 3681 426 3737 isis
444 3683 563 3752 linguis,
583 3699 653 3754 qaas
669 3698 724 3737 aon
741 3682 933 3751 intellegimus
950 3709 984 3720 —
1001 3681 1086 3736 sardi
1100 3683 1224 3751 profecta
1242 3699 1287 3737 sn·

133 3767 204 3810 mas.
270 3789 278 3806 .

205 3822 358 3891 Omnesque
382 3823 416 3877 id
442 3823 509 3890 nos]
546 3826 725 3900 „Ingeniosa
747 3832 792 3877 est
809 3824 919 3877 Davisii
946 3826 1127 3879 coniecturas
1147 3857 1179 3869 -
1200 3821 1287 3877 sardi

134 3909 239 3949 ornnes.
268 3895 359 3951 Quid?
381 3912 432 3950 nas
456 3929 499 3949 -.
538 3897 594 3950 Sed
620 3912 686 3948 cum
712 3896 744 3950 id
767 3911 825 3948 non
850 3896 890 3948 sit
913 3896 945 3947 in
968 3895 1081 3964 aliquot
1104 3896 1166 3948 eius
1189 3894 1286 3960 cndu,

133 3966 264 4036 itemque
287 3967 319 4018 in
340 3983 398 4021 uno
416 3967 498 4020 Leid.
524 3977 554 4020 et
577 3984 641 4020 mea
658 3967 711 4020 Ed.
730 3974 802 4032 vet,
825 3965 884 4018 hoo
906 3966 1001 4018 solum
1021 3965 1192 4017 vocabulum
1216 3965 1287 4017 abii-

134 4037 278 4102 ciendum,
296 4037 412 4108 reliqua
429 4039 516 4092 lectio
534 4038 672 4091 servanda
687 4037 812 4090 videtur.
831 4035 1031 4104 Wopkensius
1048 4037 1141 4091 Lectt.
1161 4033 1241 4087 Tull.
1261 4037 1285 4092 1.
1341 4098 1355 4116 ⁸

134 4109 178 4164 21.
198 4109 401 4163 studiosissime
420 4109 548 4162 defendit
567 4109 642 4161 illud
659 4109 699 4162 id.
717 4107 774 4160 Sed
791 4124 859 4158 oum
877 4115 1026 4175 repetatur
1044 4106 1128 4159 sardi
1145 4107 1175 4156 in
1194 4121 1286 4175 seqq.‚

133 4179 196 4233 eius
219 4181 279 4235 riri
300 4180 427 4234 rationes
451 4187 632 4245 evanescunt,
663 4196 757 4248 neque
782 4178 918 4246 cuiquam
946 4184 1064 4248 possunt
1090 4178 1287 4230 satisfacere.“
1338 4211 1341 4217 ι

131 4248 223 4305 Boni.
259 4251 341 4305 Dicit
358 4251 498 4305 nimirum
515 4250 714 4321 Wopkensius
732 4250 771 4320 (p.
792 4250 844 4304 114
862 4266 903 4316 sq.
925 4249 985 4302 159.
1004 4246 1109 4314 Hand.)
1128 4249 1287 4315 „neutrius

129 4322 245 4406 generis
265 4336 424 4392 pronomen
446 4324 555 4394 saepius
577 4321 679 4375 venire
701 4337 756 4392 pm
780 4317 907 4386 eiusdem
921 4324 983 4370 vsut
998 4317 1073 4370 alius
1097 4321 1211 4406 pneris
1228 4319 1289 4374 ad·-

130 4394 246 4467 1ectivo,
266 4394 507 4465 quemidmodum
523 4409 683 4467 pronomen
709 4392 742 4448 ist
766 4390 817 4445 hic
836 4389 984 4462 exprimat
1011 4387 1185 4448 adiecturum
1207 4407 1275 4446 aoso
