2856 5084
200 274 264 342 aaz
554 246 780 337 stannum
796 271 1004 339 sauram
1071 317 1076 322 .
1124 275 1128 280 ·

111 501 114 504 ,
201 435 390 507 llnaoigauit3
423 435 501 509 quod
523 436 575 491 hio
604 437 766 508 oppositum
796 455 854 493 esse
879 436 963 492 debet
990 443 1031 504 tot
1059 453 1172 494 cursum
1198 443 1356 510 temanum

202 511 439 581 quemadmodum
458 509 555 575 remis,
581 513 619 576 τῷ
640 509 715 562 velis
739 511 798 562 sive
822 511 925 562 ventis.
962 510 1053 579 Atqui
1075 511 1239 580 enavigare,
1264 530 1358 584 aeque

202 583 339 641 convenit
356 580 490 649 utrique,
511 589 539 632 et
557 580 693 654 remigio,
713 590 742 634 et
759 580 958 634 velificationi.
993 580 1181 647 Quamobrem
1199 585 1241 636 sic
1258 593 1359 637 totum

201 653 298 707 locum
323 653 488 716 reformem,
518 650 658 718 Equilus
677 651 807 720 quoniam
832 659 974 720 tamquam
1000 668 1015 705 e
1041 653 1228 721 scruposis
1249 655 1359 709 cotibus

201 723 400 791 eremigaoi
406 730 418 775 t
444 724 543 786 oratio,
571 722 697 790 reliquae
721 722 924 791 disputationis
948 737 1058 775 cursum
1083 724 1227 781 teneamus.
1263 725 1359 779 (iuius

202 796 384 846 coniecturae
405 809 568 863 sponsorem
586 793 656 847 daho
675 794 769 863 ipsum
787 794 966 857 Ciceronem,
994 793 1044 844 ubi
1070 793 1105 846 de
1127 795 1181 848 bac
1205 796 1303 848 eadem
1322 815 1358 850 re

201 864 334 934 loquitur
351 865 465 917 Tuscul.
485 866 535 928 IV,
548 867 574 919 4.
610 863 707 917 Utrum
726 865 815 931 igilur
832 867 933 928 mavis,
952 863 1081 918 statimne
1100 882 1150 918 nos
1167 867 1232 918 vela
1249 868 1358 934 facere,

202 951 239 990 an
258 935 340 1005 quasi
357 951 372 988 c
387 943 472 1002 portu
491 936 667 1002 egredientes
680 936 839 1004 paullulum
856 937 1020 1008 remigare?
1039 944 1068 988 et
1086 953 1109 988 c.
1131 938 1156 991 5.
1185 938 1359 1007 Quaerebam

201 1005 304 1076 igitur,
324 1012 415 1060 utrum
432 1007 588 1077 panderem
605 1006 670 1058 vela
694 1006 835 1059 orationis
853 1006 961 1067 statim,
988 1020 1025 1059 an
1043 1021 1104 1058 eam
1123 1014 1185 1060 ante
1200 1008 1359 1075 paullulum

201 1077 426 1131 Dialecticorum
446 1077 533 1130 remis
551 1077 756 1147 propellerem.
794 1078 926 1146 Denique
951 1076 1007 1130 hoc
1030 1077 1091 1147 ipso
1119 1079 1213 1148 capite
1232 1081 1275 1134 14.
1303 1078 1356 1133 lib.

202 1148 250 1201 lv,
277 1149 357 1202 Nunc
373 1149 447 1212 vela,
467 1164 538 1217 quae
556 1149 639 1200 modo
658 1149 778 1213 dicebas,
803 1156 972 1215 expectamus
991 1155 1017 1200 et
1036 1165 1160 1200 cursum.

274 1218 341 1288 Gap.
363 1220 405 1274 15.
446 1219 602 1282 Vitiositas,
623 1234 656 1271 ea
675 1235 728 1286 qua
739 1221 922 1272 concitantur
939 1219 1179 1286 perturbationem
1198 1234 1269 1288 quae
1281 1227 1357 1288 sunl,

201 1297 231 1344 ul
246 1292 343 1357 paullo
361 1296 423 1342 ante
441 1290 575 1354 diximus,
594 1289 700 1342 turbidi
718 1292 874 1343 animorum
892 1289 1075 1358 concitatique
1091 1290 1202 1355 motus]
1228 1292 1285 1343 Hic
1302 1307 1358 1361 pro

201 1361 378 1414 concitantur
396 1363 475 1413 Mssti
492 1360 597 1418 habent
616 1361 782 1426 cogitantur.
820 1361 902 1414 Unde
927 1361 979 1412 alii
998 1377 1033 1413 ex
1057 1360 1222 1414 coniectura
1240 1362 1361 1430 agitan-

201 1438 249 1484 tur
270 1434 318 1485 vel
341 1431 529 1498 coagitantur.
566 1431 641 1495 Quae
664 1448 731 1483 cum
760 1431 830 1484 dura
854 1439 883 1484 et
907 1439 1004 1484 coacta
1029 1431 1098 1494 sint,
1126 1440 1159 1482 tu
1182 1432 1359 1487 concitantur

200 1502 339 1566 admittis,
359 1506 473 1555 favente
491 1501 660 1571 praesertim
680 1503 803 1555 Manutii·
819 1503 923 1554 codice.
952 1502 1026 1576 Ego,
1046 1504 1110 1571 quis
1128 1503 1166 1552 sit
1184 1503 1237 1555 ille
1256 1503 1357 1571 codex,

201 1574 310 1627 nescio:
338 1574 411 1625 illud
433 1574 507 1626 scire
524 1573 634 1635 videor,
664 1590 821 1642 numquam
846 1573 1016 1626 Ciceronem
1042 1581 1102 1625 tam
1121 1573 1244 1642 illepide
1262 1575 1358 1627 dictu·

201 1660 268 1696 rum
285 1645 382 1709 fuisse,
401 1645 474 1696 unde
492 1642 721 1697 concitantur
742 1643 971 1713 perturbationes,
997 1659 1068 1712 quae
1085 1650 1151 1697 sunt
1175 1644 1359 1699 concitati

201 1720 298 1768 molus.
335 1717 494 1768 Enimvero
519 1715 543 1766 si
567 1731 630 1767 rem
648 1715 748 1784 ipsam,
774 1732 832 1768 non
850 1715 1048 1767 librariorum
1066 1733 1166 1768 manus
1185 1724 1357 1785 spectamus,

201 1785 253 1838 rix
271 1785 350 1855 aliud
368 1787 527 1854 scripserit,
548 1798 633 1854 quam
652 1784 834 1849 orientum·
860 1795 893 1837 ut
916 1785 947 1835 in
966 1786 1074 1853 protasi
1092 1785 1178 1837 huius
1196 1787 1357 1840 sententiae

201 1856 247 1910 aa
272 1872 304 1909 ea
324 1856 616 1924 proficiscuntur.
654 1854 703 1908 Sic
725 1855 840 1909 Tuscul.
864 1856 913 1923 lv,
939 1857 983 1911 28.
1020 1856 1065 1909 Ea
1091 1873 1142 1926 quc
1167 1856 1280 1911 laetitia
1304 1863 1356 1912 aul

201 1925 291 1986 libido
309 1930 439 1992 oriatur;
458 1935 487 1980 et
505 1928 546 1978 ita
563 1928 677 1996 passim.

273 1999 345 2052 lbid.
385 2001 459 2055 Quae
485 1998 628 2068 siquando
645 1999 746 2068 adepta
773 1998 869 2052 estid
891 1998 963 2068 quod
989 2000 1018 2052 ci
1040 1999 1127 2065 fuerit
1159 1998 1358 2068 concupitum]

201 2071 257 2123 Pro
275 2071 337 2121 istis
356 2070 457 2135 adepta
475 2078 516 2123 est
534 2071 644 2123 codices
663 2070 797 2122 meliores
805 2069 913 2121 habent
924 2071 1018 2122 eadem
1035 2071 1174 2137 piaretur,
1193 2071 1242 2124 vel
1261 2072 1359 2125 eadem

105 2153 107 2158 '
199 2148 354 2208 putaretur,
372 2141 421 2194 vel
439 2140 563 2209 denique
582 2142 831 2208 eademptaretur.
858 2140 916 2194 Ubi
935 2148 967 2191 tu
985 2149 1065 2194 certe
1084 2159 1183 2194 veram
1200 2142 1360 2198 lectionem

201 2212 310 2276 vidisti,
329 2212 378 2264 sed
396 2212 464 2264 dum
482 2211 568 2262 nimis
586 2227 682 2280 presso
700 2212 772 2281 pede
789 2211 920 2284 vestigiis
939 2210 1069 2263 codicum
1087 2212 1232 2278 adhaeres,
1260 2229 1361 2265 corru-

223 2282 280 2334 isti.
319 2282 405 2356 Legis
424 2283 511 2348 enim,
539 2283 615 2337 Quae
640 2281 790 2349 siquando
815 2282 918 2350 adepta
936 2286 1024 2347 retur,
1054 2283 1130 2351 quod
1154 2300 1208 2352 pro
1227 2283 1271 2335 ele
1293 2293 1360 2336 ante

231 2354 380 2421 ellenismo
397 2353 498 2406 haberi
516 2353 599 2405 velis.
637 2355 721 2406 Esto:
752 2352 870 2405 Flaccus
894 2355 971 2406 forte
995 2353 1043 2406 vel
1067 2353 1174 2406 Statius
1197 2354 1246 2406 vel
1270 2301 1361 2409 iilius

139 2440 142 2451 ·
202 2424 243 2477 ita
268 2424 350 2494 loqui
374 2424 501 2477 vellent:
530 2424 583 2476 etsi
608 2424 659 2475 rix
684 2440 729 2476 eos
754 2423 942 2476 crediderim:
977 2441 1071 2494 neque
1095 2424 1362 2494 enimexemplum

202 2497 337 2566 suppetit.
375 2493 414 2547 At
432 2496 533 2548 Cicero
552 2511 748 2563 nequaquam,
777 2493 827 2563 qui
845 2494 952 2564 ubique
970 2503 1037 2564 post
1054 2512 1120 2549 reor
1137 2497 1311 2548 accusativos
1331 2504 1361 2549 et

202 2564 363 2619 infinitivos
380 2567 472 2635 ponit.
507 2566 546 2617 Le
567 2571 584 2617 ‘e
603 2566 709 2633 itaque,
729 2565 806 2634 quod
822 2573 856 2616 tu
875 2566 979 2635 opinor
995 2565 1106 2631 vidisti,
1125 2564 1173 2619 sed
1190 2566 1360 2635 repudiasti,

202 2638 277 2692 Quae
297 2635 450 2706 siquando
470 2652 535 2689 sca
558 2642 646 2703 eptam
664 2643 759 2689 retur.-
791 2635 840 2686 ubi
863 2653 920 2686 una
946 2635 1094 2690 dumtaxat
1117 2636 1203 2689 litera
1230 2635 1360 2704 additur,

201 2708 277 2760 sicut
295 2707 327 2758 in
345 2717 394 2759 tua
411 2708 536 2761 lectione
556 2707 689 2759 demitur.
729 2706 870 2759 Continuo
890 2707 1024 2774 sequitur

272 2777 343 2846 lbid.
384 2779 453 2831 Tum
471 2780 529 2830 fert
547 2778 736 2842 alacritatem,
756 2783 786 2830 ut
804 2775 877 2830 nileil
895 2793 957 2831 esse
975 2782 1088 2845 constet,
1115 2775 1188 2844 quad
1206 2782 1295 2845 agat.-
1327 2783 1360 2831 ut

201 2847 262 2914 ille,
289 2851 338 2920 qui
354 2851 522 2918 uoluptatem
547 2850 635 2903 animi
659 2848 776 2902 nimiam
793 2848 929 2908 summum
953 2863 1013 2902 esse
1031 2864 1157 2902 errorem
1174 2849 1359 2916 arbitratur]

201 2919 258 2975 Ubi
277 2920 406 2991 primum
424 2920 571 2996 ingeniose
590 2927 623 2970 tu
641 2920 755 2987 reponis
784 2919 854 2971 Tum
873 2921 988 2985 effertur
1011 2919 1173 2982 alacritate,
1193 2936 1260 2971 cuin
1280 2919 1360 2972 codi-

202 3007 249 3044 ces
268 2992 383 3061 quidam
401 2992 523 3044 habeant
541 2997 598 3043 lam
616 3005 650 3042 ea
668 2991 761 3055 fertur
778 2990 937 3042 alacritate.
976 2991 1019 3043 Ita
1044 2991 1149 3060 passim
1168 2988 1280 3054 Gicero,
1304 2990 1359 3056 El-

143 3063 145 3066 ’
202 3064 258 3128 fert
275 3078 305 3114 se
323 3063 446 3126 laetitia,
466 3064 574 3127 Efferri
592 3061 712 3125 laetitia,
732 3064 824 3114 elatus
842 3061 962 3114 laetitia.
999 3059 1078 3113 lllud
1096 3059 1179 3113 modo
1198 3060 1361 3112 leviculum

201 3140 268 3185 tuae
287 3135 469 3185 coniecturae
488 3133 568 3197 addo,
586 3130 743 3204 legendum
760 3132 854 3185 videri
873 3140 940 3185 tam
957 3131 1006 3182 vel
1025 3132 1080 3184 ila
1097 3148 1151 3201 pro
1170 3137 1235 3195 lum,
1260 3139 1295 3182 ut
1311 3147 1361 3183 re·

201 3203 315 3255 feratur
332 3204 366 3256 ad
382 3207 435 3255 ut.-
453 3210 519 3256 tam
538 3204 652 3269 effertur
670 3200 828 3268 alacritate,
848 3210 877 3255 ut
893 3201 967 3256 altit
983 3209 1089 3255 constet
1107 3200 1180 3272 quod
1198 3207 1277 3270 agat.
1309 3200 1369 3255 Sic*

201 3272 230 3326 le
252 3291 282 3327 o:
301 3283 374 3341 turn,
395 3274 470 3342 quod
488 3274 590 3326 deinde
608 3272 846 3325 considerandum
862 3275 954 3337 venit,
975 3273 1044 3341 quid
1063 3273 1147 3337 illud,
1167 3289 1281 3341 quaeso,
1305 3281 1358 3338 est,

163 3405 164 3408 Ἰ
201 3289 276 3398 silit
299 3361 372 3398 esse
398 3351 514 3410 constet,
539 3344 610 3412 quod
627 3344 720 3410 agat?
756 3345 889 3397 Profecto
908 3348 1011 3397 constet
1030 3359 1091 3397 esse
1108 3343 1186 3395 nihil
1211 3344 1290 3395 aliud
1308 3359 1361 3397 no-

202 3424 265 3470 tare
283 3416 401 3487 poterit,
423 3434 509 3485 quam
526 3421 633 3483 pateat,
652 3414 845 3484 liquealesse5
864 3415 974 3484 quoda
993 3414 1135 3467 sententia
1152 3430 1269 3484 prorsus
1288 3414 1361 3467 alie·

203 3505 275 3539 num
293 3497 346 3542 est.
382 3487 453 3539 Dele
479 3488 572 3562 igitur
594 3482 625 3539 τὸ
651 3501 720 3551 csse,
749 3494 778 3537 et
796 3487 870 3560 lege,
899 3486 936 3540 Ut
954 3483 1028 3539 nillil
1051 3490 1163 3550 constet,
1188 3484 1262 3551 quod
1279 3473 1358 3553 igal.

203 3559 316 3628 Nempe
334 3558 421 3611 verba
439 3567 516 3622 suut,
544 3565 578 3608 ut
603 3565 632 3609 et
655 3556 707 3607 illa
733 3557 891 3626 sequentia,
915 3559 1018 3611 Poetae
1036 3555 1157 3622 Comici,
1190 3573 1263 3625 quae
1284 3557 1360 3610 inte·

201 3629 301 3704 griora
316 3628 403 3681 habes
421 3629 495 3698 apud
513 3631 653 3680 Nostrum
671 3627 705 3679 de
724 3627 788 3678 Fin.
809 3627 848 3693 11,
870 3629 913 3682 14.

370 3699 462 3751 Tanta
481 3697 592 3752 laetitia
609 3704 707 3750 auctus
726 3713 795 3762 sum,
816 3703 845 3751 ut
868 3695 962 3753 uilil
984 3704 1128 3751 constet.

201 3769 248 3824 sic
267 3770 307 3821 ibi
325 3769 471 3822 Victorius
491 3767 589 3831 edidit,
610 3777 638 3820 et
657 3769 698 3820 sic
716 3770 761 3820 tui
780 3768 908 3821 codices:
932 3771 963 3820 in
982 3768 1047 3820 aliis
1066 3768 1238 3821 editionibus
1257 3787 1361 3840 perpe-

200 3858 263 3894 ram
281 3843 386 3904 sertur,
407 3839 445 3894 Ul
458 3839 528 3894 milti
545 3855 600 3892 nau
619 3845 755 3892 conulem.-
775 3839 850 3910 quod
868 3839 902 3891 ab
920 3839 1175 3909 interpolatoribus
1193 3842 1358 3909 profectum

202 3920 253 3965 est.
292 3913 406 3966 Constet
424 3920 519 3964 autem
542 3909 664 3980 perinde
687 3911 774 3971 valet,
800 3928 833 3962 ac
857 3917 1006 3977 congruat,
1031 3915 1165 3979 suppetat,
1189 3911 1291 3963 stabile
1309 3913 1359 3976 fir·

200 3998 325 4052 mumque
345 3984 392 4036 sit.
426 3982 565 4052 Sequitur
584 3982 727 4050 deinceps,
749 3981 786 4035 Ut
804 3982 864 4047 ille,
884 3982 928 4050 quei
940 3982 1115 4050 uoluptatem
1133 3979 1224 4034 animi
1242 3981 1360 4036 nimiam

201 4069 332 4108 sumnmm
356 4070 416 4108 esec
441 4070 567 4107 errorem
591 4052 761 4108 arbitratur.
806 4052 934 4123 Respicit
956 4053 1006 4105 hic
1031 4053 1066 4105 ad
1090 4069 1206 4104 versum
1231 4053 1359 4105 Trabeae

200 4132 303 4195 poetae
320 4126 446 4188 Comici3
476 4133 509 4176 ut
532 4124 587 4176 tibi
610 4132 689 4176 recte
713 4132 755 4176 est
778 4123 953 4177 adnotatum.
991 4123 1084 4193 Epist.
1104 4124 1183 4175 Fam.
1204 4123 1245 4189 11,
1265 4128 1291 4179 9.
1316 4125 1358 4175 sic

184 4195 323 4248 xeundem
341 4197 464 4248 adducit.
501 4196 537 4248 In
556 4211 619 4265 quo,
638 4195 745 4264 inquit,
770 4210 832 4247 aum
849 4196 1029 4264 obiurgarer,
1055 4195 1129 4264 quod
1146 4195 1232 4248 nimio
1250 4192 1357 4262 gaudio

199 4281 288 4335 paene
305 4267 467 4334 desiperem,
492 4266 537 4320 ita
558 4283 601 4320 me
619 4264 807 4333 defendebam.
843 4268 905 4334 Ego
929 4269 1102 4334 uoluptatem
1119 4265 1210 4319 animi
1228 4265 1356 4321 nimiam.

200 4338 247 4392 Ex
263 4337 310 4390 his
329 4337 434 4390 duobus
452 4338 525 4390 locis
542 4337 629 4391 facile
648 4335 764 4390 eruitur
785 4355 884 4391 versus
902 4337 1027 4390 Trabeae
1045 4335 1231 4403 Trochaicus,

366 4409 429 4477 ligo
447 4409 618 4478 uoluptatem
629 4409 719 4462 animi
732 4406 852 4462 nimiam
864 4423 1001 4464 summum
1011 4424 1070 4463 csse
1080 4424 1208 4462 errarem
1216 4405 1354 4462 arbitror.
