2856 5084
197 248 258 316 ns
333 228 336 235 '
393 247 625 312 nonnosus
646 247 893 316 ruscumu.
916 250 1149 319 nrseurnr.

195 416 363 479 neminem
394 418 537 516 cognovi
565 418 708 498 poium,
732 416 780 494 (et
807 417 891 477 mihi
912 418 978 501 fuit
1005 438 1080 481 cnm
1101 416 1247 500 Aquinio
1269 421 1353 481 umi-

195 500 305 579 oitia,)
335 500 390 581 qui
422 500 487 561 sibi
520 519 587 559 non
621 501 767 582 optimus
800 499 995 563 uidereturt
1028 503 1075 562 sic
1104 521 1140 561 sc
1161 519 1217 571 rus
1239 501 1352 584 hebet,

196 581 265 661 „Te
287 592 354 658 tua,
376 601 422 643 me
443 581 603 644 delectant
624 583 708 644 meo“
734 621 768 630 -
792 581 862 659 sed,
883 591 923 644 ut
943 582 984 645 ad
1006 583 1207 663 Dionysium
1234 584 1352 648 redea-

195 769 243 823 καὶ
269 768 298 823 oi
324 771 443 836 ποιηταί.
480 772 533 824 Pro
557 768 680 838 Aquinio
705 769 887 822 autemrvidi
915 778 1044 823 notatum
1074 771 1106 822 in
1129 770 1252 838 quodam
1275 772 1352 826 libro

106 900 111 921 ἴ
195 857 256 894 oum
279 839 478 910 aliquibus.
519 840 650 895 Ursinus.
680 841 723 893 cf.
743 840 873 893 Turnebi
892 841 1040 894 Adversar.
1061 841 1124 894 ΧΠ.
1146 845 1169 896 l.
1189 861 1216 910 p.
1236 845 1288 899 373
1307 861 1350 914 sq.

195 912 316 964 Aristot.
336 911 405 963 Eth.
426 912 473 965 IX.
495 916 518 969 7.
538 907 736 980 ὑπεραγαπῶσι
754 912 784 965 oi
800 916 909 978 ποιηταὶ
927 909 960 966 τὰ
979 914 1066 966 οἰκεῖα
1085 910 1245 980 πράγματα,
1267 917 1352 986 orip-

195 999 290 1051 γοντες
307 981 395 1051 ὥςπερ
414 984 501 1037 τέκνα.
524 1015 555 1025 -
594 983 660 1038 Cod.
680 987 755 1037 Mon.
777 987 801 1037 1.
820 983 906 1035 habet
926 981 1072 1038 adhunc
1091 983 1234 1039 neminem.
1271 985 1332 1039 Mr.

267 1069 328 1107 rum
346 1052 480 1121 Aquinio]
517 1055 591 1120 „Vel
609 1055 705 1126 potius
723 1053 842 1122 Aquino,
861 1062 894 1105 ut
912 1063 954 1107 est
972 1055 1003 1105 in
1020 1072 1078 1108 uno
1097 1053 1164 1107 Cod.
1179 1053 1258 1108 Leid.
1278 1055 1354 1109 Con·

196 1125 330 1178 firmatur
356 1125 428 1179 haec
453 1125 613 1179 emendatio
633 1125 741 1179 Catulli
767 1125 811 1195 ep·
868 1134 974 1178 minate
998 1127 1070 1178 XIV.
1091 1123 1160 1190 [te]
1184 1126 1352 1180 ubi'omnes

196 1196 282 1258 Codri.
301 1195 410 1248 habent
428 1197 565 1265 Aquinos,
592 1196 640 1262 [in
657 1143 909 1267 hendecasiiriboz
939 1212 1055 1248 curram
1074 1194 1197 1249 scrinio.-
1225 1196 1351 1261 Carrion

195 1266 356 1336 Aquinor
382 1265 430 1332 -]
466 1268 542 1337 quod
567 1284 666 1320 versus
682 1267 820 1340 'flagitan
855 1267 1012 1328 ·Debebant
1042 1276 1121 1320 certe
1147 1267 1214 1320 inde
1242 1267 1353 1321 Catulli

195 1338 370 1407 interpretes
390 1339 537 1413 corrigere
554 1339 651 1408 potius
670 1339 848 1403 Ciceronem,
877 1357 963 1408 quam
982 1356 1018 1390 ex
1035 1338 1175 1391 Cicerone
1194 1337 1351 1392 Catullum.

183 1408 322 1476 *Aquinus
339 1409 436 1478 potuit
455 1427 512 1462 esse
532 1425 637 1462 nomen
661 1409 789 1462 familiae
807 1410 959 1474 Romanae,
983 1417 1015 1460 ut
1034 1409 1192 1477 Crispinus,
1221 1407 1353 1466 Siiuinus

196 1480 272 1533 cet.“
291 1476 380 1531 Boui.
418 1479 578 1548 „Aquinius
602 1496 671 1555 ergo
688 1483 773 1550 poeta
797 1479 971 1532 deterrimus
994 1480 1060 1532 fuit.
1086 1479 1150 1530 Vid.
1170 1478 1248 1532 Glnv·
1269 1480 1353 1534 (icte-

196 1568 263 1603 rum
288 1568 323 1603 ex
350 1550 463 1603 Catullo
490 1551 645 1626 legendum
671 1549 790 1617 Aquino.
833 1551 908 1603 Nam
935 1551 975 1603 ibi
1002 1551 1151 1626 corrigere
1178 1551 1351 1605 eCicerone

196 1620 335 1692 Aquinius
353 1630 479 1674 metrum
497 1627 556 1675 no'n
573 1620 675 1675 sinit.“
698 1622 766 1677 Ern.

267 1690 346 1744 Milu·
362 1692 418 1758 fuit
436 1709 497 1746 cum
514 1691 642 1763 Aquinio
662 1689 804 1757 amicitia]
834 1691 961 1774 Philipp.
982 1690 1154 1744 Beroaldum
1177 1692 1253 1745 mala
1270 1711 1354 1746 mens

196 1764 327 1837 urgebat,
347 1780 484 1834 cumpro
503 1763 626 1833 Aquinio
655 1762 838 1833 rescripserit
855 1761 1008 1825 Arcdior'm
1039 1762 1089 1814 hic
1116 1762 1194 1815 enim
1218 1765 1353 1839 egregius

197 1843 260 1886 erat
278 1838 372 1899 Poeta,
392 1853 478 1903 quem
497 1836 624 1905 impense
642 1835 770 1886 laudavit
784 1834 912 1900 Tullius3
932 1841 960 1885 at
978 1832 1034 1885 hoc
1053 1834 1084 1884 in
1101 1833 1167 1886 loco
1184 1843 1263 1887 vates
1281 1836 1354 1887 stul·

196 1913 243 1956 tus
277 1914 306 1958 et
339 1905 453 1976 ineptus
481 1906 640 1972 denotatur,
675 1905 768 1976 qualis
799 1922 902 1958 revera
932 1904 990 1956 iuit
1020 1903 1171 1974 Aquinius.
1222 1904 1353 1962 Catullus

196 1975 300 2047 Epire.
318 1976 391 2028 XIV.

256 2024 273 2051 ⁰
363 2048 447 2113 Nam,
467 2048 495 2102 si
513 2051 626 2114 luxerit,
649 2049 688 2102 od
706 2044 905 2102 Libroriorum

364 2120 487 2174 Currum
505 2121 628 2184 scriniu3
655 2120 782 2186 caesios,
808 2119 959 2190 Aquinios,

342 2190 513 2257 -Suffenum,
532 2191 625 2244 omniu
643 2192 779 2259 colligam
795 2204 908 2256 uenena,

363 2261 408 2314 Ao
425 2269 451 2316 te
469 2260 513 2315 bis
531 2261 681 2331 suppliciis
699 2262 903 2314 remunerabor.
1412 2312 1420 2327 ,

197 2332 305 2385 Eliens.
331 2350 386 2385 sec.
414 2349 475 2387 cum
500 2331 604 2386 Attilio
632 2331 769 2386 amicitia:
797 2333 841 2387 ,Is
864 2332 1031 2386 durissimus
1058 2340 1120 2386 erat
1145 2336 1240 2399 Poeta,
1268 2350 1354 2403 quem

197 2412 338 2456 memorat
356 2413 455 2457 noster
473 2406 506 2457 ad
524 2406 612 2458 Attic.
632 2404 682 2460 lib.
702 2403 775 2454 xw.
794 2402 887 2475 Epist.
897 2406 941 2459 2⁰.
963 2413 991 2458 et
1010 2406 1045 2458 de
1063 2406 1129 2462 Fin.
1149 2405 1200 2457 lib.
1212 2405 1233 2458 1.
1254 2422 1315 2477 cap.
1323 2407 1350 2461 2.

199 2474 272 2528 Cave
291 2484 396 2539 tamen,
417 2476 571 2544 quicquam
590 2485 697 2536 mutes„
728 2475 765 2527 D.

270 2561 332 2599 crim
350 2544 491 2616 Aquinio]
520 2544 627 2612 „Recte
646 2547 716 2598 Dav.
744 2545 968 2620 intelligendum
993 2555 1090 2600 censet
1109 2563 1168 2600 esse
1185 2545 1352 2616 Aquinium,

113 2648 123 2665 .
199 2616 321 2668 stultum
340 2618 427 2668 istum
446 2626 474 2668 et
489 2618 624 2687 ,ineptum
643 2620 765 2688 po'e'tam,
790 2617 870 2669 cuius
895 2616 1034 2670 meminit'
1050 2616 1180 2672 Catullus
1201 2617 1233 2667 in
1254 2617 1350 2670 Carm.

198 2687 273 2738 XIV.
295 2689 369 2756 quod
388 2688 501 2740 Licinio
521 2688 617 2753 Calvo,
637 2691 738 2757 po'e'tae
762 2696 791 2739 et
814 2689 904 2740 amico
929 2688 1077 2758 inscripsit
1094 2706 1121 2739 v.
1143 2689 1184 2741 18.
1220 2686 1263 2739 Ad
1283 2705 1354 2739 eun·

200 2757 267 2809 dem
285 2760 403 2811 fortasse
422 2760 592 2812 referendus
612 2768 654 2812 est
673 2760 751 2811 iocus
770 2758 917 2812 Ciceroni&
935 2760 1009 2830 apud
1023 2758 1094 2811 Plut.
1115 2757 1176 2808 Vit.=
1184 2756 1243 2812 Cic.
1264 2775 1289 2809 c.
1300 2759 1351 2812 272

198 2827 320 2898 Μάρκον
343 2828 486 2894 ²Anv'ituou,
525 2830 622 2899 ἔχοντα
656 2830 708 2882 δύο
738 2829 878 2898 γαμβρούς
905 2826 1043 2900 φυγάδας,
1063 2826 1218 2899 Ἀδραστον
1248 2822 1353 2881 tuine.-

201 2901 277 2969 quod
296 2901 330 2954 de
348 2904 433 2971 poeta
452 2902 561 2953 dictum
587 2904 653 2971 plus
676 2901 815 2952 acuminis
838 2900 954 2952 videtur
976 2899 1112 2953 habere.“
1139 2899 1175 2951 A.
1198 2898 1350 2951 Weiciteri.

199 2971 290 3024 Poett.
310 2973 385 3024 Latt.
406 2973 499 3024 Hostii
518 2981 572 3024 cet.
592 2974 661 3025 vitis
682 2980 710 3024 et
728 2971 793 3035 rell.
815 2972 904 3040 (Lips.
926 2975 1004 3026 183⁰.
1024 2970 1062 3033 8.)
1080 2989 1108 3041 p·
1123 2973 1189 3032 ,141.
1205 3000 1238 3010 -
1266 2969 1354 3025 Wol-

199 3041 254 3093 fius
274 3043 363 3095 edidit
380 3044 502 3112 Aquino,
522 3044 610 3095 etita
629 3045 720 3096 estin
739 3041 845 3094 duobus
864 3044 933 3095 O'xx.
953 3042 1036 3093 Vind.
1060 3044 1083 3094 1.
1101 3042 1186 3094 Bern.
1211 3039 1272 3107 (sed
1290 3056 1355 3092 cor-

199 3120 313 3164 rectum
332 3123 374 3166 est
392 3113 528 3181 Aquinio)
548 3115 621 3167 Gud.
641 3118 665 3169 2.
686 3113 759 3185 Aug.
780 3113 868 3166 Rehd.
889 3113 960 3165 Edd.
981 3112 1009 3166 S.
1028 3114 1065 3164 Μ.
1102 3113 1166 3186 Ego
1185 3128 1255 3164 vero
1276 3111 1354 3163 obse·

200 3184 346 3250 quendum
365 3185 433 3236 duxi
452 3185 538 3237 Codd.
558 3187 626 3259 Reg.
647 3185 722 3237 Gud.
745 3188 767 3238 1.
789 3185 853 3237 rell.
889 3185 1073 3253 Eandemque
1098 3183 1132 3236 ob
1157 3199 1266 3233 causam
1286 3171 1371 3233 ium'

145 3265 149 3271 ·
199 3253 317 3329 Silligio
337 3256 420 3320 facio,
441 3256 558 3326 qui,'ex
575 3255 630 3308 hac
649 3257 709 3325 ipss
728 3255 801 3324 apud
819 3255 989 3308 Ciceronem
1007 3255 1144 3317 lectione,
1163 3271 1178 3304 a
1199 3253 1238 3305 ud
1257 3252 1355 3305 Catul-
1402 3289 1404 3293 -

199 3325 261 3376 lum
289 3329 438 3396 rescripsit
462 3344 527 3378 cum
551 3326 684 3385 Turnebo
708 3325 856 3394 Aquinios.
900 3326 945 3377 lta
979 3325 1056 3378 enim
1084 3272 1234 3377 'furacius
1261 3323 1281 3374 1.
1310 3339 1351 3374 c.:

198 3397 347 3463 „Carrion
375 3398 501 3467 Aquinus
524 3399 599 3450 male
632 3399 773 3466 scriptum
799 3397 933 3462 arbitror,
969 3413 1021 3466 pro
1046 3394 1170 3460 caesios,
1200 3392 1351 3463 Aquinioo:

200 3469 254 3522 etsi
274 3470 305 3520 in
323 3470 494 3521 modulando
518 3486 604 3522 versu
628 3469 741 3520 vocales
765 3467 987 3541 coniungendae,
999 3475 1075 3530 sunt,
1098 3476 1132 3517 ut
1150 3482 1248 3517 earum
1267 3472 1354 3516 coetu

198 3558 255 3591 una
273 3540 532 3611 comprehendatur
542 3540 657 3610 syllaba.
677 3539 758 3605 [Vult
775 3548 808 3590 ut
825 3538 940 3613 legatur
959 3538 990 3588 in
1007 3537 1116 3590 catulli
1135 3533 1353 3602 ἑνδεκασυλλάβῳ

198 3610 351 3678 Aquinjos,
370 3612 452 3663 utin
470 3612 619 3664 notissimo
639 3610 692 3661 illo
711 3609 888 3683 virgiliano:
926 3608 1090 3675 Fiuvjorum
1113 3623 1166 3660 rex
1188 3605 1352 3670 Eridanus}

198 3681 358 3750 Aquinium
378 3683 456 3735 enim
475 3676 582 3734 malum
600 3684 712 3750 poitam
725 3681 812 3731 fuisse
826 3699 840 3731 e
853 3680 992 3743 Cicerone
1011 3687 1130 3731 constat.
1158 3679 1231 3730 Nam
1252 3677 1355 3746 quinta

198 3752 358 3805 Tusculana
378 3755 418 3805 sic
437 3754 550 3806 scribit:
581 3749 670 3804 adduc
694 3750 830 3802 neminem
848 3749 965 3816 cognovi
981 3755 1103 3819 poitom,
1131 3748 1174 3812 (rt
1201 3746 1272 3800 midi
1295 3745 1354 3813 fuit

198 3839 258 3876 cum
275 3824 400 3894 Aquinio
420 3823 569 3888 amicitio,)
596 3824 645 3892 qui
671 3821 729 3874 sibi
756 3838 809 3874 non
831 3821 951 3890 optimus
974 3821 1148 3873 uideretur.“
1169 3851 1201 3861 -
1237 3819 1273 3869 In
1296 3833 1354 3870 uno

198 3895 248 3946 Ox.
269 3905 312 3947 est
338 3899 366 3950 ai
388 3898 441 3966 pro
468 3894 533 3959 sibi,
562 3913 596 3946 ex
619 3892 693 3944 male
717 3892 792 3944 lecto
820 3893 998 3960 compendio.
1028 3891 1125 3942 Duisb.
1154 3890 1266 3942 omittit
1291 3905 1352 3952 nun,

197 3966 339 4037 habetque
371 3984 436 4019 cum
465 3966 521 4018 alio
554 3966 603 4018 Ox.
633 3962 806 4015 uidebatur.
839 3963 912 4018 Gud.
940 3972 969 4015 et
992 3962 1078 4017 Vind.
1105 3965 1128 4015 1.
1163 3962 1206 4014 sic
1233 3976 1294 4012 reo
1321 3974 1356 4012 se

144 4069 146 4073 -
198 4034 288 4090 dubet.
327 4040 387 4091 Mr.
507 4097 511 4104 ¹

271 4110 309 4161 Te
327 4117 384 4174 tuo,
404 4124 446 4159 me
465 4107 601 4160 delectant
618 4104 690 4170 meu]
721 4105 783 4158 Hoc
801 4120 915 4174 quoque
933 4102 1119 4174 proverbium
1137 4101 1223 4154 habes
1242 4101 1273 4152 in
1292 4099 1355 4165 illa,

197 4196 284 4247 quam
299 4197 391 4250 ‘supra
416 4178 537 4243 laudavi,
569 4175 756 4230 collectione:
788 4176 903 4227 Erasmi
928 4184 956 4228 et
983 4176 1108 4228 aliorum
1126 4172 1235 4246 Adagin
1257 4178 1288 4243 p.
1309 4174 1353 4226 32.

198 4251 232 4302 ln
252 4252 369 4303 candem
387 4251 559 4302 sententiam
583 4247 714 4318 loquitur
732 4246 832 4300 Cicero
858 4246 892 4298 ad
915 4248 973 4298 Att.
999 4248 1073 4298 XIV.
1093 4247 1142 4298 20:
1171 4259 1258 4312 quare
1282 4242 1353 4306 sine,

198 4336 308 4385 quaeso,
340 4321 396 4374 ribi
428 4322 559 4390 quemque
586 4320 723 4372 scribere.-
747 4317 861 4370 Suom
892 4320 1018 4386 cuique
1053 4330 1234 4382 sponsum,
1266 4308 1357 4392 mibi

196 4402 317 4444 meum:
351 4407 444 4444 tuum
467 4392 590 4461 cuique
613 4405 781 4453 umorem,
807 4386 879 4441 midi
896 4405 1000 4442 meum.
1018 4403 1072 4439 non
1091 4385 1179 4439 scite.
1205 4382 1257 4437 boc
1280 4398 1357 4436 enim
