2856 5084
432 288 436 292 ’
516 260 828 339 mannum..
905 290 908 295 ’
989 294 992 300 ·
1164 271 1225 334 225

77 446 140 508 que
161 424 269 502 alteri,
290 424 361 488 Hic
382 435 431 489 est
451 425 507 489 ille
527 425 768 491 Demosthenes.
814 427 902 493 Quid
927 428 992 491 hoc
1018 431 1148 509 levius!
1180 434 1225 498 At
1256 457 1258 461 ⁴

77 517 227 591 quantus.
249 514 385 570 oratori
418 509 475 571 sed
502 509 590 591 apud
618 512 699 572 alios
730 510 826 590 loqui
859 509 1033 583 videlicet
1050 514 1224 590 didicerat,

76 611 143 652 non
163 591 303 651 multum
326 596 396 672 ipse
417 611 538 656 secum.
581 591 835 681 Intelligendum
858 602 909 655 cst
928 595 1046 679 igitur,
1064 600 1129 660 'nec
1149 599 1295 684 glo-104.

36 701 39 704 ’
75 675 161 734 riam
181 673 378 755 popularem
399 679 504 755 ipsam
537 693 597 756 per
618 695 689 738 sese
717 673 946 759 expetendam,
974 697 1035 739 nec
1064 678 1223 764 ignobili-

74 763 178 817 tatem
214 756 501 820 extimescendam.
558 755 637 820 Veni
669 752 827 836 Athenas,
859 759 970 839 inquit
999 759 1224 840 Democritus,

74 837 200 920 Neque.
215 857 261 899 me
291 841 454 920 quisquam
483 838 531 902 ibi
562 843 707 929 ognovit.
751 838 965 904 Constantem
993 841 1162 907 hominem
1191 855 1225 909 et

72 1024 220 1094 pulchrum
236 1032 277 1080 est
295 1028 386 1095 digito
403 1021 561 1079 monstrari
579 1029 605 1077 et
624 1023 726 1078 dicier:
752 1022 810 1079 Hic
828 1031 880 1079 eat.
911 1025 957 1083 (tf.
981 1027 1106 1082 Martini.
1126 1030 1160 1086 V.
1180 1030 1224 1088 13.

74 1101 101 1156 3.
120 1098 168 1150 lx.
187 1099 229 1153 98.
250 1101 276 1152 3.
297 1097 389 1151 Verba
409 1097 483 1152 Quid
500 1095 550 1160 doc
574 1092 662 1148 levius
684 1095 945 1165 desunt'inffcodd.
966 1099 1041 1152 Gnd.
1062 1106 1090 1153 et
1108 1098 1183 1154 Gnd.
1196 1104 1223 1161 2'.

74 1168 110 1219 In
128 1168 204 1220 lllon.
225 1170 248 1222 1.
270 1177 314 1220 est
333 1166 398 1221 Qui
415 1166 465 1221 loc
484 1165 590 1220 levius?
610 1169 658 1218 Ac
676 1174 830 1234 quantum
848 1175 952 1221 orator.
982 1170 1097 1227 Mireris
1116 1164 1224 1239 autem,

74 1240 223 1292 neminem
246 1245 364 1308 praeter
387 1238 477 1293 Nohb.
504 1245 534 1290 et
556 1237 655 1294 virum
673 1237 812 1303 doctum,
845 1239 896 1307 qui
918 1239 973 1292 Ed.
1000 1239 1072 1294 Tbn'.
1098 1242 1225 1309 curavit,

74 1326 135 1362 non
162 1309 373 1383 interrogandi,
407 1309 456 1361 sed
480 1307 667 1372 exclamandi,
704 1309 729 1360 si
752 1323 788 1360 no
817 1307 1055 1384 distinguendum
1089 1328 1150 1366 csse
1179 1314 1226 1366 vi·

74 1379 151 1432 disse
170 1388 236 1448 post
253 1385 362 1432 oraton
397 1381 452 1432 Pro
476 1383 506 1431 at
531 1385 575 1430 est
602 1384 650 1429 aut
673 1378 705 1429 in
731 1327 840 1431 duobus
865 1379 950 1444 Oxx.‚
977 1396 1102 1451 quorum
1132 1401 1225 1437 unum

74 1466 143 1501 cnm
167 1448 267 1502 Duisb.
297 1450 408 1502 omittit
435 1451 493 1503 sed.
537 1447 625 1501 Rehd.
653 1446 740 1501 habet
771 1451 827 1502 loct
850 1467 904 1520 pro
936 1451 1019 1519 loqui,
1056 1451 1134 1506 idem
1158 1469 1224 1507 cum

74 1521 149 1574 Gud.
170 1524 195 1576 2.
223 1520 333 1572 omittit
358 1520 497 1573 videlicet.
518 1520 602 1589 ¹illan.
623 1524 647 1573 1.
666 1518 753 1572 habet
771 1520 934 1586 didicerat.
968 1520 1058 1578 Rehd.
1079 1533 1135 1576 non
1152 1527 1225 1579 utut

73 1598 130 1644 tum
149 1607 228 1643 esse
247 1607 348 1643 secum:
380 1592 456 1660 quod
475 1599 519 1645 est
545 1591 721 1643 correctoris
750 1590 805 1643 sibi
833 1592 865 1643 in
884 1590 1024 1652 Cicerone
1052 1592 1224 1670 corrigendo
1310 1587 1312 1591 ’

73 1662 226 1731 placentis,
246 1663 297 1729 qui
315 1665 436 1715 fortasse
455 1661 491 1716 de
509 1661 562 1712 illa
580 1661 673 1715 Persii
699 1658 766 1726 (Sat.
787 1661 834 1714 IV.
855 1661 943 1727 extr.)
969 1665 1112 1717 sententia
1139 1666 1223 1741 cogi-

73 1741 164 1786 taret:
187 1733 285 1785 Tecum
303 1731 408 1798 lmln'ta,
427 1733 477 1786 vel
496 1733 531 1785 de
549 1733 706 1785 Horatiano
726 1731 789 1798 illo,
809 1729 867 1785 Sat.
888 1733 912 1789 I.
931 1736 958 1788 3.
976 1734 1013 1787 34
1032 1741 1073 1803 sq.
1086 1733 1224 1803 teipsum

73 1801 237 1866 concute-(i
254 1821 277 1858 e.
300 1811 410 1868 excute,
430 1801 579 1873 explora).
615 1802 661 1855 Ad
680 1820 714 1858 ,v.
735 1803 810 1872 apud
829 1804 903 1857 alios
928 1803 1007 1874 loqui
1030 1806 1145 1858 confert
1169 1805 1222 1860 Be-

75 1873 192 1926 roaldus
209 1873 297 1928 hosce
317 1873 429 1926 Sidonii
448 1873 627 1943 Apollinaris
644 1872 914 1943 hendecasyllabos:
1122 1875 1124 1878 ’

197 2003 198 2006 ¹
240 1947 295 2001 Qui
312 1942 499 1997 Pandioniam
516 1944 639 1996 movebat
659 1950 721 1997 arte
768 1960 774 2003 j

238 2016 343 2068 Orator
360 2031 472 2067 caveam
490 2015 687 2069 tumultuatus.-
751 2078 753 2082 Α

238 2088 293 2142 Seu
311 2089 415 2140 Iaesaum
434 2093 579 2154 raperetur
597 2085 629 2139 in
646 2083 812 2155 Philippum,

238 2161 355 2213 Causam
373 2173 420 2210 seu
440 2156 626 2223 Ctesiphontis
644 2159 791 2210 accelerem
855 2167 857 2170 ⁴

240 2230 296 2284 Vir
312 2245 419 2297 semper
434 2229 626 2297 popularitate
644 2243 778 2293 crescens,

239 2301 274 2352 Et
291 2300 365 2352 iuste
384 2300 508 2352 residens
525 2301 555 2352 in
574 2315 638 2352 arce
656 2299 751 2363 fandi.
788 2299 848 2351 Mr.

114 2386 116 2390 '
144 2372 362 2440 Intelligendum
388 2377 427 2421 est
458 2367 576 2436 igitur‚]
618 2367 686 2421 cod.
717 2367 806 2421 Rehd.
836 2367 948 2421 omittit
979 2368 1078 2438 igitur.
1124 2371 1223 2457 Pergit

72 2447 149 2499 Mon,
168 2448 194 2500 2.
217 2460 250 2496 ne
268 2457 322 2510 pro
341 2457 399 2503 nee,
419 2440 515 2492 Duisb.
536 2455 628 2508 neque.
646 2476 648 2482 f
666 2439 710 2492 Ad
727 2458 754 2492 v.
780 2453 840 2490 sese
864 2438 955 2494 Gebh.
993 2441 1145 2509 ,‚lnserui‚
1169 2450 1220 2507 ait,

72 2517 198 2570 alterum
226 2517 260 2566 ae'
280 2531 315 2565 ex
340 2509 416 2562 MSS.
444 2511 531 2562 Palat.
558 2509 716 2580 quatuor.“
751 2511 869 2563 Veteres
886 2510 1036 2562 'nimirum
1055 2512 1130 2578 Edu.
1158 2513 1221 2577 (ex-

73 2595 156 2657 cepta
173 2585 215 2650 Ρ.)
235 2590 300 2637 ante
321 2581 409 2635 Gcbh.
429 2579 536 2634 habent
551 2598 604 2651 per
628 2597 665 2633 se
684 2597 743 2650 erp.
770 2582 805 2633 In
829 2597 920 2656 marg.
940 2581 1057 2636 Lambb.
1086 2591 1115 2636 et
1133 2582 1221 2636 Goth:

73 2667 118 2712 est
131 2657 302 2710 'coniectura
317 2669 370 2722 per
389 2669 418 2704 se
438 2666 519 2704 esee
537 2652 724 2719 expetendum,
744 2667 839 2720 quam,
857 2659 892 2702 ut
910 2669 999 2718 suam,
1018 2654 1132 2723 recepit
1148 2653 1220 2708 Dar.

73 2728 105 2780 in
127 2727 180 2779 Ed.
199 2730 224 2782 2.
261 2727 296 2778 In
321 2722 407 2777 tertia
432 2723 467 2776 ad
491 2723 578 2775 Godd.
604 2724 780 2792 optimorum
803 2722 959 2776 lectionem
983 2741 1050 2776 cum
1076 2722 1175 2779 Genu*
1192 2743 1221 2779 se

11 2859 14 2863 ,
73 2797 231 2867 applicuit3
271 2813 336 2848 uem
354 2801 454 2864 postea
472 2796 570 2847 omnes
591 2795 683 2846 secuti
701 2800 776 2848 sunt.
807 2791 940 2862 Simplex
958 2790 988 2847 ae
1005 2792 1113 2848 habent
1133 2795 1220 2856 cota..

72 2870 150 2920 Mon.
169 2870 195 2922 2.
215 2866 255 2919 Re
280 2865 307 2918 d.
327 2863 427 2916 Duisb.
446 2863 558 2917 Habent
579 2865 658 2928 Veni,
678 2863 811 2933 inquit,
830 2861 988 2916 Athenae
1006 2865 1075 2918 (lod.
1096 2866 1180 2918 Vind.
1195 2870 1219 2919 l.

72 2938 146 2991 Edd.
165 2945 234 2991 vett.
256 2943 320 2989 ante
340 2933 432 2988 Gobh.
451 2951 561 3000 omnes,
582 2936 709 3003 exceptis
727 2935 802 2986 Vict.
830 2941 858 2986 et
873 2933 984 2999 'Lan1b.‚
1004 2941 1042 2998 et,
1072 2936 1149 3006 quae
1168 2934 1221 2988 has

10 3020 12 3023 ·
73 3015 284 3078 expresserunt,
304 3005 372 3058 Rob.
393 3003 492 3075 Steph.
512 3004 610 3060 Herw·
630 3007 707 3060 1540.
728 3013 757 3058 et
775 3005 840 3060 Frc.
860 3003 944 3056 Fabr.
963 3007 998 3057 In
1016 3007 1090 3059 Mon.
1102 3009 1127 3062 2.
1148 3007 1221 3059 scri-

71 3077 155 3148 ptum
175 3087 216 3132 est
234 3075 457 3131 Democllritua.
494 3077 553 3129 Mr.
617 3134 619 3138 Α
821 3109 822 3113 =
959 3081 961 3087 '
1004 3081 1006 3086 '

141 3168 236 3236 Neque
254 3183 296 3219 me
315 3165 460 3235 quisquam
478 3163 530 3218 toi
548 3162 684 3231 agnovit]
720 3161 882 3228 „Delenda
900 3164 1044 3232 particula
1069 3166 1120 3232 ibt,
1150 3182 1221 3236 quae

72 3255 132 3293 non
151 3247 193 3292 est
211 3239 242 3289 in
260 3237 407 3290 veteribus
426 3234 524 3288 libris:
544 3244 630 3304 atque
649 3233 726 3286 hanc
738 3236 911 3304 scripturam
924 3237 1099 3288 confirmant
1112 3236 1221 3290 Graeca

72 3310 160 3379 etiam
177 3310 271 3364 verba
282 3308 358 3377 apud
375 3306 536 3360 Laertiumt
562 3297 650 3371 ἦλθον
674 3299 736 3374 γάρ,
763 3323 841 3373 φησι,
860 3305 928 3375 πρὸς
946 3305 1130 3372 Marinae-uad
1148 3307 1222 3366 οὔτις
1323 3369 1325 3372 ¹

72 3400 109 3450 με
128 3379 288 3447 ἔγίνωσκε.“
311 3377 408 3432 Ursin.
439 3376 642 3441 „Aduerbium
660 3375 799 3428 iot-abest
817 3377 851 3428 ab
870 3376 989 3444 antiquo
1008 3382 1037 3429 et
1055 3376 1123 3431 satis
1140 3377 1222 3434 fideli

74 3451 244 3521 exemplari,
263 3459 296 3502 ut
313 3448 462 3500 Victorius
482 3447 514 3498 in
531 3448 596 3499 Var.
617 3446 696 3498 Lect.
716 3445 787 3504 XIX.
807 3449 850 3502 22.
870 3445 1027 3498 testatur.“
1053 3447 1117 3504 Fre,
1137 3447 1220 3501 Febr.

72 3523 108 3575 In
127 3540 217 3595 marg.
237 3520 352 3572 Lambb.
374 3526 403 3572 et
421 3517 509 3578 Goth.
529 3517 638 3568 dicitur
656 3515 752 3585 abesse
771 3517 812 3569 idi
830 3514 863 3568 ab
883 3516 1015 3581 omnibus
1034 3523 1105 3569 vett.
1132 3515 1219 3569 Oodd.
1324 3545 1326 3548 ·

67 3609 128 3645 -nec
150 3608 306 3665 agnoscere
331 3608 392 3644 eam
420 3595 520 3642 votem
538 3587 717 3639 Lambinum.
756 3585 812 3640 Sed
836 3602 893 3639 non
920 3585 1018 3638 omisit
1033 3603 1104 3640 eam
1121 3586 1218 3650 hamb.

73 3664 105 3714 in
123 3661 177 3713 Ed.
199 3663 276 3717 1566.
306 3662 419 3725 „Recte
437 3659 534 3711 Lamb.
557 3657 595 3724 [v.
615 3674 685 3728 quae
705 3657 790 3710 modo
808 3655 902 3727 posui]
923 3664 953 3709 et
970 3663 1030 3710 vet.
1050 3656 1118 3712 eod.
1139 3660 1149 3710 i
1171 3675 1222 3711 no·

73 3739 141 3786 rant
159 3729 210 3795 iti,
230 3729 306 3800 quod
323 3747 415 3798 neque
434 3732 465 3782 in
483 3730 572 3784 Palat.
591 3747 637 3798 pr.
658 3735 723 3781 tert.
747 3728 923 3800 agnoscitur.
943 3725 1006 3780 vid.
1024 3728 1135 3781 Victor.
1146 3677 1219 3781 {IX

72 3805 117 3859 22,
143 3801 232 3857 Palat.
253 3810 347 3870 quart.
372 3817 456 3868 neque
474 3799 517 3866 me
541 3799 687 3869 quisquam
710 3796 767 3850 ibt
791 3796 966 3866 ignovit.“
986 3797 1068 3850 Gebt.
1098 3799 1168 3851 Dav.
1189 3799 1222 3849 in

73 3873 127 3930 Ed.
148 3878 172 3926 1.
198 3871 293 3939 Neque
319 3888 361 3923 me
380 3871 520 3939 pruisquam
538 3869 668 3938 agnouit:
693 3869 814 3922 addensa
852 3871 1003 3933 „Petrens
1028 3875 1129 3921 noster
1156 3884 1222 3920 cnm

72 3944 199 4017 vulgatis
217 3940 303 3995 habet
322 3940 375 3993 toi
392 3944 512 4008 agnovit.
550 3941 606 3994 Sed
625 3941 710 3991 istam
721 3939 909 4008 particulam
922 3953 1024 3988 vacare
1040 3938 1107 3990 satis
1127 3945 1222 3991 osten·

73 4015 146 4068 dunt
164 4016 227 4083 ipsa
245 4011 407 4064 Democriti
426 4012 501 4079 apud
518 4012 611 4086 Πίος.1
622 4010 718 4061 Lairt.
738 4008 834 4070 verba,
865 4025 901 4060 ne
918 4006 1039 4062 Norvic.
1061 4023 1222 4061 memorem

73 4086 203 4156 aliosque
221 4081 350 4147 Μὸὃῑοε,Ι
364 4083 415 4151 qni
432 4081 488 4134 hoo
506 4080 707 4133 adsumentum
725 4077 891 4132 nesciunt.“
921 4077 957 4128 In
974 4074 1027 4127 Ed.
1048 4085 1142 4130 autem
1162 4096 1220 4132 sec.

73 4155 148 4207 dicit
166 4155 233 4220 (non
252 4160 367 4224 recepto
386 4153 450 4218 ital:
469 4149 545 4216 „Sic
562 4150 633 4205 Pall.
653 4167 699 4218 pr.
719 4156 786 4202 tert.
811 4155 840 4201 et
857 4147 968 4214 Eliens.
993 4163 1048 4199 sec.
1082 4147 1223 4219 Plerique

73 4241 143 4280 vero
162 4223 240 4278 MSS.
260 4225 337 4290 dant,
362 4239 446 4292 neque
467 4239 511 4274 me
529 4224 673 4342 piusquam
696 4219 750 4272 a'da'
768 4221 896 4293 agnovit.
932 4220 1038 4270 Parum
1065 4216 1095 4285 [i.
1117 4236 1140 4274 e.
1168 4236 1223 4274 non

73 4296 196 4361 multum]
224 4297 414 4360 sanerefert,
442 4301 510 4346 utro
547 4307 662 4345 eamus
686 4289 786 4343 modae
824 4288 932 4343 rationi
966 4296 1100 4359 receptae
1124 4290 1223 4346 favent
1248 4296 1252 4302 '

74 4370 196 4423 Graeca:
225 4366 297 4425 οὔτις
313 4386 350 4431 με
371 4361 523 4434 ἔγνωκεν.“
594 4379 620 4415 r.

100 4500 179 4541 Cicero
194 4497 259 4540 Tisse.
274 4497 345 4552 Disp.
358 4497 394 4541 ed.
409 4497 495 4540 Moser.
513 4495 537 4538 T.
553 4495 601 4538 ΙΙΙ.
959 4468 997 4532 15
