2856 5084
425 799 776 875 EXCURSUS
826 805 854 873 t

540 931 741 986 mamm

153 1032 229 1109 „Et
262 1034 312 1093 sie
351 1035 451 1112 ipsam
486 1037 617 1097 unimam
655 1031 913 1114 ἐντελέχειαν
952 1037 1214 1118 appellot'nono

233 1116 366 1191 nomine,
408 1119 501 1228 qpasi
535 1117 689 1198 qnondam
733 1121 948 1182 continuatam
983 1124 1145 1184 motionem
1183 1131 1215 1181 et

232 1214 405 1274 perennem.

139 1353 180 1407 Ile
199 1351 349 1424 ἒντελεχεία
367 1357 414 1408 vel
432 1353 585 1424 ἒνδελεχεία
603 1357 627 1410 si
646 1357 711 1426 quis
732 1361 862 1412 virorum
886 1359 1037 1413 doctorum
1057 1365 1211 1411 sententias

68 1440 211 1492 exponere
229 1433 313 1493 atque
332 1426 491 1479 diiudicare
510 1428 592 1490 velit,
619 1428 707 1479 facile
732 1429 757 1481 is
780 1430 889 1480 librum
914 1428 1095 1479 conscribere
1118 1428 1212 1497 possit

68 1495 135 1546 satis
154 1495 291 1564 amplum.
325 1495 395 1548 Cum
416 1497 609 1551 enim'seeulo
628 1495 739 1549 decimo
763 1498 865 1566 quinto
885 1497 989 1550 Graeci
1007 1495 1150 1561 homines,
1178 1497 1210 1548 in

68 1564 171 1632 quibus
198 1566 351 1634 praecipue
374 1569 433 1618 fuit
450 1567 655 1642 Argyropylus
680 1567 847 1636 Byzantius,
873 1567 1051 1618 Graecorum
1078 1570 1219 1621 veterum‘

67 1635 171 1686 literas
195 1636 389 1688 Romanorum
412 1635 583 1706 disciplinae
607 1638 694 1712 longe
718 1646 902 1707 anteponere,
929 1635 1037 1704 hasque
1056 1655 1122 1688 cum
1147 1636 1209 1689 illis

68 1713 266 1772 comparantes
284 1707 429 1775 despicere
448 1708 620 1775 coepissent,
638 1708 747 1758 factum
767 1714 819 1771 est,
845 1715 878 1759 ut
897 1725 933 1760 ex
957 1705 1013 1759 hoe
1031 1723 1143 1776 quoque
1162 1705 1210 1758 ci-

66 1775 181 1827 ceronis
200 1775 263 1826 loco
283 1776 341 1828 tela
359 1784 460 1828 contra
479 1775 646 1829 Ciceronem
663 1776 867 1846 procuderant,
885 1776 1089 1845 hominemque
1106 1776 1210 1830 Roma·

66 1860 138 1897 num
164 1861 267 1912 parum
298 1847 461 1964 percepisse
490 1845 657 1899 Aristotelis
687 1846 858 1899 sententiam
892 1846 1107 1901 contenderent.
1150 1845 1209 1910 Qua

67 1915 210 1967 sententia
228 1931 302 1966 seme
334 1917 365 1965 in
382 1914 531 1983 publicum
551 1916 652 1969 emissa
670 1916 812 1984 permulti
835 1914 894 1966 viri
918 1915 1140 1970 adCiceronem
1160 1913 1208 1968 de·
1266 1915 1277 1931 ⁶

65 1983 242 2036 fendendum
260 2001 289 2036 se
307 1986 504 2048 accinxerunt,
528 1985 579 2037 alii
601 2001 666 2036 cum
684 1985 801 2037 Graecis
818 1986 914 2037 facere
933 1983 1092 2037 consultius
1110 2000 1143 2036 ae
1161 1993 1207 2037 tu-

66 2055 125 2105 tius
145 2053 354 2106 existimarunt.
392 2055 482 2107 Nobis
502 2071 566 2106 curn
585 2055 683 2123 paucis
703 2055 828 2128 defungi
846 2055 1028 2122 propositum
1052 2055 1099 2117 sit,
1126 2054 1207 2107 suffi-

65 2123 125 2176 ciat
148 2125 303 2176 sententias
328 2125 480 2192 primarias
504 2126 626 2190 referre,
651 2124 685 2177 ad
711 2123 780 2176 alias
807 2123 878 2176 alibi
904 2124 1039 2197 legendas
1064 2123 1207 2177 lectorem

64 2192 198 2257 reiicere,
219 2200 247 2244 et
265 2196 296 2245 in
314 2195 372 2247 fine
389 2194 631 2247 huiusExcursus
648 2202 777 2246 nostram
788 2195 1017 2264 qualemcunque
1034 2195 1207 2260 sententiam

63 2264 259 2330 interponere.
295 2264 336 2321 Et
353 2266 480 2334 primum
501 2264 618 2331 quidem
636 2264 840 2337 Argyropylus
858 2264 934 2316 dixit
951 2265 1011 2315 sive
1034 2260 1207 2330 ἐνδελέχειαν

66 2332 215 2400 scripserit
234 2332 335 2385 Cicero
355 2335 416 2386 sive
435 2335 609 2400 ἐντελέχειαν,
632 2336 663 2388 in
682 2341 807 2402 utroque
826 2351 885 2386 esse
903 2349 1041 2387 errorem.
1061 2332 1092 2385 si
1111 2333 1204 2402 prius,

64 2402 287 2469 explicationem
306 2404 421 2471 quidem
440 2404 572 2467 latinam,
612 2422 676 2457 uam
695 2402 847 2467 addiderit,
871 2421 970 2456 veram
990 2420 1058 2463 esse,
1084 2403 1131 2455 sed
1149 2401 1205 2456 hoc

62 2470 142 2524 nihil
162 2489 222 2524 esse
241 2473 275 2524 ad
293 2473 493 2538 Aristotelem,
519 2475 571 2542 qui
592 2422 772 2543 hrrrlixeeur,
801 2473 905 2526 etalio
929 2473 1015 2541 plane
1033 2473 1204 2540 diversoque

64 2559 160 2605 sensu,
178 2544 320 2610 posuerit:
349 2545 394 2595 sin
412 2545 566 2612 posterius,
595 2543 763 2597 Ciceronem
781 2543 898 2611 quidem
916 2544 961 2594 uti
979 2541 1118 2596 vocabulo
1136 2541 1203 2594 Ari-

63 2611 206 2676 stotelico,
225 2613 273 2664 sed
290 2630 442 2682 perperam
462 2621 491 2665 et
509 2623 609 2666 contra
625 2610 791 2667 Aristotelis
811 2612 983 2664 sententiam
1012 2612 1087 2664 ittud
1111 2612 1203 2665 inter·

83 2681 181 2733 retari.
220 2682 327 2734 Contra
345 2701 410 2734 eum
432 2691 546 2735 exortus
564 2691 606 2735 est
629 2684 740 2752 primus
758 2683 886 2749 Angelus
907 2682 1065 2735 Poh'tr'anns
1088 2681 1202 2734 Miscel-

61 2699 214 2802 haneorum
232 2752 329 2814 (Basil.
350 2755 426 2807 1522.
446 2751 484 2816 8.)
514 2753 607 2820 capite
630 2753 736 2822 primo,
760 2751 836 2820 quod
853 2752 1036 2808 inscribitur:
1059 2752 1202 2803 Defensus

61 2839 78 2872 a
97 2819 239 2872 calumnia
258 2821 361 2874 Cicero
381 2838 466 2890 super
484 2829 615 2873 enarrata
633 2824 663 2875 vi
682 2822 750 2875 novi
769 2823 844 2890 apud
854 2821 1041 2874 Aristotelem
1059 2820 1201 2885 vocabuli,

61 2891 138 2958 quod
167 2897 210 2942 est
234 2890 402 2943 endelechia
429 2891 466 2960 (p.
488 2893 620 2956 1-12.).
661 2892 715 2957 Qui
742 2907 807 2943 cum
835 2888 969 2957 cupidius
995 2897 1026 2943 et
1052 2888 1201 2942 verbosius

61 2976 148 3028 quam
166 2960 263 3013 verius
291 2961 448 3030 disputasse
466 2959 608 3026 videatur,
634 2979 699 3017 eum
716 2960 834 3014 missum
857 2961 988 3015 facimus.
1024 2960 1140 3029 Longus
1160 2966 1202 3011 est

62 3029 150 3080 etiam
176 3030 273 3082 eadam
300 3031 334 3082 de
361 3047 393 3082 re
414 3030 446 3082 G.
465 3031 596 3083 Budaeus
614 3032 646 3083 in
664 3032 747 3083 libris
771 3031 805 3082 de
822 3031 891 3082 Asse
919 3030 957 3098 (p.
977 3031 1012 3084 20
1031 3055 1064 3066 -
1083 3030 1126 3083 29.
1146 3026 1199 3080 Ed.

62 3097 162 3150 Colon.
182 3102 260 3154 1528.
285 3099 335 3152 vel
361 3101 392 3151 in
411 3099 620 3172 Recbenbergii
639 3099 758 3171 Scriptt.
779 3100 846 3151 Hist
872 3100 917 3153 rei
935 3099 1082 3152 numeriae
1099 3114 1128 3166 p.
1150 3100 1200 3152 122

60 3168 149 3237 sqq.):
176 3170 224 3221 sed
249 3169 348 3238 paullo
376 3171 472 3222 uerius
496 3169 550 3223 ille
574 3177 603 3222 et
629 3172 725 3224 minus
750 3170 869 3238 cupide:
898 3170 980 3222 cuius
999 3169 1200 3238 disputationis

60 3255 171 3292 summa
189 3237 246 3289 hue
266 3240 356 3292 redit:
375 3238 586 3304 „Entelechiann
604 3239 707 3294 Cicero
726 3241 896 3313 continuum
915 3247 1026 3290 motum
1041 3237 1199 3302 intellexit,

60 3307 142 3376 quasi
159 3307 330 3362 Aristoteles
350 3308 537 3363 endelechium
554 3326 607 3379 per
625 3311 644 3362 d
662 3310 779 3363 literam
798 3308 959 3377 scripserit,
985 3309 1015 3360 id
1040 3315 1084 3360 est
1102 3307 1199 3359 conti-

59 3378 236 3439 nuationem,
262 3387 290 3431 et
308 3377 562 3440 nonenlelechinm
585 3381 690 3447 potius,
715 3397 799 3449 quam
824 3386 920 3430 actum
944 3385 973 3430 et
990 3376 1199 3447 perfectionem

60 3446 218 3498 doctissimi
236 3449 411 3501 Graecorum
431 3449 689 3518 interpretantur.“
723 3451 769 3501 Eu
786 3449 926 3506 Beroaldl
947 3445 981 3511 de
1005 3447 1058 3505 hae
1085 3462 1116 3499 re
1135 3462 1199 3498 sen·

59 3517 150 3568 tentia
168 3516 239 3577 haee
257 3519 434 3586 excerpenda
452 3517 602 3573 videntur:
629 3519 798 3584 „Exoritur
816 3519 956 3586 quaestio:
984 3523 1085 3568 utrum
1103 3517 1200 3567 entele-

58 3583 147 3637 chiam
166 3602 203 3637 an
221 3585 406 3640 endelechium
423 3588 520 3642 dicere
539 3590 700 3651 debeamus,
724 3606 789 3641 cum
807 3588 978 3656 proximitas
1005 3585 1143 3655 quaedam
1161 3585 1201 3637 sit

58 3655 91 3707 in
130 3656 311 3720 renunciate,
331 3657 362 3706 in
381 3657 547 3730 significatu
565 3676 635 3713 vero
652 3659 862 3711 discriminatio
885 3673 944 3709 non
968 3673 1068 3725 parva.
1106 3655 1200 3707 linde-

52 3725 101 3782 ,Iec
119 3724 149 3775 ia
176 3725 253 3776 enim
273 3726 428 3799 signifieat,
453 3735 486 3778 ut
509 3726 558 3779 hie
581 3730 790 3797 interpretatur
810 3727 920 3790 Cicero,
949 3728 1116 3779 continuam
1139 3738 1199 3774 mo-

57 3795 179 3858 tionem,
207 3794 300 3863 qualis
325 3795 357 3844 in
383 3797 478 3853 anima
505 3802 708 3871 cognoscitur:
739 3796 932 3864 ἐνδελεχισμὸς
963 3802 1007 3847 est
1032 3794 1199 3846 continuata

56 3863 214 3916 mobilitas.
257 3862 418 3918 Entelechld
440 3881 510 3919 vero
538 3869 721 3938 significatur
744 3867 885 3935 perfectio
914 3863 1051 3932 quaedam
1076 3869 1105 3914 et
1132 3876 1200 3912 con-

57 3934 221 3998 summatio,
242 3941 272 3986 et
289 3930 427 4000 ἒντελεχὴς
443 3937 598 4003 perfectus.
635 3937 681 3988 Ex
698 3934 755 3987 hec
773 3934 1012 4006 Ciceromastiges
1037 3931 1200 3985 conflarunt
1277 3945 1279 3949 ⁴

58 4001 233 4056 calumniam
252 4002 395 4067 Ciceroni,
421 4003 541 4072 perinde
564 4007 646 4073 quasi
665 4007 769 4080 ignaro
786 4022 845 4058 non
870 4004 964 4057 solum
986 3999 1198 4071 philosophiae,

57 4073 106 4126 sed
131 4075 218 4126 etiam
243 4073 420 4126 Graecarum
442 4072 610 4127 literarum:
643 4082 780 4142 tanquam
810 4091 914 4144 parum
943 4074 1015 4125 scite
1041 4084 1200 4141 parumque

56 4144 269 4212 prospicienter
295 4141 479 4196 endelechium
502 4144 618 4207 dixerit,
642 4160 708 4204 cum
735 4142 911 4198 entelechiam
929 4142 1025 4194 dieere
1051 4138 1198 4194 debuerit:

58 4239 92 4254 --
110 4229 212 4265 rerum
240 4215 299 4266 sive
323 4211 472 4266 entelechias
497 4213 556 4266 sive
583 4212 738 4268 endelechia
763 4216 876 4268 dicatur
899 4212 1010 4275 anima,
1044 4219 1201 4276 utrumque

57 4281 207 4352 probabile
225 4291 278 4350 est,
305 4291 428 4354 utraque
455 4282 631 4358 significatio
654 4286 842 4340 convenience
870 4300 925 4340 nec
942 4281 1004 4335 ulla
1030 4280 1089 4336 dici
1106 4283 1202 4349 potest

86 4418 165 4462 cicero
181 4419 244 4462 Tusa
258 4422 325 4476 Disp.
340 4422 374 4463 ed.
389 4422 473 4466 Moser.
491 4420 516 4465 T.
531 4421 574 4462 ΙΙΙ
930 4387 971 4451 23
