2856 5084
281 303 340 366 m
360 298 558 366 amnon.
582 294 831 364 menandri.
855 263 1146 360 mormanus,
1228 290 1292 360 sss

135 467 168 518 in
186 465 344 519 enarrando
361 464 552 520 Theramenis
564 458 730 518 fmorientts
753 463 845 516 dictos
871 457 995 528 Propino
1016 455 1066 512 boc
1089 453 1207 529 pulchro
1225 458 1292 514 crta

135 541 202 604 tiae,
221 546 286 608 post
303 548 404 593 vocem
422 539 550 606 propino,
569 544 722 605 antequam
740 534 854 603 reliqua
865 532 990 595 adderet,
1009 531 1226 601 interposuisset
1242 547 1291 584 ex·

132 610 318 678 plicationem
337 610 398 660 eius
416 627 482 660 usus
500 606 668 672 convivalis,
687 623 774 674 quern
793 603 898 670 Graeci
916 601 1056 673 Κότταβον
1073 601 1212 655 dicebant.
1236 605 1290 655 His

133 696 210 730 nunc
229 674 347 748 quidem
371 696 428 732 non
455 678 632 732 arserimus.
669 674 761 729 Plane
785 684 883 728 nostro
902 673 1006 725 similis
1024 679 1068 726 est
1084 672 1166 725 locus
1185 675 1219 732 V,
1246 678 1290 732 26.

133 758 222 801 extra
242 742 390 818 operteqne
407 756 434 802 et
453 751 534 803 clara
551 748 755 802 noceaadeant
773 746 878 810 dicere,
903 745 1012 797 beatam
1037 744 1122 798 vitam
1141 745 1171 797 in
1189 742 1291 798 Plata-

132 819 215 873 ridie
234 823 565 875 tantumdemensaram.
602 816 694 885 Quid?
720 820 826 889 sipost
848 825 959 870 tauram
981 815 1186 884 interpositum
1209 816 1292 870 vide·

133 908 231 944 remus
259 893 290 943 in
314 891 411 945 libriss
444 891 502 959 fail
526 890 579 945 boo
593 889 732 943 tormenti
757 889 894 960 quoddam
916 902 1003 954 genas
1021 901 1039 939 a
1057 886 1162 940 Perille
1181 888 1292 954 artifice

131 961 286 1026 inventam
312 979 407 1016 nonne
427 963 456 1014 id
474 963 588 1016 auctori
605 978 655 1014 sno
673 959 938 1024 reddendum,‚nec
963 973 1033 1010 vero
1053 956 1201 1010 ciceronis
1224 976 1290 1013 ver-

134 1033 176 1084 bis
195 1034 379 1086 inserendum
398 1031 647 1091 existimaremus?

202 1107 234 1154 V·
254 1107 299 1166 28,
317 1107 365 1160 82:
390 1119 472 1171 qaam
489 1102 522 1156 id
545 1103 582 1156 sit
605 1104 636 1156 in
653 1100 774 1170 sapienta
797 1100 893 1162 sitam
918 1115 983 1153 non
1004 1096 1137 1164 allisio
1161 1102 1288 1169 calam,

132 1191 251 1227 veram
269 1177 375 1228 etiam
392 1179 579 1244 potestate.
605 1174 734 1253 Egregie
752 1172 882 1243 defendit
899 1172 944 1223 Kl.
964 1169 1040 1222 hanc
1059 1169 1201 1223 librorum
1220 1173 1291 1225 scri·

152 1246 270 1300 tionem.
310 1246 399 1312 Quam
417 1246 612 1299 defensionem
629 1262 720 1314 quum
738 1243 795 1295 iam
819 1251 884 1294 ante
904 1241 996 1294 editos
1020 1239 1106 1293 hosce
1124 1241 1213 1294 libros
1232 1245 1289 1297 alio

131 1262 195 1368 ibeo
215 1318 426 1387 expromsisset,
446 1333 496 1369 nos
516 1318 542 1368 ei
561 1332 646 1385 supra
666 1315 845 1384 incontextu
865 1312 973 1367 edendo
983 1311 1118 1365 accedere
1130 1313 1189 1364 iam
1198 1315 1290 1388 signi-

132 1386 292 1439 dicavimus.
908 1396 912 1402 '

142 1490 146 1497 -
203 1460 236 1510 V.
256 1461 299 1513 31.
320 1461 368 1514 871:
388 1472 515 1510 neceam
532 1455 693 1512 minimis
710 1453 908 1509 blandimentis
924 1459 1057 1522 cerrapta
1081 1452 1197 1508 deseret.
1234 1457 1289 1510 Re·

132 1528 261 1598 cepimus
279 1529 404 1582 Bentleii
424 1529 652 1582 emendationem
670 1529 715 1582 mi
721 1527 756 1579 ni
762 1541 778 1578 s
796 1534 857 1580 aab
875 1523 1084 1590 blandimentis,
1103 1536 1176 1595 quae
1189 1538 1290 1581 recen-

131 1598 251 1651 tissimis
278 1616 391 1669 quoque
414 1600 487 1652 viris
511 1599 629 1653 criticis·
651 1597 791 1673 palmaria
813 1598 875 1649 visa
897 1604 950 1660 est,
975 1587 1101 1663 Wolfio,
1137 1596 1286 1665 Kiihnero,

132 1669 257 1723 Orellio:
276 1671 398 1724 necdum
416 1671 501 1738 mihi,
524 1679 676 1741 postquam
698 1670 757 1744 legi
776 1675 890 1720 acutam
908 1674 937 1720 et
961 1664 1136 1739 diligentem
1152 1669 1291 1745 vulgatae

131 1740 327 1794 defensionem
351 1759 367 1792 a
384 1742 501 1796 Klotzio
523 1742 726 1811 conscriptam,
750 1737 911 1791 abiicienda
931 1736 1057 1789 videtur.
1101 1736 1230 1806 Fatetur,
1255 1740 1290 1794 ad

133 1821 261 1864 nostram
279 1813 418 1881 loquendi
436 1812 639 1888 cogitandique
657 1811 803 1880 rationem
819 1810 914 1877 minus
932 1807 1099 1862 offensionis
1110 1808 1290 1875 ,habiturum

131 1883 219 1934 fuisse
237 1883 344 1947 locum,
362 1883 387 1933 si
406 1883 547 1954 scriptum
570 1891 658 1936 essets
676 1894 805 1935 neceam
822 1879 967 1933 maximi
973 1894 988 1930 s
1010 1878 1204 1934 blandimentis
1227 1898 1290 1936 coss

132 1954 277 2021 rumpetur
299 1959 329 2005 at
352 1954 477 2006 deserat:
506 1953 556 2007 sed
581 1954 754 2005 sententiam
778 1967 836 2005 esse
859 1951 916 2002 alt:
944 1950 1104 2019 sapientem
1130 1952 1290 2005 manifestis

132 2026 248 2094 quidem
268 2032 297 2076 et
315 2025 421 2094 apertis
439 2023 641 2076 blandimentis
659 2038 838 2092 nequaquam
857 2021 1017 2090 corrumpi,
1035 2020 1066 2073 id
1083 2038 1136 2091 per
1154 2039 1184 2075 se
1201 2023 1296 2077 intel··

132 2090 203 2168 ligia
228 2096 306 2148 velle
332 2104 427 2148 autem
453 2094 632 2159 Ciceronem,
658 2093 803 2164 eumivel
820 2093 916 2163 potius
933 2091 1025 2144 vitam
1050 2091 1173 2158 beatam)
1200 2095 1289 2146 nullis

130 2167 228 2236 plane,
253 2166 366 2219 etiamsi
388 2167 511 2219 minima
535 2166 593 2219 sint
612 2174 642 2218 et
657 2165 710 2216 vix
727 2163 922 2216 blandimenta
947 2179 1006 2215 esse
1031 2162 1194 2230 rideantur,
1225 2182 1290 2220 cor·

130 2245 251 2309 ruptum
278 2237 327 2288 iri.
363 2239 466 2306 Neque
489 2236 636 2290 commode
665 2236 757 2288 minas
780 2234 854 2298 addi,
884 2241 1041 2356 postquam
1065 2234 1124 2286 iam
1148 2235 1188 2302 id,
1212 2237 1304 2305 quod'

131 2324 274 2359 summum
292 2308 324 2360 in
342 2308 492 2378 suppliciis
510 2324 570 2361 esse
586 2307 682 2359 videri
699 2305 799 2377 possit,
826 2304 883 2358 Pha
897 2304 984 2356 aridis
1007 2313 1141 2371 taurum,
1163 2309 1300 2376 praemi.

130 2373 220 2434 serit:
249 2395 342 2448 neque
358 2378 476 2432 vocibus
493 2379 582 2433 minis
601 2383 651 2429 aut
668 2376 864 2430 blandimentis
887 2374 1035 2429 commode
1048 2374 1122 2444 ,addi
1143 2384 1288 2448 'corrupta

131 2449 180 2503 sed
199 2457 332 2503 commata
354 2445 451 2519 poti'us
470 2450 518 2502 uel
535 2449 666 2503 adducta.
704 2446 837 2522 Longum
861 2455 905 2519 est
929 2446 1078 2500 adomnia
1100 2449 1296 2518 responderet,

132 2537 187 2573 neo
210 2538 284 2595 nego
309 2519 482 2574 defensionis
507 2536 635 2573 acumen.
673 2519 753 2571 lllud
771 2517 852 2582 addo,
876 2518 1007 2602 primum
1017 2514 1084 2571 'non
1100 2520 1186 2585 male,
1212 2521 1290 2590 qnod

131 2600 197 2645 ante
215 2611 269 2662 per
288 2593 452 2662 exemplum
477 2590 647 2654 (Phalaridis
665 2588 787 2656 lauram)
812 2589 1008 2662 significatum
1027 2598 1098 2654 erat,
1123 2591 1181 2644 alio
1200 2592 1289 2645 etiam

134 2663 218 2714 modo
234 2664 334 2734 'postca
358 2663 417 2714 dici
434 2670 469 2713 et
489 2657 625 2731 tanquam
643 2660 756 2735 colligl,
781 2659 865 2729 quasi
878 2660 970 2715 velis:
998 2658 1167 2731 ,sequetur
1187 2663 1236 2716 vel
1254 2663 1290 2716 ad

133 2735 309 2805 supplicium
327 2733 407 2786 beata
425 2732 485 2784 vita
503 2734 653 2802 virtutem,
672 2747 795 2802 cumque
814 2747 847 2782 ea
864 2729 1017 2784 descendet
1035 2732 1067 2784 in
1085 2738 1214 2798 taurum:
1238 2752 1293 2788 ned

133 2822 189 2874 qne
208 2807 324 2857 omnino
348 2820 411 2858 eam
429 2803 553 2869 deseret,
577 2802 691 2857 etiamsi
708 2802 760 2855 vel·
774 2801 870 2854 minae
889 2801 1088 2865 adhibeantur,
1112 2803 1180 2869 vel,
1254 2800 1291 2860 o'd

132 2876 244 2944 sapiens
271 2875 358 2927 etiam
381 2873 584 2944 prudentiores
598 2888 798 2945 'corrumpere
822 2872 904 2937 solet,
937 2871 1169 2927 blandimenta.“
1233 2877 1293 2930 nod

132 2955 230 2997 autem
260 2941 345 2998 minis
370 2959 429 2995 vox
452 2951 585 3014 camapio
609 2945 707 2997 minus
729 2945 881 3010 convenit,¹
908 2960 994 3013 mam
1017 2942 1232 3011 blandimentis,
1259 2947 1292 3000 id
1383 2987 1389 2996 .

133 3016 280 3089 aeuginati
297 3015 483 3067 tribuendum
500 3014 625 3080 ridetur,
644 3034 660 3067 a
671 3016 819 3083 Ciceronis
836 3033 890 3066 usu
907 3014 1029 3066 minime
1048 3016 1159 3085 alieno..
1170 3014 1290 3083 Deinde,

132 3088 211 3156 quod
229 3102 286 3138 non
304 3085 389 3156 parvi
407 3093 449 3137 est
466 3087 617 3152 momenti,
643 3086 739 3140 Codex
756 3086 901 3160 egregias,
927 3084 1009 3161 regio
1027 3098 1142 3157 suppar,
1162 3087 1243 3153 Gud.
1263 3094 1288 3146 l.

132 3158 254 3211 totidem
272 3157 367 3209 literis
387 3156 503 3210 exhibet
520 3156 605 3209 minis
618 3156 710 3209 -Rehd
730 3166 850 3223 autem,-·
876 3157 907 3207 ui
925 3172 1007 3226 saepe
1025 3157 1195 3229 adoptimos
1210 3176 1290 3214 acce·

131 3229 185 3293 dit,
212 3235 289 3280 ante·
302 3227 501 3282 blandimentis
523 3227 609 3280 habet
627 3245 654 3280 a.
671 3228 694 3284 i.
715 3242 739 3280 e.
764 3235 821 3280 ant.
887 3226 991 3294 enique
1013 3224 1290 3302 argutam-'etanti-

133 3300 262 3352 fioiosam
280 3312 349 3367 esse,
369 3316 406 3353 ne
423 3298 517 3352 dicam
536 3298 740 3364 contortulam,
758 3299 893 3373 nulgatae
911 3297 1113 3351 defensionem·
1125 3301 1211 3354 facila
1229 3304 1292 3355 ani-

101 3384 108 3388 ·
132 3371 300 3424 *advertas
323 3387 326 3393 ’
436 3385 456 3403 ··
745 3394 761 3405 ·‹
903 3398 906 3404 ·
1219 3384 1226 3401 ’·
1286 3374 1289 3379 ’

204 3442 236 3493 V.
255 3443 298 3496 ³1.
318 3445 366 3498 88:
386 3436 460 3494 Nam
477 3440 550 3515 qaod
568 3438 623 3494 tibi
641 3434 779 3508 Epieams
794 3440 913 3493 addetam
932 3439 1040 3492 Verum
1058 3449 1112 3507 est,
1130 3442 1171 3494 ita
1184 3444 1292 3514 optimi

132 3508 245 3584 quique
261 3511 332 3579 libri
355 3513 472 3578 habent,
505 3529 595 3583 eaque
618 3511 721 3577 lectio,
737 3513 830 3581 ·quasi
859 3510 957 3582 paullo
987 3511 1129 3580 pressior,
1158 3513 1289 3591 intelligi

131 3590 228 3654 potest
247 3579 313 3635 eum
331 3583 462 3655 Klotzios
481 3582 665 3636 Dennffwas
683 3582 790 3636 deine
808 3581 963 3634 Ansicbt
980 3582 1048 3634 'von
1061 3581 1204 3653 Epiknr
1221 3585 1289 3653 ist,

131 3670 186 3706 nec
203 3668 283 3718 vero,
303 3671 388 3724 quam
406 3672 459 3706 nos
475 3653 650 3720 exhibemus,
669 3653 773 3723 lectior
803 3668 885 3722 qaae
909 3651 965 3706 tibi
981 3651 1101 3722 Epicuri
1123 3655 1236 3710 oidelae
1255 3680 1289 3696 ω-

133 3740 230 3791 caasa,
250 3725 308 3776 suis
327 3732 356 3777 et
375 3733 416 3776 sat
435 3725 569 3800 gravibus
587 3724 805 3778 auctoritatibus
823 3724 999 3777 destituitur.
1021 3725 1133 3779 Habent
1151 3743 1212 3780 eam
1224 3740 1289 3781 non

131 3805 245 3848 tantum
263 3796 335 3848 Edd.
362 3804 451 3860 vett,
475 3813 597 3865 quarum
621 3797 775 3848 auctor-itas
802 3811 862 3848 non
878 3794 964 3866 plane
983 3803 1026 3847 est
1043 3794 1132 3847 nihili
1148 3796 1288 3864 habenda,

133 3868 210 3939 quod
227 3871 322 3919 lacere
339 3867 426 3937 hodie
444 3867 536 3920 solent
553 3866 703 3921 nonnulli:
723 3867 772 3919 sed
790 3883 840 3918 sex
858 3867 946 3918 etiam
963 3864 1049 3919 Godd.
1070 3865 1158 3930 MSS,
1185 3869 1288 3937 quibus

130 3949 242 3991 utnon
260 3938 384 3990 nimium
406 3938 513 4003 tribuo,
536 3939 577 3990 ita
601 3954 659 3991 non
683 3937 762 3989 nibil
784 3937 968 3989 tribuendum
992 3952 1050 3988 esse
1075 3937 1237 4020 significavi
1256 3940 1289 3992 in

131 4009 229 4063 Indice
248 4017 398 4080 apparatus
416 4009 522 4061 critici.
547 4009 629 4075 Quod
644 4024 715 4062 vero
732 4008 831 4078 paucis
850 4006 1019 4059 interiectis·
1030 4007 1133 4061 edidit:
1155 4008 1289 4064 demente

131 4085 204 4136 enim
222 4082 236 4134 i
241 4089 272 4134 st
279 4097 296 4134 a
316 4077 450 4152 [proila]
474 4080 568 4145 sentit,
592 4088 627 4131 ut
642 4079 677 4131 ad
694 4079 864 4132 antecedens
884 4076 950 4130 daeo
974 4078 1121 4148 respiciat,
1144 4078 1175 4132 id
1192 4096 1287 4150 neque

131 4153 268 4223 impedio,
293 4169 386 4222 neque
409 4151 517 4204 imitor.
555 4150 663 4221 Optimi
687 4146 821 4202 neritram
844 4148 951 4202 habent
967 4147 1132 4213 lectionem,
1157 4149 1207 4203 sed
1223 4151 1285 4220 iai,

132 4220 209 4294 qnod
226 4232 300 4277 stare
318 4223 431 4292 nequit.
467 4220 599 4289 Denique
617 4221 696 4290 quod
712 4221 744 4272 in
761 4220 902 4291 proximis
921 4219 1065 4273 defendit:
1091 4217 1215 4273 itende
1238 4221 1287 4276 de·

132 4296 192 4349 lore
210 4301 286 4351 certa
304 4293 393 4360 babel,
413 4308 484 4362 qaae
503 4298 652 4361 sequatur.-
676 4305 816 4361 quoram
833 4290 1053 4360 magnitudinem
1071 4278 1207 4344 brevitate
1223 4307 1288 4362 can·

131 4368 244 4420 solatae
262 4399 294 4411 -
315 4367 345 4419 id
363 4382 420 4436 quo
439 4366 503 4418 iure
521 4365 635 4427 fecerit,
655 4363 717 4434 ipse
734 4363 858 4434 siderite
885 4378 980 4431 neque
999 4362 1077 4414 enim
1096 4380 1168 4432 quae
1186 4363 1287 4417 attulit

132 4439 274 4509 exempla,
293 4437 400 4491 similia
417 4445 492 4504 sunt,
512 4435 561 4490 sed
579 4430 686 4491 aliena:
705 4441 735 4488 ct
752 4451 821 4506 quas
839 4432 940 4486 attulit
956 4433 1092 4500 rationes,
1110 4433 1141 4488 in
1153 4433 1287 4511 iieargu-
