2856 5084
314 779 315 784 ψ
356 631 359 635 ’
400 669 763 782 amorssmo
803 668 1017 790 mvnu
1073 763 1075 768 ,

129 843 596 950 sonunt
705 804 1284 980 nnvrsro,

145 1049 146 1053 Ν
231 1033 476 1126 viarum,
520 1030 730 1133 inorme
770 1032 837 1106 rr
874 1030 1186 1108 unumnonu

539 1145 875 1265 antestaret,

504 1285 979 1404 sanorum..

131 1494 133 1499 ·
202 1437 291 1526 Cum
317 1469 512 1542 superioribus
539 1471 620 1526 hisce
645 1472 743 1526 diebus
769 1469 917 1527 Ciceronis
943 1469 1119 1524 Tusculanas
1148 1487 1164 1523 a
1187 1470 1287 1542 praelo

131 1540 225 1596 adhuc
251 1541 395 1597 madentes
423 1550 453 1595 et
478 1543 558 1613 quasi
583 1551 707 1597 musteas
730 1542 806 1595 mihi
826 1542 992 1608 obtulissem
1020 1543 1074 1615 ego
1101 1549 1198 1595 autem
1221 1559 1289 1596 cum

131 1629 242 1667 summa
259 1612 407 1667 doctrinae
425 1621 491 1666 tuae
510 1622 539 1666 et
557 1613 716 1668 industriae
727 1613 939 1684 *expectatione
956 1610 1069 1678 ductus,
1093 1619 1157 1664 tum
1175 1615 1205 1666 et
1221 1621 1290 1667 nota

131 1685 297 1760 argumenti
315 1685 405 1754 ipsius
423 1683 565 1759 dignitate
581 1693 741 1754 permotus,
769 1684 907 1738 continuo
932 1682 1016 1737 rebus
1034 1684 1100 1736 aliis
1123 1683 1236 1737 relictis
1254 1684 1290 1738 ad

131 1756 288 1808 lectionem
305 1755 366 1807 eius
384 1772 431 1808 me
450 1755 651 1822 accinxissem3
669 1756 855 1808 utilissimam
873 1772 938 1808 sane
957 1771 1073 1825 operam
1090 1754 1123 1806 in
1140 1754 1217 1809 libro
1235 1755 1290 1809 illo

133 1824 305 1895 explicando
324 1826 566 1894 emaculandoque
583 1833 715 1877 navatam
732 1824 788 1892 tibi
806 1842 865 1878 esse
883 1826 971 1879 facile
985 1823 1178 1895 deprehendi:
1196 1827 1291 1880 multa

135 1896 176 1949 ibi
195 1895 306 1948 erudite
325 1902 354 1948 et
372 1902 437 1964 apte
456 1912 472 1947 e
491 1895 609 1948 Graecis
626 1895 754 1948 fontibus
773 1896 918 1960 derivari3
942 1894 1035 1946 multa
1051 1896 1160 1964 partim
1178 1914 1194 1949 e
1212 1896 1292 1949 codi-

133 1966 215 2020 cibus
232 1967 349 2036 scriptis
367 1965 494 2030 restitui,
513 1966 621 2034 partim
639 1965 733 2040 sagaci
751 1965 918 2018 coniectura
935 1981 990 2034 per
1006 1971 1037 2016 te
1056 1964 1120 2016 erui
1139 1973 1168 2018 et
1187 1981 1292 2037 expro-

133 2038 192 2105 mi,
209 2036 286 2090 haud
303 2053 394 2107 pauca
411 2037 545 2106 denique,
564 2036 698 2090 mendosa
716 2044 746 2089 et
763 2030 882 2100 ὕπουλα,
901 2052 973 2105 quae
991 2034 1117 2088 'aliorum
1134 2053 1184 2089 seu
1201 2044 1293 2092 teme·

132 2109 203 2160 ritas
228 2109 288 2161 sive
315 2107 444 2162 socordia
464 2107 552 2159 nimis
580 2107 671 2160 calide
698 2107 747 2160 vel
775 2106 861 2158 nimis
878 2107 1024 2176 patienter
1041 2105 1204 2174 admiserat,
1232 2107 1292 2162 suis

133 2197 264 2250 quaeque
282 2179 436 2232 momentis
453 2178 609 2247 ponderata
625 2177 713 2230 reiici
740 2186 769 2232 et
791 2177 923 2230 refutari.
962 2176 1041 2231 lllud
1064 2185 1170 2243 tamen,
1194 2185 1229 2230 ut
1246 2179 1291 2244 fit,

134 2251 242 2315 evenit,
262 2250 331 2302 dum
347 2251 496 2319 voluptate
515 2259 614 2319 captus
637 2248 751 2322 singula
768 2248 941 2302 festinanter
966 2263 1123 2318 percurro‚·
1150 2256 1184 2299 ut
1201 2265 1293 2318 pauca

132 2319 184 2373 hic
202 2321 276 2385 illic,
309 2328 372 2373 ate
390 2320 498 2372 intacta
516 2327 545 2372 et
567 2319 779 2389 praetermissa,
807 2318 882 2370 mihi
905 2317 956 2371 vel
973 2319 1004 2368 in
1023 2317 1076 2371 illo
1095 2317 1228 2371 lectionis
1246 2337 1293 2372 ca·
1363 2372 1369 2393 ι

133 2391 199 2444 lore
217 2392 283 2444 satis
302 2390 450 2444 commode
470 2390 616 2444 emendari
634 2406 715 2460 posse
738 2389 922 2455 viderentur,
954 2389 1093 2458 quaedam
1116 2390 1204 2444 etiam
1229 2407 1245 2442 a
1262 2399 1292 2443 te

133 2468 254 2526 tentata,
274 2462 375 2532 quibus
393 2463 510 2526 frustra,
535 2469 569 2513 ut
585 2461 746 2526 videbatur,
772 2460 952 2513 curationem
977 2460 1151 2526 admoveras,
1174 2461 1292 2516 felicius

134 2548 217 2603 posse
240 2532 342 2588 sanari.
384 2531 464 2596 Quod
489 2531 539 2583 ubi
562 2532 659 2584 nescio
686 2535 747 2600 qui,
772 2535 1029 2602 percommunem
1050 2531 1136 2584 credo
1155 2530 1291 2598 amicum,

135 2604 171 2656 ad
189 2621 271 2656 aures
288 2611 350 2655 tuas
368 2603 557 2672 pervenisset:
577 2611 611 2656 tu
630 2603 769 2655 continuo
786 2618 834 2654 me
853 2602 1019 2667 convenire,
1039 2608 1068 2654 ct
1086 2602 1232 2670 obtestari,
1259 2611 1294 2655 ut

135 2675 162 2726 si
181 2691 252 2743 quae
270 2672 346 2725 mihi
365 2673 505 2726 eiusmodi
523 2674 573 2725 sub
592 2690 680 2725 manu
698 2680 893 2737 nascerentur,
913 2688 971 2725 non
980 2689 1120 2726 cessarem
1132 2691 1165 2726 ea
1182 2674 1293 2727 chartis

137 2746 332 2810 committere,
356 2756 412 2813 quo
431 2761 498 2796 cum
516 2744 574 2795 tuis
593 2743 650 2794 iam
669 2761 746 2796 nunc
763 2745 957 2796 Vertumnum
975 2745 1139 2814 Janumque
1162 2752 1293 2814 spectan-

136 2814 214 2867 tibus
232 2832 290 2866 una
308 2816 470 2867 ederentur.
509 2813 583 2879 Quid
600 2812 709 2865 multa?
726 2813 901 2883 persuasisti,
921 2813 1098 2882 impetrasti:
1119 2816 1294 2884 praesertim

137 2885 232 2938 oblato
251 2886 313 2954 ipso
331 2884 416 2949 libro,
436 2901 522 2952 quem
540 2884 750 2937 Norvicensem
772 2884 911 2953 appellas,
939 2885 1019 2936 cuius
1038 2885 1192 2959 singularis
1204 2901 1295 2956 *prae-

136 2955 243 3008 stantia
260 2957 319 3008 iam
337 2955 387 3006 diu
405 2955 480 3006 mihi
496 2956 613 3029 ,cognita
632 2962 695 3007 erat
713 2962 799 3022 atque
817 2962 983 3023 perspecta:
1003 2955 1111 3025 quippe
1126 2972 1214 3024 quem
1231 2956 1294 3028 ipse

136 3027 209 3078 olim
227 3025 390 3079 adolescens
410 3025 469 3078 situ
495 3034 524 3077 et
547 3024 668 3096 pulvere
686 3022 846 3077 deformem
865 3042 901 3077 ex
926 3025 1060 3078 officinae
1077 3025 1295 3090 Librariaean·

137 3097 208 3170 gulo
226 3097 369 3165 protraxi,
388 3102 423 3146 ut
440 3095 474 3147 ad
494 3095 685 3147 illustriorem
698 3095 796 3149 locum
813 3094 911 3148 beatus
930 3096 1115 3164 concederet3
1134 3097 1295 3153 Bibliothe-

137 3183 209 3232 cam,
228 3166 303 3231 dico,
322 3165 387 3218 Viri
406 3165 510 3217 summi
528 3167 647 3219 loannis
664 3166 740 3219 Mori
758 3166 896 3237 Episcopi
913 3166 1049 3233 Eliensis,
1078 3184 1135 3236 quo
1154 3168 1294 3239 quicquid

136 3236 244 3306 ubique
268 3237 412 3290 librorum
436 3245 478 3290 est
501 3254 549 3290 seu
576 3236 704 3289 bonitate
732 3253 781 3288 seu
805 3237 925 3289 raritate
952 3238 1185 3291 commendatum
1210 3241 1294 3310 quasi

136 3308 217 3361 ultro
241 3317 270 3362 et
296 3317 397 3379 sponte
423 3326 471 3360 sua
495 3308 666 3360 confluxisse
687 3305 829 3360 videatur.
872 3308 1010 3361 Ceterum
1037 3308 1146 3374 eodem,
1179 3326 1236 3380 quo
1258 3319 1294 3364 tu

136 3396 215 3431 mmo
238 3381 354 3445 frueris,
379 3377 582 3432 humanissimi
605 3376 775 3432 Maecenatis
798 3377 947 3443 beneficio,
972 3377 1094 3432 eundem
1118 3377 1198 3432 hunc
1216 3381 1295 3434 codi-

137 3465 201 3503 cem
219 3468 307 3504 annos
325 3451 436 3520 aliquot
460 3467 558 3503 secum
581 3447 682 3501 habuit
709 3447 914 3501 celeberrimus
933 3448 1072 3502 Graevius
1098 3447 1294 3521 ὄμακαρίτης,

137 3536 155 3573 a
172 3522 253 3573 cuius
271 3521 351 3575 obitu
367 3520 448 3573 bonis
466 3519 573 3573 biteris
590 3536 682 3590 paene
699 3520 814 3572 funesto
832 3519 868 3572 ad
883 3518 959 3572 lares
983 3520 1116 3591 antiquos
1134 3522 1228 3575 salvus
1246 3539 1294 3577 re·

136 3591 312 3643 vertebatur.
351 3590 430 3655 Quod
452 3591 476 3644 si
498 3592 569 3644 Viro
596 3588 764 3643 doctissimo
789 3597 819 3642 et
843 3589 918 3642 mihi
942 3591 1012 3643 dum
1034 3591 1093 3644 fuit
1117 3592 1293 3649 amicissimo

136 3661 199 3713 vita
215 3660 332 3735 longior
349 3661 507 3744 obtigisset,
525 3669 559 3714 ut
573 3660 649 3714 haec
661 3658 810 3714 ciceronis
818 3660 1019 3732 Philosophioa
1057 3662 1103 3715 ari
1120 3680 1178 3733 quo
1196 3672 1294 3720 cetera

136 3731 235 3784 nitore
252 3732 401 3800 proferret
419 3749 450 3782 m
467 3731 580 3798 lucem,
605 3732 701 3795 aliam,
724 3730 837 3800 opinor,
860 3733 993 3786 arborem
1010 3679 1067 3784 tibi
1083 3732 1170 3787 hodie
1189 3751 1294 3788 concu-

136 3800 269 3855 tiendam
291 3800 378 3855 facile
402 3802 576 3855 credidisses.
613 3804 731 3867 Verum,
759 3818 826 3855 cum
852 3803 906 3856 ille
932 3803 965 3854 in
987 3802 1081 3855 medio
1101 3803 1195 3872 operis
1213 3803 1292 3858 clivo

136 3874 265 3927 sublatus
284 3880 329 3924 est
345 3889 360 3924 e
378 3871 462 3944 rebus
478 3871 619 3938 humanis,
641 3873 683 3924 Tu
702 3886 775 3924 nunc
793 3871 852 3926 eris
869 3872 945 3926 alter
963 3873 997 3925 ab
1015 3871 1082 3935 illm
1100 3881 1134 3924 tu
1151 3871 1240 3927 telam'
1257 3875 1293 3930 ab

137 3961 172 3999 co
190 3943 355 3996 inchoatam
373 3942 503 3996 feliciter
519 3951 663 4013 pertexes:
675 4004 680 4012 Ι
694 3960 781 4012 quam
799 3942 834 3995 ad
857 3959 920 3997 rem
937 3957 996 3994 non
1012 3941 1220 4012 poenitendum
1236 3944 1293 3998 tibi

138 4015 297 4070 subsidium
315 4014 347 4065 in
363 4013 557 4082 Manuscripto
582 4022 632 4066 tuo
657 4021 791 4084 paratum
810 4021 861 4065 est.
897 4013 989 4065 Huius
1012 4013 1106 4089 igitur
1129 4021 1188 4072 tam
1210 4031 1294 4085 prae-

138 4086 239 4139 stantis
258 4085 430 4155 exemplaris
447 4085 591 4153 pactione,
609 4099 668 4136 non
685 4083 807 4136 difficile
825 4083 880 4136 tibi
898 4083 970 4167 fuit,
986 4099 1044 4206 quo
1062 4085 1209 4137 ine-velles
1226 4103 1295 4159 per-

973 4172 993 4205 n

139 4157 252 4210 ducere.
289 4156 346 4210 Sed
362 4173 416 4208 nae
435 4164 468 4208 tu
486 4155 627 4229 ingenuae
643 4153 839 4222 simplicitatis
857 4163 973 4224 atquer
1013 4154 1067 4206 olis
1084 4171 1144 4208 non
1161 4156 1293 4233 vulgaris

139 4228 195 4281 hoc
214 4228 359 4298 specimen
377 4225 501 4280 edidisti.
531 4226 641 4292 Quotus
655 4226 736 4278 enim
747 4225 868 4294 quisque
887 4232 938 4291 est,
957 4232 991 4276 ut
1008 4242 1086 4279 nunc
1103 4235 1170 4280 sunt
1184 4244 1292 4295 mores,

139 4299 192 4368 qui
210 4298 241 4350 id
258 4297 352 4367 ipsum
376 4298 454 4368 quod
471 4305 505 4350 tu
523 4313 594 4363 oras,
622 4294 720 4362 ambis,
747 4311 806 4348 non
830 4296 862 4348 in
885 4296 1077 4350 contumeliae
1102 4304 1132 4351 et
1154 4297 1292 4354 maleficii

139 4369 206 4423 loco
228 4370 367 4439 poneret?
401 4368 510 4440 Ecquis
537 4368 643 4421 horum
667 4367 828 4434 hominum,
862 4367 913 4438 qui
938 4383 1016 4421 nuno
1037 4366 1137 4424 literas
1155 4378 1291 4438 uacant,

167 4499 247 4544 Cicero
262 4499 327 4544 Tssc.
343 4500 413 4556 vop.
426 4501 462 4546 sd.
476 4501 563 4544 Moser.
580 4500 604 4545 T.
620 4501 667 4546 111.
1000 4520 1003 4525 ·
1026 4476 1066 4539 18
