2856 5084
129 296 172 363 34
325 291 555 356 CICERONIS
577 288 826 355 TUSCULAN.
849 288 1080 354 DISPUTAT.

132 457 349 522 recordaturi
385 457 578 539 beatamque
606 458 723 533 vitam,
764 454 812 534 (si
847 457 1050 542 imaginibus
1085 455 1197 538 potins
1224 458 1292 534 uti,

1047 582 1293 595 ...m-...00

49 711 52 715 .
130 648 269 718 Epitoma
286 644 356 698 libri
374 643 461 696 Lxx.
487 651 516 697 et
539 642 574 696 de
593 644 670 697 Crat.
691 644 730 695 11.
751 642 806 709 [45.
824 642 844 672 “
871 643 1015 694 Camerar.
1053 640 1108 696 Sed
1126 640 1186 695 vid.
1207 642 1291 697 Clav.

132 718 193 772 Cic.
212 718 283 770 Ero.
311 734 332 771 s.
352 733 399 768 vv.
424 716 529 782 Caepio
555 723 586 768 et
609 716 750 785 Aquiliae.
836 722 885 767 net
902 712 1032 769 Wolfius
1058 715 1091 766 in
1115 712 1227 766 scholis
1247 732 1291 780 ea,

131 806 204 860 quae
222 789 258 841 ds
275 785 368 840 Atilio
381 786 494 862 Regulo
513 789 689 852 referantur,
710 791 791 839 aucta
811 785 930 854 quidem
948 785 1044 838 videri
1062 786 1094 837 in
1112 784 1216 851 maius,
1235 802 1292 839 nee

130 875 200 913 vero
218 859 303 929 plane
321 859 404 922 ficta,
436 857 608 926 Caepionem
623 874 698 911 ⁴vero
717 875 733 908 a
757 857 929 911 melioribus
952 857 1097 909 insontem
1115 857 1207 910 fuisse
1228 857 1291 911 exi·

131 931 289 983 stimatum.
327 929 451 1004 Legitur
469 928 511 981 Μ.
523 929 615 982 Atilio
634 928 742 996 Regulo
761 930 792 980 in
810 927 885 980 Edd.
906 924 932 979 S.
951 927 986 978 E.
1002 927 1124 983 HWolf.
1146 933 1175 981 et
1194 944 1288 1003 marg.

128 996 188 1054 MS.
208 999 262 1053 Ed.
283 1006 374 1052 nostr.
394 999 458 1052 Asc.
479 1002 513 1063 23
532 1008 593 1052 tres
615 999 702 1052 Codd.
723 1000 793 1053 Cxx.
816 1006 845 1052 et
863 998 1053 1052 multaeEdd.
1072 997 1191 1065 Attilio,
1210 1016 1288 1051 unus

129 1072 180 1126 Ox.
200 1071 349 1135 Maecilio,
369 1069 457 1123 Marb.
477 1072 598 1135 matilia,
617 1070 702 1122 Vind.
722 1075 747 1126 l.
768 1070 811 1123 Μ.
831 1070 939 1122 Attilio
958 1070 1075 1138 Regulo,
1095 1072 1169 1121 Mon.
1190 1073 1213 1122 1.
1243 1070 1287 1122 Μ.

128 1143 257 1206 Ααίἰὶἱσι
291 1142 322 1197 Q.
342 1141 489 1209 Scipione
514 1143 724 1195 recordantur
752 1139 873 1205 (omisso
892 1142 934 1193 Μ.
955 1142 1101 1210 Aquilio),
1130 1141 1186 1192 dno
1214 1141 1287 1196 0111.

130 1231 196 1267 cum
217 1214 316 1266 eodem
335 1213 476 1282 Scipione,
495 1231 568 1266 unus
588 1213 637 1266 Ox.
658 1214 770 1266 omittit
796 1229 917 1282 sequens
942 1213 993 1265 Μ’.
1014 1213 1082 1265 Cod.
1107 1211 1150 1264 Au
1174 1252 1180 1265 .
1200 1209 1290 1265 habet

113 1287 162 1341 ’0.
183 1285 294 1352 cipioae
319 1284 462 1353 Aequitio,
495 1284 571 1336 Cud.
592 1287 618 1338 l·
647 1287 678 1339 Q,
699 1284 830 1352 Scipione
857 1290 882 1335 ct
907 1285 949 1336 Μ.
970 1284 1073 1352 «pnite,
1100 1286 1188 1335 Mar.
1214 1283 1288 1336 item

129 1357 173 1409 Μ.
193 1355 303 1424 aquilo,
323 1356 397 1408 Gud.
419 1357 442 1406 l.
461 1355 507 1407 Μ’
526 1356 630 1423 aquilo.
650 1355 735 1407 Vind.
759 1360 781 1409 l.
803 1354 984 1422 Aquilianae.
1022 1355 1057 1407 ln
1076 1353 1145 1406 Cod.
1165 1356 1242 1405 Mon.
1259 1355 1287 1409 2

129 1427 162 1478 in
179 1443 271 1501 marg.
291 1424 325 1477 ab
343 1426 379 1478 al.
401 1444 439 1477 m.
460 1426 607 1478 adiectum
624 1432 681 1479 est:
709 1427 842 1480 Manain
863 1425 994 1494 Aquiliio
1016 1429 1046 1480 in
1072 1431 1174 1478 vetusto
1193 1425 1289 1477 codice

129 1497 245 1563 legiter.
283 1497 339 1548 Pro
367 1498 411 1549 Μ’
429 1496 502 1548 Ede.
529 1505 596 1550 ante
621 1497 711 1551 Cebb.
731 1496 837 1549 habent
854 1496 908 1560 M,
935 1498 993 1549 nisi
1012 1496 1089 1566 quod
1110 1511 1289 1566 praenomen

128 1568 218 1637 plone
245 1567 395 1621 omittitur
421 1569 454 1620 in
479 1566 553 1620 Edi.
572 1571 605 1621 V.
625 1569 695 1625 Rob.
724 1566 824 1638 Steplt.
853 1567 965 1631 Herm,
991 1577 1026 1620 ut
1047 1569 1079 1620 in
1102 1582 1171 1633 uno,
1199 1582 1289 1636 quem

129 1637 266 1705 diximus,
286 1637 339 1691 Ox.
376 1641 436 1694 Mr.

199 1729 243 1780 M.
271 1728 375 1793 Atilio,
406 1729 437 1783 0.
466 1727 616 1796 Caepione]
644 1727 721 1793 „MS.
748 1729 867 1780 Norvic.
901 1735 931 1779 et
953 1725 1005 1779 Ed.
1027 1725 1154 1779 'Froben
1181 1726 1217 1778 de
1242 1726 1288 1782 M.

127 1799 232 1851 Attene
250 1799 369 1866 Regulo,
402 1799 484 1852 cuius
509 1800 692 1853 notissimam
718 1797 874 1852 historiam
901 1815 959 1850 non
978 1799 1130 1852 enarrabo:
1162 1796 1288 1850 monebo

128 1871 278 1933 duntaxat,
314 1871 384 1922 istos
404 1869 493 1922 Codd.
519 1871 654 1923 ultimam
676 1886 777 1923 vocem
797 1869 966 1952 glossemati
990 1877 1137 1938 acceptam
1161 1868 1288 1920 referre.

128 1941 183 1993 Pro
204 1941 236 1995 Q.
257 1941 396 2008 Caepione
414 1942 560 1994 Petrensis
588 1949 687 1994 noster
713 1943 743 1997 Q.
763 1941 920 2008 Scipionem
943 1957 1097 2009 perperam
1117 1954 1290 2008 repraesen-

128 2018 179 2064 tat.
200 2012 233 2064 A.
253 2012 366 2065 Gellius
384 2012 420 2068 N.
437 2012 469 2065 A.
492 2012 544 2064 IlI.
565 2015 595 2067 9:
615 2029 695 2082 piram
713 2011 844 2081 oppidum
866 2013 1028 2064 Tolosanum
1046 2010 1077 2062 in
1095 2016 1171 2061 terra
1191 2006 1289 2062 Gallia

129 2083 162 2136 Q.
184 2081 287 2150 Caepio
315 2084 412 2136 contat
431 2083 799 2151 diripuisset‚.maltampne
822 2085 887 2135 aceri
912 2085 943 2135 in
966 2081 1028 2133 eius
1054 2080 1153 2149 oppidi
1171 2082 1287 2148 temptio

128 2153 240 2217 fnisset,
261 2152 382 2221 quicquic
399 2169 433 2207 ex
452 2170 485 2206 ea
504 2153 662 2222 direptione
688 2169 788 2207 aarum
816 2152 928 2220 attigit,
956 2154 1060 2205 inicere
1084 2151 1289 2219 cruciabilique

129 2222 208 2276 erite
225 2224 343 2292 periit.“
361 2224 434 2277 Dav.
455 2227 486 2276 in
504 2224 557 2279 Ed.
580 2231 602 2279 1.

198 2296 242 2348 Μ.
263 2295 366 2361 Atilio]
384 2295 529 2371 Regulum
549 2293 632 2361 dicit,
658 2296 741 2348 cuius
765 2312 844 2349 mors
864 2295 1032 2349 cruciabilis
1052 2302 1095 2348 est
1113 2293 1288 2348 decantatis-

40 2421 44 2427 ,
128 2364 210 2420 aima.
249 2366 332 2418 Inter
358 2366 428 2419 alios
453 2367 552 2436 plures
575 2367 642 2420 ride
660 2367 809 2419 Valerium
835 2367 992 2419 Maximum
1018 2367 1070 2418 lib.
1089 2366 1146 2417 Lx,
1167 2382 1228 2436 cap.
1248 2362 1288 2432 ll,

128 2439 155 2492 1.
175 2443 233 2491 ext.
253 2436 404 2511 Agellium
422 2437 459 2489 N.
478 2437 512 2490 A.
524 2430 580 2501 Vl,
600 2439 625 2493 4.
651 2444 679 2490 et
696 2438 891 2514 Augustinum
911 2437 997 2491 (1.1).
1018 2437 1043 2504 1,
1064 2437 1105 2493 15.
1140 2437 1178 2489 D.

200 2525 231 2578 Q.
260 2525 416 2593 Caepione]
459 2526 487 2579 Is
514 2543 615 2578 aurum
643 2524 819 2580 Tolosanum
844 2527 974 2592 abstulit,
1008 2527 1079 2593 qreod
1100 2522 1288 2592 sacrilegiam

128 2610 214 2647 cauea
232 2597 355 2649 caecidii
375 2596 510 2664 Caepioni
529 2597 716 2666 exercituique
741 2597 802 2650 eine
821 2605 919 2666 postea
937 2598 1003 2660 fait,
1032 2605 1066 2649 ut
1088 2597 1178 2649 tradit
1195 2595 1286 2648 lusti-

127 2676 184 2718 nus
201 2664 314 2729 XXXII,
333 2670 359 2722 3.
384 2668 464 2720 Vide
484 2667 522 2720 sis
542 2672 570 2720 et
588 2666 738 2743 Agellium
758 2666 811 2731 111,
830 2672 855 2723 9.
885 2666 916 2719 Si
934 2667 1050 2719 Valerio
1069 2666 1194 2720 Maximo
1214 2667 1287 2720 fides

128 2730 179 2788 lib.
200 2736 251 2788 Vl.
271 2739 333 2806 cap.
353 2736 401 2801 IX,
421 2741 462 2792 13.
492 2738 524 2791 in
539 2737 660 2807 publicio
677 2740 798 2792 uincatis
818 2739 950 2808 spiritum
969 2737 1101 2806 deposuit,
1131 2750 1288 2807 corpusque

129 2806 198 2872 eine,
229 2809 335 2874 funeeti
360 2808 503 2874 cornificia
528 2810 657 2862 manibus
681 2813 843 2873 laceratum,
870 2810 900 2862 in
922 2809 1009 2860 scalis
1029 2808 1172 2861 Gemoniis
1189 2808 1287 2861 iacens

127 2882 231 2945 niagno
259 2895 320 2931 cam
347 2877 465 2933 horrore
489 2881 574 2933 totins
600 2881 659 2948 foai
681 2879 802 2932 Romani
825 2886 1005 2947 conspectum.
1044 2877 1168 2933 Diverso
1187 2886 1287 2933 tamen

127 2950 214 3003 modo
238 2967 301 3003 rem
326 2959 428 3002 narrat
452 2947 504 3002 lib.
524 2951 572 3004 IV.
605 2968 666 3020 cap.
686 2940 752 3016 VII,
779 2953 805 3005 3.
834 2960 867 3001 ut
890 2953 989 3002 forsan
1014 2950 1088 3003 alius
1108 2951 1141 3002 ab
1161 2966 1204 3013 eo,
1234 2949 1287 3019 qui

130 3019 268 3073 Ciceroni
287 3030 476 3084 memoratur,
507 3023 652 3086 fueritis,
683 3024 765 3073 cuius
784 3021 884 3090 priore
904 3021 967 3073 loco
987 3021 1122 3073 meminit
1140 3020 1284 3073 Valerius.

130 3084 202 3144 Sane
222 3091 396 3160 Caepionem
420 3089 499 3144 hunc
523 3092 553 3146 ἓν
570 3091 756 3160 δσςιυχήμασι
776 3093 965 3160 καταστρέψαι
987 3087 1036 3144 τὸν
1059 3095 1130 3160 βίον,
1155 3091 1193 3151 ὦς
1213 3088 1287 3159 ἱερό-

129 3164 214 3214 συλον
232 3159 402 3231 ἐκβληθέντα
416 3161 470 3216 ὑπὸ
493 3172 539 3231 τῆς
557 3165 690 3232 πατρίδος
709 3163 793 3215 docet
812 3161 913 3215 Strabo
933 3161 982 3215 lib.
996 3162 1045 3227 lv,
1064 3181 1130 3239 pag.
1148 3164 1210 3226 286,
1223 3164 1285 3219 28⁷.

130 3240 197 3287 'eum
218 3249 254 3285 ue
264 3232 406 3302 Smyrnae
420 3231 558 3299 exulasse,
578 3235 661 3287 testis
676 3242 719 3286 est
731 3241 831 3285 noster
864 3251 896 3285 ro
907 3233 993 3288 Corn.
1005 3233 1091 3286 Balbo
1111 3251 1172 3304 cap.
1182 3232 1229 3285 xl.
1249 3232 1286 3285 D.

198 3250 413 3372 Maqutttto]
440 3306 505 3371 „M'
522 3300 646 3375 Aquinio
676 3311 719 3356 est
743 3252 909 3378 tegentium.
948 3305 1099 3382 Intelligit
1125 3304 1203 3357 enim
1227 3306 1286 3358 Ma-

129 3373 212 3427 nium
221 3373 396 3444 Aquinium,
414 3377 476 3444 qui,
496 3395 587 3447 quum
599 3377 683 3428 Marii
703 3366 816 3449 collega
834 3377 865 3426 in
879 3376 982 3444 quinto
1003 3374 1154 3428 consulatu
1170 3375 1285 3439 fuisset,

130 3447 229 3499 decem
250 3454 279 3496 et
298 3446 391 3498 tribus
410 3449 493 3500 annis
517 3454 585 3517 post
612 3446 725 3519 legatus
752 3446 913 3499 consularis
937 3466 952 3499 a
971 3446 1141 3500 Mithridate
1158 3446 1286 3499 vinculis

129 3533 163 3639 alp
171 3508 356 3639 dorberibus
383 3522 471 3589 atque
499 3517 580 3572 binni
603 3515 749 3586 cupplicio
768 3519 950 3571 excruciatus
974 3518 1034 3572 fuit
1051 3516 1201 3573 necatus.“
1219 3517 1283 3571 lire.

154 3598 171 3640 ἅ
205 3595 240 3640 16.

202 3656 248 3710 Μ’
263 3658 397 3728 Aquilio]
434 3659 520 3710 Hunc
543 3678 559 3711 a
588 3654 760 3712 Mithridate
786 3661 949 3712 coniectum
978 3661 1008 3711 in
1028 3654 1147 3713 vincula
1165 3659 1286 3723 tradunt

129 3727 295 3781 Athenaeus
315 3722 364 3783 lib.
384 3731 419 3782 V.
447 3746 512 3807 pag.
530 3731 593 3785 213.
620 3729 757 3798 Epitome
780 3731 900 3784 Liviana
919 3730 1069 3783 LXXVIII.
1099 3739 1130 3785 et
1151 3728 1285 3784 Valerius

129 3800 270 3853 Maximus
289 3800 339 3852 lib.
360 3802 406 3852 tx.
427 3817 488 3869 cap.
509 3792 588 3865 XIII,
604 3804 626 3854 l.
654 3800 720 3852 Alia
738 3808 834 3856 tamen
854 3811 882 3855 et
901 3804 1014 3855 diversa
1032 3818 1152 3872 prorsus
1172 3803 1286 3854 ratione

130 3880 204 3935 rein,
224 3872 352 3924 simodo
371 3872 453 3923 locus
473 3873 590 3948 integer
609 3879 660 3934 est,
684 3875 911 3944 necquicquam
932 3873 1040 3938 deficit,
1060 3879 1160 3926 narrat
1178 3869 1286 3924 Diodo-

130 3956 180 3996 rus
206 3941 321 3996 Siculus
347 3944 378 3994 in
403 3941 541 4010 Excerpt.
566 3944 688 3996 Peiresc.
715 3962 781 4019 pag.
800 3949 862 4000 401.
900 3945 934 3996 Oi
954 3944 984 3997 ἐν
1001 3947 1032 4016 τῇ
1050 3948 1157 4012 Λέσβῳ,
1177 3943 1285 4013 inquit,

129 4012 285 4080 διέγνωσαν
300 4010 350 4067 τὸν
368 4013 497 4064 Ἀκίλλιον
517 4015 554 4072 εἰς
572 4007 727 4080 Μιτυλήνην
744 4011 958 4086 συμπεφευγότα
975 4021 1022 4067 καὶ
1041 4013 1286 4086 νοσοκομούμενον

130 4085 305 4151 παραδοῦναι
322 4084 360 4137 τῶ
378 4083 543 4153 Maeniam.
576 4082 760 4147 Ἐπιλέξαντες
778 4079 830 4140 οὖν
847 4095 902 4142 τῶν
922 4088 994 4140 νέαν
1011 4087 1076 4146 τούς
1093 4085 1165 4157 ἀλκῇ
1183 4084 1285 4155 διαφέ-

130 4171 227 4224 ροντας
246 4158 377 4222 ἔπεμψαν
393 4153 440 4206 ἐπὶ
458 4157 489 4207 τὸ
508 4151 665 4224 κατάλυμα·
692 4159 721 4210 oi
739 4159 771 4211 di
789 4161 890 4229 ἀθρόοι
907 4166 1102 4229 προςπεσόνιες
1120 4154 1219 4222 τούτῳ,
1239 4156 1287 4208 καὶ

129 4228 177 4279 τὸν
191 4230 324 4279 Matilica
339 4225 511 4296 αρσάσαντες
531 4228 636 4294 ἔδησαν
655 4224 690 4289 ὥς
713 4235 855 4297 καλλίστην
872 4237 912 4297 soi
929 4233 1036 4299 βασιλεῖ
1051 4232 1098 4282 καὶ
1121 4226 1286 4299 κεχαρισμέ-

129 4310 180 4362 νην
198 4298 309 4367 δωρεὰν
327 4295 518 4364 ἐκπέμψαντες.
556 4300 612 4354 Ille
632 4317 700 4354 vero
720 4303 833 4370 φθάσας
851 4300 912 4364 τοὺς
935 4304 1083 4369 μέλλοντας
1101 4298 1287 4368 συναρπάζειν

129 4369 186 4423 sibi
204 4387 304 4421 ananus
324 4368 434 4420 intulit.
473 4371 601 4425 Velleius
620 4373 788 4427 Paterculus
812 4374 863 4429 lib.
887 4372 924 4425 II.
951 4391 1013 4441 cap.
1035 4376 1076 4429 te.
1114 4362 1295 4441 Mitylenaei

130 4441 174 4494 tt.
194 4439 343 4510 Aquiliam
360 4442 485 4511 atioaqne
502 4442 675 4498 Mitbridati
692 4449 800 4500 vinctos
818 4445 1013 4511 tradiderant3
1038 4443 1137 4515 pietas
1160 4443 1284 4508 tiberiae,
