2856 5084
530 282 660 346 manu
681 284 726 362 v,
746 283 797 348 ta.
828 290 830 294 ⁸
1164 287 1224 351 ras

78 441 185 502 iorem
213 461 295 504 vero
323 444 454 524 sapiens
476 447 678 509 extimescet.
709 445 758 522 (is
780 448 868 510 enim
889 446 968 509 huic
987 446 1128 509 maxime
1148 466 1222 508 sen·
1241 448 1266 500 b·

78 525 202 584 tentiae
213 535 393 608 repugnata
416 545 491 587 nam
513 538 631 590 contra
652 537 794 590 mortem
807 536 956 590 nostram
976 537 1072 610 atque
1092 539 1225 590 nostro·

77 623 165 682 rum,
198 613 379 687 contraque
406 608 650 693 aegritudinem
680 618 713 673 et
741 612 887 693 reliquas
915 612 1019 671 animi
1050 612 1223 692 perturba-

76 686 183 750 tiones
206 690 270 747 sati
285 705 371 751 sesse
385 688 539 750 videmur
559 692 772 772 superiorum
793 690 925 770 dierum
947 690 1224 773 disputationibus

76 770 196 829 armati
225 777 258 830 et
273 770 425 850 parath)
454 771 551 832 dolor
572 792 643 834 esse
665 772 800 836 videtur
822 775 1004 836 acerrimus
1025 775 1147 835 virtuti
1167 772 1224 835 ad-

74 951 123 1004 ille
141 967 239 1005 caecus
257 958 339 1022 utque
357 967 451 1005 omens
474 953 604 1006 tribunus
624 955 664 1019 pl.
687 951 895 1006 nancisceretur
914 985 947 996 -
966 953 1035 1022 quid
1052 954 1143 1008 dicum
1161 972 1225 1010 con-

74 1022 167 1075 sules?
197 1020 306 1075 buccine
324 1031 355 1073 ut
372 1040 425 1089 ego
445 1022 579 1089 appellem
605 1021 713 1074 nomine
732 1039 870 1076 eversores
888 1021 969 1076 buius
985 1024 1123 1092 imperiii
1159 1027 1226 1092 „Ex

74 1094 353 1166 haiminiqpergit)
372 1093 536 1161 Wolfiique
563 1091 705 1145 sententia
722 1093 809 1145 verba
831 1109 864 1145 ea
882 1093 932 1163 qui
950 1120 983 1131 -
1002 1095 1126 1149 dixerim
1145 1097 1225 1166 quasi

73 1163 248 1234 παρενθέεως
266 1165 358 1233 posita
376 1173 443 1215 sunt
462 1164 540 1216 inter
558 1164 721 1230 contingant
740 1171 769 1215 et
788 1164 909 1217 dolorem
919 1180 993 1230 aero,
1012 1166 1046 1218 ad
1056 1167 1225 1236 explicanda

72 1235 160 1287 verba
179 1238 336 1303 caelumque
347 1233 523 1302 contingant:
543 1236 622 1303 quasi
637 1233 761 1286 dicatur:
781 1238 940 1302 caelumque
955 1239 1131 1304 contingant:
1149 1252 1224 1304 nam,

72 1321 107 1357 ea
126 1307 174 1374 qui
192 1306 308 1374 adeptus
327 1305 366 1357 sit
390 1314 445 1358 cet.
483 1305 634 1359 Omittitur
650 1320 712 1357 nam
734 1313 768 1356 ut
790 1321 882 1358 sermo
906 1306 944 1358 sit
967 1307 1064 1376 paullo
1089 1307 1223 1362 alacrior.

73 1375 142 1432 God.
162 1376 257 1427 Duisb.
276 1375 362 1428 habet
385 1382 416 1428 ut
434 1391 467 1428 ea
486 1376 535 1444 qui
555 1375 749 1445 superscripto
774 1391 837 1442 que.-
863 1374 938 1429 unde
961 1377 1049 1431 liehd.
1070 1384 1101 1430 ut
1120 1393 1154 1431 eu
1173 1394 1225 1448 quc
1255 1384 1256 1387 ’

71 1446 129 1514 qui.
167 1446 246 1499 Illud
269 1462 382 1516 quoque
409 1445 621 1510 attendendum,
649 1444 742 1497 abesse
769 1445 801 1496 in
827 1445 920 1499 tribus
943 1464 1042 1501 recens
1061 1448 1174 1514 collatis
1193 1458 1224 1504 et

70 1515 156 1566 Vind.
178 1522 201 1571 l.
221 1517 336 1570 etiam.“
371 1517 434 1589 Ego
453 1532 522 1570 vero
541 1515 657 1568 restitui
674 1521 716 1579 ut,
745 1517 786 1567 ita
809 1524 913 1582 tamen,
939 1525 973 1568 ut
999 1519 1112 1571 uncinis
1130 1519 1225 1576 inclu-

71 1586 170 1639 derem
193 1588 334 1652 voculam,
363 1603 445 1654 quae,
473 1587 604 1656 quamvis
631 1584 783 1638 admodum
807 1586 933 1640 arrideat
950 1587 1056 1640 Handii
1084 1589 1222 1656 defensio,

69 1656 156 1708 habet
182 1665 278 1709 tamen
302 1658 397 1708 nescio
424 1657 493 1726 quid
518 1655 683 1709 offensionis
709 1656 740 1706 in
765 1657 962 1709 enuntiatione
986 1666 1046 1710 tam
1063 1659 1153 1712 brevi.
1186 1660 1230 1713 Τ.

69 1726 171 1779 Baden.
201 1728 231 1778 in
256 1726 356 1780 Jahnii
379 1727 495 1780 Annall.
519 1726 636 1779 Philoll.
662 1725 762 1796 Suppl.
789 1726 927 1782 T.'11.3.
953 1745 981 1796 p.
1001 1731 1062 1784 357.
1088 1730 1228 1782 coniicit}
1290 1735 1294 1738 ’

70 1803 108 1862 ut,
128 1797 227 1866 coqui
245 1799 360 1865 adeptus
378 1797 427 1862 sit,
452 1812 621 1866 quaeram
645 1811 695 1848 cur
719 1811 781 1849 eum
798 1796 905 1851 deatum
921 1798 1003 1852 modo
1022 1826 1056 1838 -
1076 1799 1223 1854 dixerim?

69 1867 185 1920 addens:
217 1884 350 1936 quaeram
372 1868 536 1937 absorptum
553 1875 602 1922 ⁴est
628 1884 643 1918 a
667 1881 715 1919 cur
738 1883 807 1918 eam.
844 1868 946 1920 Refert
968 1869 1052 1924 Verb.
1079 1869 1111 1921 in
1128 1887 1220 1946 marg.

68 1939 111 1990 ou
129 1938 226 1990 omitti
245 1956 259 1989 a
278 1937 424 1989 Larnbino.
462 1937 518 1990 Sed
536 1938 595 1988 eius
613 1937 774 1988 omissionis
796 1936 828 1989 in
846 1937 1048 1990 collationibus
1065 1939 1173 1992 Oliveti
1192 1949 1223 1993 et
1281 1959 1284 1965 ’

69 2007 115 2059 Or.
135 2007 252 2059 nullum
270 2016 312 2060 est
330 2008 495 2081 vestigium.
532 2007 579 2058 Ex
602 2005 805 2058 collationibus
830 2006 899 2062 Oxx.
919 2007 1055 2060 coniicias
1073 2008 1167 2061 abesse
1190 2016 1223 2064 ut

68 2075 101 2127 in
119 2078 224 2130 duobus
243 2079 311 2130 Oxx.
349 2076 406 2129 Sed
423 2095 468 2129 res
486 2076 638 2130 admodum
661 2075 772 2128 incerta
795 2084 846 2128 est.
881 2078 962 2130 Unus
985 2093 1039 2147 pro
1063 2079 1111 2146 qui
1135 2078 1222 2133 habet

67 2162 149 2216 quae,
179 2148 252 2199 alius
275 2164 338 2199 cnm
360 2163 492 2216 procur.
516 2146 599 2197 Vind.
621 2149 645 2199 1.
670 2144 772 2199 habet:
804 2162 857 2199 cur
874 2163 935 2199 eum
951 2145 1058 2199 beatum
1076 2149 1153 2202 modo
1170 2150 1228 2204 sed¹

67 2217 258 2271 beatissimum
281 2217 412 2270 dixerim.
454 2217 542 2269 Abest
569 2215 653 2269 eliam
684 2216 717 2268 ab
738 2215 805 2281 hoc,
834 2216 962 2286 itemque
986 2235 1003 2268 a
1027 2217 1100 2271 Gud.
1129 2218 1219 2272 Rehd.

66 2287 163 2339 Duisb.
184 2291 258 2340 Mon.
277 2291 303 2342 2.
331 2295 360 2340 et
378 2287 483 2338 duobus
508 2289 576 2340 Oxx.
614 2285 673 2340 Mr.
734 2318 739 2328 =
1116 2323 1121 2331 -
1206 2300 1207 2304 ’

137 2358 270 2410 Dolorem
288 2374 353 2409 vero
371 2358 484 2423 sapiens
503 2353 677 2419 extimescet]
702 2354 771 2406 Dav.
792 2355 871 2407 nihil
888 2372 1007 2408 monens
1026 2356 1116 2410 edidit
1133 2358 1220 2412 Dolo·

63 2443 158 2496 ronne
175 2428 287 2495 sapiens
306 2426 480 2479 extimescet?
500 2427 535 2477 ln
552 2426 605 2479 Ed.
626 2428 651 2480 2.
670 2425 844 2494 simpliciter
862 2425 933 2477 dicit
950 2426 1038 2501 vulgo
1062 2427 1123 2511 legi
1141 2428 1220 2483 dolo-

63 2514 127 2550 rem
143 2513 217 2549 uero.
256 2495 426 2569 corrigendi
444 2496 525 2548 nulla
542 2497 601 2546 fuit
626 2495 701 2546 iusta
718 2512 810 2548 causa.
846 2496 926 2548 Unus
946 2496 996 2549 Ox.
1016 2498 1126 2549 omittit
1143 2513 1217 2552 nero.

62 2568 263 2636 Wopkensius
282 2569 396 2637 quoque
413 2585 442 2637 p.
463 2568 514 2621 10⁷
534 2563 607 2629 [147.
622 2564 724 2630 Hand]
744 2565 887 2634 improbat
900 2566 1082 2619 Davisianam
1100 2585 1121 2619 s.
1133 2569 1220 2622 Bent-

61 2638 189 2690 leianam
215 2638 433 2690 correctionem.
477 2636 589 2687 Habent
614 2634 771 2689 extimescit
797 2634 886 2691 Rehd.
913 2638 962 2689 Ox.
987 2636 1021 2688 D.
1048 2645 1077 2690 et
1094 2640 1170 2691 Mon.
1190 2642 1217 2694 1.

15 2746 18 2753 .
62 2708 134 2760 Edd.
154 2711 183 2763 P.
203 2708 237 2759 A.
256 2708 287 2758 B.
307 2707 335 2760 S.
355 2708 389 2760 E.
409 2706 442 2759 G.
461 2706 494 2757 V.
513 2706 584 2757 Ven.
612 2713 700 2758 nostr.
729 2704 792 2757 Asc.
814 2709 839 2761 1.
857 2708 883 2762 2.
912 2707 993 2759 Junt.
1019 2707 1118 2763 Hero.
1143 2712 1169 2766 l.
1188 2711 1216 2766 2.

63 2778 222 2831 extimescat
238 2779 294 2829 duo
313 2778 396 2842 Oxx.,
420 2776 605 2830 extimesceret
622 2794 705 2827 unus.
740 2775 802 2827 Mr.

54 2890 56 2895 ·
132 2866 208 2918 Huic
225 2882 357 2917 maxume
375 2863 542 2929 tententiae]
569 2864 663 2938 Vulgo
681 2862 831 2927 monimus,
850 2862 927 2932 quod
944 2863 1062 2932 quidem
1080 2864 1217 2918 mendum

60 2935 213 2988 videretur
234 2935 489 3008 typographicam,
504 2934 572 2985 ‘nisi
592 2935 736 2986 Manucius
761 2941 791 2986 st
815 2933 969 2985 Lambinus
992 2931 1044 2985 illo
1061 2934 1134 2986 vitio
1153 2953 1216 2987 suas

61 3004 199 3058 editiones
218 3013 412 3059 temerassent.
449 3005 486 3057 D.
523 3004 600 3070 [Non
626 3003 711 3056 habet
734 3006 875 3056 maximae
897 3002 947 3056 sed
963 3000 1085 3056 nmine
1102 3005 1215 3057 Lambi-

59 3077 144 3129 niana
168 3075 259 3141 tntu]
851 3089 853 3092 “
1214 3091 1230 3140 j

130 3147 160 3199 1s
178 3146 251 3199 enim
268 3144 331 3198 buis
348 3143 444 3196 mani
450 3159 498 3196 me
516 3145 668 3198 sententiae
687 3141 857 3212 repugnate]
883 3143 1033 3208 „Maxime
1051 3143 1128 3198 edidi
1146 3163 1214 3201 cum

58 3217 174 3270 Davisio
188 3234 245 3315 pro
263 3215 409 3269 maximae.
447 3213 496 3268 Sic
514 3223 543 3266 et
560 3214 617 3268 MS.
638 3215 737 3267 Guelf.
757 3223 786 3266 et
810 3213 861 3264 alii
878 3213 954 3281 apud
970 3213 1140 3280 Buherium,
1167 3216 1211 3271 ed.

58 3287 186 3340 Juntaef
219 3289 290 3341 Ern.
332 3284 504 3337 Bouhierius
533 3284 681 3349 videlicet,
712 3293 865 3353 postquam
893 3283 998 3337 reiecit
1027 3284 1219 3340 Davisianum·

58 3357 226 3412 Doloremne
244 3359 373 3425 itemque
391 3356 502 3408 interro
524 3356 590 3407 andi
608 3355 723 3429 signum
740 3362 804 3423 post
822 3351 990 3417 extimescet,
1018 3355 1094 3425 quod
1111 3373 1213 3426 perpe-
1261 3353 1264 3358 ’

57 3446 121 3481 ram
139 3430 226 3481 etiam
243 3429 370 3498 positum
395 3434 438 3477 est
464 3425 496 3477 in
539 3426 565 3477 d.
585 3427 655 3478 Ern.
675 3424 746 3476 Lall.
775 3431 805 3476 et
830 3423 895 3474 aliis
919 3423 1019 3475 multis
1037 3434 1102 3494 post
1119 3427 1212 3480 uirtus
1274 3471 1280 3485 ‚

57 3507 88 3552 et
105 3499 192 3562 cedet,
213 3507 242 3550 et
259 3499 339 3568 peius
358 3496 446 3549 etiam
463 3504 528 3564 post
545 3501 636 3562 turpe,
655 3493 707 3546 ille
726 3493 819 3578 igitur
841 3493 873 3544 in
892 3491 978 3546 Codd.
997 3493 1055 3545 suis
1080 3496 1211 3548 omnibus

56 3578 87 3623 et
105 3586 155 3622 sua
171 3569 224 3621 Ed.
241 3577 299 3620 vet.
320 3569 413 3620 refert
437 3583 495 3619 esse
513 3565 642 3619 musione.
680 3566 805 3638 Legitur
822 3571 918 3615 autem
934 3562 1055 3618 manime
1072 3564 1105 3617 iu
1122 3564 1209 3620 Godd.

55 3639 162 3693 nostris
182 3639 321 3699 omnibus,
340 3637 406 3699 (nisi
424 3637 502 3706 quod
520 3655 552 3690 ea
569 3653 626 3688 vox
644 3636 675 3686 in
692 3651 750 3686 uno
764 3634 813 3688 Ox.
834 3633 919 3702 plane
934 3635 1036 3688 omissa
1054 3635 1117 3702 est,)
1136 3634 1208 3692 Edd.

54 3711 138 3763 Junt.
158 3708 222 3759 Asc.
240 3709 266 3760 2.
290 3708 358 3759 Rob·
387 3715 417 3759 et
442 3707 505 3759 Gar.
532 3706 630 3775 Steph.
651 3709 679 3759 P.
706 3706 803 3757 Herw.
823 3707 847 3757 1.
868 3705 894 3757 2.
918 3701 998 3756 Brut.
1028 3703 1108 3776 sylb.
1136 3705 1208 3761 Dav.

54 3778 131 3834 Lall.
152 3777 225 3830 Oliv.
258 3778 324 3827 Mox
342 3777 430 3831 Rehd.
451 3793 517 3828 nam
535 3793 608 3828 cum
626 3779 903 3829 contra-nostrum
920 3780 1207 3843 nostrorumque,

53 3850 139 3902 Vind.
159 3852 185 3904 1.
215 3851 344 3899 nostram
362 3853 395 3898 et
413 3852 583 3912 nostrorum,
608 3849 683 3900 Mon.
704 3849 727 3900 l.
754 3843 960 3911 aegritudinem
983 3853 1090 3898 contro.
1127 3849 1208 3899 Unus

55 3922 145 3975 etiam
155 3920 204 3972 Ox.
226 3924 255 3969 et
265 3916 338 3968 (iud.
349 3918 375 3970 2.
394 3924 490 3985 contra
507 3933 561 3986 pro
580 3924 753 3984 contraque.
772 3917 847 3965 Mon.
862 3917 889 3968 2.
909 3915 1123 3979 aegritudines.
1144 3916 1205 3968 Mr.

126 4006 217 4058 Dolor
241 4019 299 4057 esse
315 4002 424 4057 uidetur
446 4006 602 4058 acerrimus
624 4001 727 4056 uirtuti
745 3999 957 4066 cloacarium]
993 4003 1074 4055 Unus
1091 4001 1140 4054 Ox.
1159 4004 1209 4055 do-

55 4080 117 4131 lore
133 4093 187 4147 pro
206 4076 287 4131 dolor
312 4089 394 4127 esse.
422 4073 489 4127 God.
508 4072 605 4126 Duisb.
627 4072 709 4126 dolor
726 4070 841 4122 videtur
862 4085 931 4140 esse.
968 4071 1013 4123 Ad
1029 4088 1109 4140 seqq.
1128 4075 1206 4128 conf.

55 4148 115 4202 Gic.
144 4146 178 4199 de
202 4146 255 4199 off.
284 4145 322 4198 11.
349 4147 392 4199 10.
417 4145 467 4199 3⁷:
496 4143 621 4204 dolorum
644 4152 724 4210 quum
748 4140 929 4193 adorarentur
951 4141 1041 4204 faces:
1073 4141 1124 4193 ubi
1146 4143 1204 4197 vid.

53 4217 148 4275 Beier,
188 4220 253 4273 ,ta
281 4216 367 4290 Iungi
385 4212 568 4267 advesarius
586 4231 652 4265 cum
669 4211 771 4263 Dativo
790 4218 820 4262 st
838 4209 974 4264 Genitivo
993 4220 1091 4264 mouet
1108 4213 1205 4270 Wolf.

54 4290 87 4342 in
105 4234 220 4353 sobolis,
245 4295 279 4338 ut
304 4287 411 4341 amicae
438 4293 467 4338 st
493 4282 638 4340 inimicus.
672 4282 714 4334 De
740 4272 776 4349 sd
799 4295 869 4331 vero
893 4295 978 4333 nemo
997 4282 1114 4337 dubitat.
1150 4281 1205 4338 Sed
1268 4291 1270 4296 ’

55 4359 196 4414 rarissimi
221 4358 346 4428 exempli
364 4366 407 4411 est
429 4357 563 4410 iunctum
580 4353 635 4408 hoc
662 4351 868 4406 substantivum
886 4367 953 4404 cum
970 4351 1082 4421 Dativo,
1110 4354 1204 4409 addito

913 4458 978 4520 11*
