2856 5084
507 275 775 395 sensnm.
883 245 889 258 ‘
1021 310 1025 317 ¹
1157 298 1277 374 rsa

63 460 193 522 litatem
213 457 458 530 extimescebat,
480 456 667 523 declaravit
687 461 723 522 in
738 456 959 546 Pythagoreis
980 457 1109 523 duobus
1131 462 1220 526 illiso

65 561 206 625 quornm
233 563 333 626 quum
359 543 503 604 alterum
531 541 647 606 vadem
679 544 799 604 mortis
831 544 1030 624 accepissem
1059 544 1157 622 alter,
1179 555 1221 608 ut

63 624 182 687 vadem
214 643 312 687 suum
344 624 519 702 liberaret,
552 633 688 708 praesto
725 626 845 687 luisset
872 623 915 687 ad
948 623 1067 686 horam
1099 630 1220 692 mortis

64 705 280 769 destinatam
316 707 443 772 Utinam
464 727 537 790 ego,
564 708 687 790 inquit,
711 708 826 770 tertias
847 707 938 770 vobis
959 710 1078 779 amicas
1099 709 1219 775 adscri-

64 893 151 945 supra
168 875 220 930 111.
241 867 312 931 356.
331 876 425 932 Beier.
453 876 488 927 ad
513 873 573 927 Cic.
599 872 635 927 de
663 873 717 927 Off.
737 875 775 927 11.
797 876 838 929 14.
864 877 908 930 48.
931 892 965 997 (p
986 877 1030 944 99.
1058 876 1125 930 (tud.
1146 877 1220 934 Gna.

64 947 175 1003 omittit
192 961 274 1010 oero;
303 946 552 1000 unus01.habet
577 960 698 1012 quornm.
737 943 816 1010 Quod
833 945 864 998 h.
884 945 905 997 l.
951 945 1004 998 icit
1028 947 1223 1001 amicitiarum

65 1017 268 1084 infidelitatem,
286 1016 359 1068 dixit
377 1019 425 1070 Or.
445 1032 499 1087 pro
518 1017 579 1069 llil.
599 1019 642 1080 26,
662 1020 705 1072 69.
724 1016 905 1082 infidelitates
921 1019 952 1071 in
968 1017 1079 1086 amicis,
1097 1019 1148 1072 ubi
1167 1021 1223 1074 Ga·

65 1089 194 1143 ratonius
212 1087 354 1157 praetulit
378 1087 408 1140 in
427 1086 575 1140 amicitiis.
613 1088 673 1144 Mr.
901 1128 907 1158 1

137 1161 172 1213 In
198 1157 387 1228 Pythagoreis
410 1150 516 1211 du‘ohns
536 1157 615 1224 iilis]
650 1157 809 1213 Damonem
829 1168 866 1225 ¹et
884 1151 1038 1214 'Phintiam
1068 1162 1222 1237 significat.

57 1231 226 1287 Historiam
253 1230 313 1282 late
339 1230 471 1282 referunt
495 1239 593 1281 noster
612 1229 693 1282 offic.
714 1229 764 1282 lib.
785 1232 837 1285 lll.
857 1230 923 1301 cap!
939 1235 982 1286 ltt.
1018 1232 1161 1286 Diodorus
1179 1232 1224 1287 st.

66 1303 149 1354 culus
174 1302 205 1352 in
222 1301 360 1371 Excerpt.
380 1301 502 1354 Peiresc.
528 1318 613 1375 pagg.
634 1300 697 1364 242,
722 1303 784 1356 244.
812 1309 841 1354 et
857 1302 989 1356 Valerius
1013 1305 1153 1357 Maximus
1170 1305 1223 1358 lib.

68 1373 117 1425 lV.
138 1390 197 1442 cap.
217 1372 280 1423 Vll.
302 1375 326 1425 1.
347 1379 403 1432 ext.
441 1370 524 1442 Apud
541 1372 620 1424 hunc
637 1368 769 1425 Phintias
787 1373 852 1425 loco
870 1390 905 1442 pe
945 1391 1022 1426 eram
1040 1374 1151 1450 legitur
1168 1375 1224 1446 Py-

68 1441 153 1508 thias,
181 1451 214 1495 ut
233 1461 269 1495 ex
285 1441 440 1495 Plutarcho
462 1442 526 1510 περὶ
542 1443 705 1514 πολυφιλίας
727 1461 763 1513 pa
786 1447 856 1500 ,93.
876 1390 984 1497 ἀυᾚιιῃ
1004 1447 1118 1498 monuit
1136 1441 1222 1501 Hiar,

68 1514 219 1567 Turnebus
248 1513 362 1566 Advers.
388 1514 447 1578 XX,
473 1516 524 1568 13.
559 1514 630 1568 Vide
657 1513 701 1566 cl.
730 1462 900 1567 salmasium
928 1516 1032 1568 Exerc.
1059 1517 1133 1569 Plin.
1158 1536 1224 1593 pag.

68 1585 140 1638 CXI.
178 1584 276 1638 Multis
301 1602 366 1636 sane
391 1593 525 1637 veterum
550 1583 621 1637 locis
644 1585 811 1638 confirmari
834 1594 929 1656 potest
951 1586 1023 1638 haec
1046 1588 1223 1656 emendati03

68 1656 203 1716 Damonis
222 1655 300 1708 enim
319 1655 444 1707 amicum
455 1653 606 1721 Phintiam,
620 1660 683 1707 'non
696 1653 836 1724 Pythiam,
854 1665 958 1710 vocant
974 1657 1152 1728 Porphyrius
1170 1661 1223 1713 vit.

67 1727 188 1805 Pythag.
217 1727 240 1792 h.
261 1729 305 1782 6⁰·
330 1725 508 1779 Jamblichus
535 1728 599 1799 περὶ
620 1732 681 1792 βίου
703 1732 810 1796 Πυθαγ.
835 1725 857 1790 §-
878 1731 939 1791 127,
964 1730 1025 1783 234.
1050 1737 1079 1781 et
1105 1730 1225 1784 Latinus

67 1800 183 1852 Pacatus
206 1801 310 1871 Paneg.
330 1798 393 1851 Xll.
423 1815 484 1867 cap.
506 1801 548 1852 17.
585 1797 751 1850 Ambrosius
774 1799 808 1851 de
835 1798 1002 1874 Virginibus
1025 1799 1075 1872 lib.
1095 1801 1134 1854 11.
1162 1819 1223 1873 cap.

69 1873 104 1933 V,
118 1872 177 1925 ·34.’
205 1868 246 1921 At
269 1867 355 1920 etiarn
372 1866 601 1936 Philosophorum
626 1868 777 1938 gymnasia
795 1870 950 1923 Damonem
976 1876 1002 1921 et
1019 1868 1154 1939 Pythiam
1172 1873 1227 1942 Py·

70 1939 221 2009 thagoreos
245 1939 275 1992 in
299 1943 406 1992 caelum
427 1940 521 2005 ferant
547 1947 600 1994 etc.
634 1943 703 2015 Leg.
727 1942 883 1995 Damonem
911 1948 936 1993 et
961 1938 1113 2007 Phintiam,
1148 1943 1226 2011 quod

69 2011 254 2066 Benedictini
273 2012 390 2080 quidem
408 2027 526 2063 monere
544 2011 745 2085 neglexerunt.
774 2013 847 2083 Vide
865 2011 904 2062 sis
922 2020 951 2064 et
967 2011 1089 2066 eundem
1107 2012 1157 2065 lib.
1169 2015 1224 2068 111.

69 2084 105 2136 de
124 2084 206 2136 offic.
227 2100 288 2152 cap.
308 2082 371 2135 Xll.
402 2101 429 2133 n.
450 2085 494 2137 80.
532 2083 714 2136 [lactantium
738 2082 803 2136 Dir.
829 2084 899 2137 Inst.
926 2082 976 2136 lib.
994 2083 1028 2136 V.
1055 2100 1116 2156 cap.
1135 2084 1225 2154 xvll,

70 2155 115 2210 22.
136 2164 165 2208 st
183 2155 352 2208 Ciceronem
372 2153 405 2206 de
424 2155 488 2206 Fin.
508 2155 546 2220 ll,
566 2156 610 2210 24.
636 2156 684 2208 D.
961 2179 964 2182 ⁴
1091 2191 1098 2198 -

140 2225 172 2279 in
198 2223 383 2295 Pythagoreis
408 2227 513 2280 dnobus
537 2225 635 2294 illim]
672 2226 717 2281 Ad
741 2245 805 2281 rem
834 2228 904 2281 adde
928 2229 974 2293 iis,
1001 2246 1071 2300 quos
1097 2229 1228 2284 laudavit

68 2296 151 2362 Dav„
180 2298 346 2350 Fabricium
373 2299 405 2350 in
421 2298 493 2349 Bibh
514 2298 565 2353 Gr.
585 2299 608 2352 1.
634 2317 662 2368 p.
684 2302 746 2354 599.
770 2299 820 2352 ubi
844 2300 954 2351 videbis
978 2318 1054 2366 eum,
1080 2302 1132 2370 qui
1155 2301 1227 2352 alibi

70 2367 201 2422 Phintias
221 2368 385 2439 (perperam
403 2366 528 2436 Pythias)
551 2377 680 2434 vocatur,
712 2369 830 2443 Hygino
856 2368 923 2421 Fab.
941 2371 1003 2425 257.
1028 2367 1126 2434 vocari
1146 2371 1231 2425 Moe-=

32 2476 35 2479 -
71 2456 143 2505 ram,
164 2456 222 2507 quo
241 2441 355 2509 nomine
374 2457 440 2490 usus
460 2449 502 2491 est
519 2436 681 2491 Schillerus
699 2448 797 2492 noster
815 2440 846 2491 in
856 2439 984 2494 carmine
999 2441 1226 2516 elegantissimo,

73 2527 131 2578 quo
156 2509 232 2562 hanc
261 2509 456 2562 narrationem
487 2510 613 2578 inclusit.
645 2509 689 2563 cf.
714 2510 826 2563 Fabric.
852 2511 873 2562 l.
895 2529 919 2563 c.
945 2527 974 2581 p.
993 2514 1045 2567 514
1065 2523 1094 2566 et
1112 2516 1165 2569 516
1183 2530 1225 2582 sq.
1314 2559 1317 2564 ,

72 2589 102 2632 et
141 2598 192 2633 uos
209 2581 305 2632 laudat
328 2581 444 2634 Beisrus
470 2582 505 2634 ad
523 2581 582 2635 Cic.
602 2580 640 2634 de*
655 2581 708 2637 Off.
727 2582 780 2635 111.
801 2585 843 2647 1⁰.
861 2585 908 2639 46.
934 2600 963 2650 p-
984 2585 1045 2638 259.
1083 2583 1227 2642 Scribitur

71 2599 272 2720 Pythagoricis
296 2652 328 2703 in
352 2660 473 2721 quatuor
492 2653 562 2706 Oxx.
582 2661 612 2705 et
628 2655 703 2706 ttton.
723 2655 749 2707 2.
787 2654 822 2706 ln
846 2652 920 2707 Gud.
939 2656 965 2709 2.
995 2661 1038 2707 est
1057 2652 1227 2724 Pythagore,

71 2724 205 2798 neglecto
224 2724 394 2795 compendio
412 2723 490 2776 vocis
508 2726 543 2777 is.
581 2722 673 2776 Verba
692 2724 808 2777 cherum
832 2723 929 2777 uadem
953 2725 1055 2779 mortis
1078 2724 1228 2795 accepisset

72 2795 243 2847 exciderunt
262 2795 292 2846 in
311 2795 378 2848 Cod.
396 2794 486 2848 Rehd.
519 2794 562 2846 De
580 2795 790 2868 significatione
808 2811 911 2847 vocum
929 2811 980 2847 vas
998 2804 1027 2849 et
1042 2812 1139 2864 praes,
1158 2814 1228 2866 qua·

70 2865 1059 3006 {ttttt}affinitatimalititamsitiit
1078 2867 1136 2989 vii·
1155 2883 1228 2990 itt-2⁰

71 3007 231 3061 kenborch.
252 2955 331 3059 Stupht
354 3006 443 3059 ,Add
459 3007 616 3060 Forcellin.
635 3025 662 3060 v.
680 3021 775 3075 praes.
795 3006 913 3058 Barnab.
932 2955 1063 3060 Βνίεεοιέ
1077 3008 1111 3061 de
1123 3007 1226 3062 Verbb.

71 3078 141 3132 Diff.
161 3098 188 3132 v.
208 3098 235 3132 v.
251 3095 323 3146 prae
344 3094 373 3131 es
393 3087 422 3130 et
439 3079 530 3132 vades.
569 3077 847 3147 Auson.ldyll.12:
1200 3094 1203 3106 ·

239 3150 308 3204 Quis
326 3148 400 3202 subit
419 3147 451 3201 in
465 3166 584 3216 poenam
601 3147 722 3217 capitali
738 3147 867 3201 iudicio?
893 3164 951 3202 aas.
969 3166 972 3170 “
1085 3184 1087 3191 ,

74 3218 80 3266 ι’
100 3245 102 3249 ’
207 3229 215 3234 “
238 3220 330 3276 Quid?
349 3220 377 3273 si
395 3221 433 3272 tis
450 3221 536 3283 faerit
555 3216 735 3289 nummaria?
755 3218 816 3290 quis
834 3219 970 3273 dabitur?
984 3229 1078 3291 praee.
1111 3222 1177 3274 Mr.

124 3292 239 3345 'oadmn
262 3290 381 3358 mortis]
416 3290 485 3356 „De
505 3291 558 3345 eff.
590 3301 631 3344 est
656 3291 754 3343 uadem
779 3306 809 3343 se
832 3289 954 3344 sistendi
977 3309 1015 3343 sc.
1034 3291 1069 3344 ad
1087 3299 1226 3343 mortem:

72 3363 148 3417 unde
167 3365 242 3417 dixit
267 3364 364 3416 uadem
387 3359 518 3418 mortis.“-
543 3363 611 3415 Era.
649 3363 684 3415 ln
702 3361 769 3414 Cod.
788 3362 829 3414 Re
852 3399 858 3412 .
884 3369 927 3413 est
944 3363 1023 3427 eade,
1049 3362 1182 3432 absorpto
1200 3377 1229 3414 m

72 3453 88 3486 a
106 3443 251 3504 sequente.
288 3433 337 3486 sic
364 3434 428 3485 vice
443 3451 536 3497 „versa
561 3435 593 3485 in
611 3434 695 3485 Mon.
708 3437 732 3486 l.
757 3378 855 3484 Duisb.
881 3440 909 3484 et
936 3449 994 3484 uno
1013 3433 1063 3485 Ox.
1090 3433 1229 3484 scribitur

71 3503 223 3574 accepisset
241 3512 282 3558 et.
320 3495 420 3579 P'ergit
438 3505 515 3557 idem
533 3506 583 3557 Ox.
604 3504 676 3556 aiter
697 3520 775 3556 aero
799 3503 908 3567 vadem,
932 3502 1029 3555 Duisb.
1059 3503 1171 3556 omittit
1188 3506 1228 3568 nt,

73 3586 103 3629 et
123 3576 239 3630 exhibet
265 3577 407 3630 liberare.
441 3575 621 3629 Marb..Gud.
643 3580 667 3629 l.
688 3582 717 3626 et
734 3577 760 3630 2.
787 3573 920 3625 atterum
947 3573 1054 3639 uadem,
1078 3581 1112 3625 ut
1136 3573 1227 3644 prius.
1318 3625 1324 3642 ,

70 3649 153 3700 Unus
172 3648 222 3699 Ox.
249 3664 301 3716 pro
319 3664 399 3699 suum
415 3646 502 3699 habet
525 3645 637 3699 ntortis.
674 3647 728 3703 Pro
747 3642 845 3696 horam
869 3643 900 3694 in
920 3643 993 3696 Gud.
1013 3647 1039 3698 2.
1060 3651 1101 3697 est
1119 3645 1227 3698 bonam.

72 3721 128 3770 Pro
146 3717 192 3767 his
210 3717 303 3768 verbis
327 3718 360 3769 de
386 3717 438 3769 Off.
460 3719 513 3772 lll.
538 3721 581 3773 10.
606 3716 729 3791 legitur:
759 3732 821 3768 cunt
850 3730 940 3769 eornm
966 3714 1052 3769 atteri
1070 3714 1229 3786 Dionysias

71 3797 208 3858 tyrannus
226 3786 298 3839 diem
316 3785 392 3839 necis
411 3788 614 3842 destinavisset.
652 3788 712 3840 Mr.
772 3823 773 3826 κ

143 3856 253 3911 morti
271 3857 452 3925 destinatam]
489 3859 559 3926 „Sic
577 3858 683 3913 habent
702 3856 835 3910 nonnulli
852 3856 922 3909 libri
940 3865 1061 3910 veteres.
1082 3856 1135 3907 alii
1152 3872 1229 3909 mor·

71 3930 120 3997 tis,
140 3939 173 3982 ut
190 3928 333 4004 vulgati.“
360 3927 480 3983 Lambin.
518 3929 632 3995 „Morti
658 3928 747 3981 malui
766 3946 833 3992 cum
851 3927 980 3981 Lainbin.
1000 3935 1029 3978 et
1049 3926 1119 3978 Pall.
1140 3927 1227 3988 prim.
1319 3924 1328 3932 ”

72 4010 140 4056 tert.
161 4003 229 4054 alias
245 3997 380 4051 niortis.“
399 3998 480 4053 Gehh.
517 3999 646 4066 „Mortis
663 4000 741 4052 dedi:
761 3998 875 4072 vulgati
893 3996 1011 4051 morti.“
1035 3997 1107 4048 Deo.
1127 3996 1181 4049 Ed.
1202 3998 1228 4052 2.

72 4074 210 4127 Restituit
228 4073 315 4125 morti
337 4071 405 4123 Dav.
436 4071 467 4121 in
484 4071 537 4123 Ed.
556 4074 581 4126 3.
618 4071 686 4146 Ego*
707 4085 778 4121 vero
803 4079 870 4120 cum
887 4070 958 4121 Ern.
979 4067 1126 4122 FAWolf.
1147 4083 1227 4136 seqq.

73 4145 139 4196 dedi
164 4143 275 4209 mortis,
311 4143 386 4211 quod
411 4140 558 4195 commode
582 4149 656 4194 stare
689 4147 793 4210 potest,
822 4157 857 4192 ex
882 4138 968 4192 Godd.
995 4137 1122 4206 optimis,
1156 4138 1229 4213 Reg.
1299 4170 1306 4185 .

40 4260 43 4267 .
74 4213 149 4268 Gud.
170 4220 194 4269 1.
215 4219 240 4271 2.
262 4214 334 4287 Aug.
361 4213 447 4266 lllarb.
474 4215 550 4268 Mon.
573 4216 596 4267 l.
621 4210 710 4264 Rehd.
733 4208 830 4267 Duisb.
849 4218 885 4262 et
908 4208 944 4274 (si
968 4209 1118 4262 collationi
1147 4209 1228 4275 fides)

73 4303 131 4340 uno
156 4286 206 4337 Ox.
231 4286 303 4338 Edd.
330 4284 357 4337 S.
377 4286 410 4336 V.
436 4285 473 4340 Ill.
501 4283 568 4336 Rob.
602 4280 702 4352 Steph.
727 4280 791 4334 (lar.
817 4278 917 4350 Stepb.
943 4278 1008 4334 Ald.
1034 4281 1116 4335 Boul.
1141 4281 1227 4335 beod.

74 4348 190 4411 Lambb.
211 4356 297 4410 Gotb.
336 4356 397 4410 Mr.

147 4428 263 4482 Utinam
279 4441 338 4508 'ego
363 4459 396 4470 —
424 4422 637 4490 adscriberert]
677 4423 759 4489 Unus
786 4422 838 4476 Ox.
863 4421 950 4476 habet
980 4420 1069 4477 nobis.
1105 4425 1180 4477 ltlon.
1202 4426 1225 4479 1.
