2856 5084
541 273 671 337 LIBER
692 274 734 348 V,
765 274 814 338 17.
1178 275 1253 337 tol*

81 445 154 501 tate
172 437 250 515 ulla,
272 426 346 498 sine
366 438 529 513 lubidine,
552 458 663 500 nonne
685 437 824 501 beatnst
861 437 912 498 ‘At
944 454 1074 518 semper
1103 436 1320 518 sapienti-²³⁹·

80 522 168 584 talis.
211 519 352 602 Semper
374 524 482 604 igilur
505 522 627 584 beatus,
672 520 740 581 Iam
762 541 844 582 uero
868 517 926 601 qui
955 514 1147 600 potest'vir
1177 520 1235 587 bo,
1265 507 1289 542 ⁸·

78 623 142 665 nus
164 600 230 664 nou
252 603 294 665 ad
316 603 363 680 id,
386 603 475 685 quod
499 603 665 665 laudabile
687 605 741 680 sit,
764 605 873 664 omnia
898 606 1040 678 referre,
1059 619 1144 682 'quae
1166 604 1237 686 agit

79 705 228 767 quaeque
259 684 383 747 sentit?
426 688 541 747 Refert
567 694 678 748 autem
707 688 821 746 onmia
843 683 884 745 ad
913 685 1008 747 beate
1035 683 1235 753 vivendumz

77 767 176 831 beata
210 770 318 852 igitur
350 771 423 832 vita
448 768 648 833 laudabilisz
693 788 755 831 nee
788 770 960 850 quicquam
996 770 1068 830 siue
1109 769 1237 830 virtute

77 850 263 914 laudabile:
286 853 381 913 beata
405 853 513 936 igitur
536 853 606 913 vita
628 853 757 912 virtute
779 852 966 912 conficitur.

48 1005 53 1011 ,
162 933 270 1015 Atque
298 935 362 996 boc
388 937 438 994 sic
470 936 576 994 etiam
594 933 820 995 concluditur.
865 933 938 994 Nec
960 933 993 991 in
1016 930 1232 992 miseravita
1254 927 1295 992 17

77 1017 251 1099 quicquam
275 1026 326 1077 est
347 1017 570 1096 praedicabile
592 1026 650 1076 aut
672 1016 908 1102 gloriandum,
939 1035 999 1075 nec
1019 1015 1054 1072 iu
1077 1033 1126 1087 ea,
1148 1033 1231 1092 quae
1249 1012 1295 1066 49·

82 1118 144 1161 nec
166 1102 292 1173 misere
314 1100 370 1178 sit,
394 1118 455 1162 ncc
476 1100 581 1162 beata.
625 1099 666 1160 Et
688 1109 738 1160 est
760 1101 794 1160 in
817 1100 928 1181 aliqua
959 1098 1031 1160 'vita
1063 1097 1236 1178 praedica-

76 1287 174 1333 autem
193 1281 226 1332 in
244 1281 350 1335 scholis
368 1283 428 1335 ulla
446 1291 609 1352 suspectum
630 1291 700 1348 erat,
727 1291 827 1351 utpote
847 1281 924 1334 nihil
942 1281 1045 1333 addens
1064 1279 1235 1351 sententiae,

76 1354 249 1421 praesertim
268 1371 334 1406 eum
352 1354 466 1422 reliqua
484 1355 658 1406 substantiva
676 1354 736 1404 sinc
756 1369 788 1404 eo
806 1361 959 1422 ponantur.
997 1353 1071 1426 Ego,
1089 1360 1123 1402 ut
1141 1352 1235 1403 dicam

77 1423 155 1491 quod
171 1425 274 1489 sentio,
307 1442 365 1477 non
385 1426 478 1478 solum
497 1441 567 1478 voce
587 1426 648 1488 alia
666 1424 805 1488 offendor,
836 1424 902 1494 quia
926 1423 1003 1475 nihil
1025 1423 1103 1475 addit
1122 1431 1236 1474 senten-

76 1493 146 1556 tiae,
166 1495 321 1548 sedetiam
346 1497 414 1565 quia
432 1496 531 1549 falsam
551 1497 645 1549 reddit
664 1496 844 1548 sententiam.
882 1493 1038 1557 Aiaci-itas,
1062 1510 1120 1544 non
1138 1493 1235 1546 addito

75 1564 229 1630 adiectae,
260 1575 303 1619 est
325 1584 384 1620 vox
402 1567 504 1630 media,
534 1585 620 1636 quam
639 1567 752 1619 dicunt:
779 1572 952 1635 potestesse
977 1564 1127 1616 laudabilis
1145 1582 1235 1634 aeque

77 1644 165 1705 atque
190 1638 383 1706 improbanda.
428 1637 507 1703 Quod
534 1640 558 1690 si
586 1637 673 1703 dicas,
703 1639 763 1690 aine
789 1635 939 1690 alacritate
965 1636 1033 1699 alla,
1065 1652 1180 1688 omnem
1203 1635 1235 1687 in

76 1707 204 1777 sapiente
230 1710 365 1778 reprobas
390 1710 579 1774 alacritatem,
611 1718 672 1760 eam
699 1726 822 1777 quoque,
851 1725 923 1776 quae
949 1708 1089 1758 virtutem
1108 1707 1232 1759 adiuvat.

77 1778 177 1840 Malim
197 1779 290 1853 igitur
307 1783 401 1833 facere
420 1798 486 1833 cum
505 1780 647 1840 Nissenio‚
667 1781 747 1830 cuius
766 1779 962 1832 coniecturam
981 1795 1037 1829 non
1058 1780 1138 1830 omni
1155 1785 1235 1830 vete·
1267 1845 1269 1848 Ι

76 1865 144 1902 rum
176 1849 318 1902 librorum
345 1854 515 1904 auctoritate
545 1852 712 1904 destitutam
740 1867 798 1903 esse
823 1849 955 1902 vidimus.
998 1848 1054 1901 Sed
1082 1868 1148 1902 cum
1176 1865 1234 1902 non

77 1920 275 1973 eiusmodi-sit
293 1924 421 1997 vulgata,
449 1932 483 1974 ut
509 1924 584 1975 ferri
598 1922 687 1992 plane
707 1930 839 1990 nequeat,
864 1919 963 1983 invitis
983 1920 1067 1971 Codd.
1088 1920 1166 1972 nihil
1184 1937 1235 1972 no-

76 2009 146 2045 vare
164 1992 319 2045 voluimus.
357 1995 392 2047 In
410 1992 495 2055 laude
513 1995 597 2064 ponit
615 1993 794 2045 alercritatem
812 1993 914 2045 Cicero
933 1991 967 2042 ad
986 1991 1094 2047 Fatum.
1113 1993 1136 2066 l,
1147 1995 1173 2056 9,
1185 1994 1233 2046 16:

75 2061 126 2115 ubi
144 2066 264 2130 egregia
284 2063 372 2118 animi
389 2067 540 2119 alacritate
559 2064 630 2116 dicit
649 2064 798 2116 Metellum
817 2063 940 2116 exilium
958 2062 1066 2114 tulisse.
1106 2065 1165 2116 Mr.
1232 2120 1236 2127 ,

135 2133 186 2185 'At
204 2151 313 2203 semper
335 2138 449 2203 capient
472 2135 565 2202 talia]
599 2135 666 2187 Cod.
688 2135 761 2187 Gud.
782 2134 893 2188 omittit
912 2138 950 2184 at.
988 2133 1059 2199 Eius
1084 2133 1147 2186 loco
1165 2133 1232 2187 Cod.

76 2203 151 2258 Gud.
174 2209 197 2259 1.
225 2205 311 2258 habet
329 2213 385 2258 aat.
423 2207 486 2259 Duo
506 2208 576 2261 Oxx.
600 2214 634 2256 ut
653 2205 771 2258 videtur
790 2212 820 2258 at
839 2207 1037 2270 taliaeapiene
1062 2206 1138 2258 talis.
1178 2203 1235 2259 Sed

24 2307 31 2326 .
73 2272 182 2327 habent
206 2275 324 2329 fortasse
351 2286 385 2329 ut
412 2281 487 2330 blan.
510 2283 533 2332 1.
562 2282 591 2329 at
613 2276 683 2329 talia
710 2276 825 2343 rapient
853 2270 972 2341 semper?
1006 2275 1105 2347 Pergit
1129 2276 1182 2329 Ed.
1202 2279 1232 2329 P.

75 2344 176 2412 igitar
195 2361 316 2414 semper:
334 2348 444 2403 Gneo.
465 2348 576 2401 omittit
594 2345 698 2415 igitar.
719 2347 808 2400 Rehd.
829 2364 881 2416 pro
900 2346 1091 2404 beataehabet
1110 2348 1232 2415 rapiere.

73 2415 152 2467 Tum
170 2415 419 2485 Duisb.,ltaque
442 2418 496 2487 qai.
520 2418 609 2471 Rehd.
629 2419 691 2469 lani
713 2436 777 2470 vern
802 2435 871 2487 qao.
912 2418 964 2468 Est
987 2417 1043 2469 hoc
1068 2433 1118 2484 qao
1137 2427 1234 2471 ortum
1284 2444 1288 2452 ·

76 2501 113 2535 ex
136 2486 318 2552 compendio,
352 2487 441 2541 lossae
471 2488 612 2556 quomodo,
641 2507 727 2557 quam
754 2491 875 2542 totidem
899 2487 994 2541 literis
1021 2487 1138 2541 exhibet
1164 2490 1231 2542 eod,

74 2551 150 2628 Aug,
188 2557 253 2607 Mox
270 2504 366 2610 ouisb.
393 2558 445 2611 air·
464 2559 608 2622 beatam
638 2559 710 2613 Gud.
732 2562 757 2613 2.
787 2559 898 2612 omittit
920 2559 1006 2611 verba
1031 2558 1120 2610 eil-
1140 2561 1235 2614 viaea-

74 2626 147 2676 dum.
167 2624 254 2678 Rehd.
275 2626 360 2681 habet
385 2632 496 2696 referre
518 2630 625 2693 omnlae
659 2631 734 2682 idem
760 2649 826 2682 cum
846 2630 918 2683 Gud.
948 2645 1018 2698 pirae
1045 2633 1117 2696 agit,
1146 2647 1234 2700 qaae

73 2697 168 2762 sentit,
197 2714 269 2748 unus
289 2698 338 2751 Ox.
367 2717 438 2768 quae
461 2701 532 2766 agit,
560 2717 680 2770 quaeque
705 2701 851 2763 referret(
874 2703 938 2753 blcx
956 2700 1052 2764 Duisb.
1082 2702 1176 2754 omitia
1195 2703 1234 2755 ad

73 2767 155 2819 bene
182 2767 334 2820 uiuendum.
372 2770 432 2822 lam
450 2771 561 2838 saepius
587 2772 713 2823 vidimus
736 2771 823 2825 huius
842 2772 955 2825 Codicis
974 2772 1147 2840 scriptorem
1166 2790 1233 2824 con·
1268 2815 1281 2837 ,

73 2838 196 2890 fundere
216 2839 458 2904 locutionesbette
474 2841 568 2894 viuere
587 2850 616 2893 et
635 2843 711 2894 beate
732 2843 830 2896 ain-are.
868 2842 925 2894 Sed
948 2841 1043 2909 ipsum
1062 2842 1249 2895 Ciceronem*

47 2969 51 2976 ¹
73 2907 253 2982 distinguere
273 2918 429 2979 utrumque
448 2928 534 2963 nemo
553 2913 654 2964 nescit.
684 2913 726 2964 Ea
745 2913 798 2964 sibi
817 2912 944 2975 invicem
964 2913 1083 2981 opponit
1102 2913 1232 2967 deFinn.

72 2978 110 3032 11.
124 2981 163 3034 8:.
175 2978 233 3041 boe¹
245 2997 339 3047 ego-
351 2982 417 3034 bene
436 2983 548 3049 quidem
567 2983 669 3044 cinare,
688 2985 811 3036 albente
831 2998 967 3052 nunquam
986 2983 1115 3036 dixerim.
1143 2983 1231 3054 Saepe

72 3058 167 3103 autem
196 3051 293 3120 iungit
321 3053 387 3105 bene
410 3053 539 3120 beateque
564 3055 666 3118 civero,
697 3055 791 3105 veluti
814 3055 909 3106 Parad.
932 3058 954 3106 l.
983 3063 1057 3106 extr.
1102 3053 1232 3123 Profecto

71 3118 306 3186 nibil-estatiud
323 3124 389 3185 bane
408 3129 435 3175 et
454 3125 532 3176 beata
550 3123 651 3182 viuere,
683 3123 744 3176 niti
769 3122 882 3178 boaerte
904 3131 930 3177 et
957 3131 1030 3177 recte
1049 3124 1151 3179 uiuere.
1189 3125 1230 3191 lle

72 3199 196 3260 utroque
222 3193 340 3260 optime.
355 3194 482 3263 disputat
510 3194 546 3245 H.
565 3193 726 3262 Stephanus
754 3195 784 3246 in
810 3195 1056 3249 Schediasmatum
1079 3197 1231 3250 Variorum

71 3263 103 3313 L.
124 3261 146 3313 Ι.
169 3279 193 3316 o.
214 3262 262 3314 IX.
283 3281 310 3332 p.
331 3265 445 3319 38—45.
467 3263 566 3326 (Paris.
591 3268 664 3321 1578.
686 3267 733 3330 8.).
771 3268 836 3316 Post
853 3268 932 3318 beata
951 3265 1017 3317 eod.
1037 3267 1233 3332 nebu-omit-

70 3332 109 3383 tit
128 3331 229 3399 igitur,
249 3333 309 3386 eius
328 3334 392 3387 loco
411 3335 463 3397 Ed.
482 3337 511 3386 P·.
531 3334 618 3393 babet
636 3352 713 3402 erga.
751 3339 816 3388 Post
842 3335 995 3389 laudabilia
1021 3335 1088 3392 (lod.
1110 3338 1183 3391 Gud.
1203 3340 1229 3392 2.

70 3405 169 3475 pergit
195 3405 469 3474 vel‘neqaicqaam,
497 3406 569 3460 Gud.
592 3411 616 3460 1.
645 3407 848 3475 nequicquam.
892 3409 925 3459 ln
948 3408 1006 3457 fine
1034 3408 1135 3476 eapitis
1162 3407 1229 3477 Cod.

69 3472 144 3593 Adug.
162 3474 244 3555 beata
260 3474 354 3597 efflue
371 3475 430 3529 vita
448 3479 460 3529 l
467 3477 618 3531 audebit
625 3477 637 3529 i
644 3493 658 3528 r
679 3479 838 3552 conficiturr
859 3477 1008 3532 aberrante
1021 3478 1135 3530 librarii
1148 3478 1231 3531 oculo

70 3560 85 3593 a
143 3560 229 3595 mora.
303 3562 327 3598 r.
692 3577 696 3587 f

96 3561 166 3694 'pe
188 3618 230 3667 17.
267 3615 360 3684 Atque
378 3615 429 3670 bac
446 3615 490 3669 cic
507 3617 593 3671 etiam
618 3618 820 3684 concluditur]
854 3618 919 3670 Cod.
940 3619 1013 3693 Aug.
1035 3617 1117 3684 baec;
1142 3621 1230 3676 blarb.

69 3698 101 3733 se
121 3688 211 3744 etiam,
230 3683 319 3736 Rehd.
349 3688 492 3754 quicquam
517 3705 604 3741 ease.
643 3692 708 3742 Post
731 3688 925 3757 praedicabile
950 3691 1051 3743 desunt
1074 3693 1161 3744 verba
1184 3698 1233 3746 aat

68 3755 112 3819 gl.
132 3769 222 3819 usque
241 3753 275 3804 ad
293 3754 388 3823 aliqua
406 3757 464 3810 aila
481 3759 580 3825 praed.
610 3760 640 3810 in
661 3760 727 3812 Cod.
748 3777 805 3812 uno
825 3761 891 3823 Orc,
913 3761 980 3816 Cod.
1001 3761 1075 3817 Gud.
1098 3768 1120 3815 l.
1145 3762 1232 3816 habet

65 3821 260 3905 praedicabile
288 3825 433 3893 aliquid
457 3834 489 3880 et
511 3829 709 3897 gloriandum:
739 3831 787 3883 sed
818 3831 928 3896 aliquid
956 3834 1071 3901 punctis
1101 3842 1232 3883 notatum

68 3903 119 3958 est,
149 3910 221 3958 voci¹
239 3899 264 3946 et
289 3898 515 3966 superscriptum
543 3909 585 3952 est
609 3907 666 3952 aul.
694 3901 767 3968 Gud.
788 3903 813 3954 2.
851 3901 937 3953 habet
964 3902 1159 3966 praedicabile
1183 3906 1232 3954 aul

65 3963 249 4032 gloriandum
267 3979 302 4016 ac
324 3981 395 4030 prae
414 3983 444 4018 ae
462 3970 617 4036 ferendam,
645 3973 685 4022 ita
710 3980 742 4022 ut
766 3971 836 4022 duae
860 3973 923 4023 fere
948 3971 1042 4025 lineae
1069 3972 1233 4024 exciderint
1285 4023 1288 4027 ,

67 4036 223 4104 eademque
242 4038 343 4087 desunt
370 4036 456 4087 etiam
480 4039 512 4090 in
535 4039 592 4092 alio
612 4041 662 4092 Ox.
684 4041 750 4094 cod.
771 4041 855 4092 Vind.
879 4044 902 4094 l.
931 4056 985 4108 pro
1015 4047 1062 4095 aut
1082 4041 1230 4104 habot'el3

66 4106 100 4158 ab
119 4123 176 4158 uno
196 4109 246 4160 Ox.
248 4106 344 4230 npbest
361 4106 491 4176 primum
507 4125 575 4175 nec,-
604 4111 783 4165 aliushabet
802 4111 913 4181 adpro
933 4114 989 4162 aat.
1021 4106 1086 4164 cdd.
1107 4115 1181 4164 lllon.
1205 4117 1229 4168 l.

89 4193 139 4230 aae
163 4194 210 4231 ne.
284 4192 308 4228 r.
907 4210 912 4216 ,

67 4195 86 4246 q
142 4247 186 4301 Et
204 4243 244 4301 eat
262 4247 293 4301 in
311 4248 408 4315 aliqua
426 4246 496 4313 vilo]
528 4249 675 4314 „Videtur
691 4250 767 4303 mihi
784 4250 914 4326 flagitare
933 4253 1075 4306 sententia
1095 4253 1140 4307 At
1157 4252 1232 4308 eet.“

65 4317 156 4371 Bouh.
195 4319 274 4384 Quod
291 4335 348 4372 non
367 4329 409 4373 est
428 4318 631 4372 necessatium.
669 4321 710 4373 Ut
728 4323 827 4390 paucis
845 4322 996 4396 defungar,
1016 4324 1075 4377 vid.
1095 4326 1178 4378 modo
1197 4315 1231 4380 de

65 4389 277 4462 significatione
296 4390 375 4444 vocis
394 4397 420 4444 el
441 4389 596 4458 intensiva,
622 4393 812 4460 assumtionis,
832 4395 1054 4465 consecutionis,
1074 4397 1232 4469 Goerenzii
