<?xml version="1.0" encoding="UTF-8"?>
<!DOCTYPE html PUBLIC "-//W3C//DTD XHTML 1.0 Transitional//EN"
    "http://www.w3.org/TR/xhtml1/DTD/xhtml1-transitional.dtd">
<html xmlns="http://www.w3.org/1999/xhtml" xml:lang="en" lang="en">
 <head>
  <title>
</title>
<meta http-equiv="Content-Type" content="text/html;charset=utf-8" />
  <meta name='ocr-system' content='tesseract 3.04.00' />
  <meta name='ocr-capabilities' content='ocr_page ocr_carea ocr_par ocr_line ocrx_word'/>
</head>
<body>
  <div class='ocr_page' id='page_1' title='image "./mtulliiciceroni02davigoog/mtulliiciceroni02davigoog_0308.png"; bbox 0 0 2856 5084; ppageno 0'>
   <div class='ocr_carea' id='block_1_1' title="bbox 366 277 1306 360">
    <p class='ocr_par' dir='ltr' id='par_1_1' title="bbox 366 277 1306 360">
     <span class='ocr_line' id='line_1_1' title="bbox 366 277 1306 360; baseline 0.004 -14"><span class='ocrx_word' id='word_1_1' title='bbox 366 279 717 360; x_wconf 79' lang='lat' dir='ltr'><strong>EMENDATIONES</strong></span> <span class='ocrx_word' id='word_1_2' title='bbox 737 278 799 345; x_wconf 78' lang='lat' dir='ltr'><strong>An</strong></span> <span class='ocrx_word' id='word_1_3' title='bbox 819 277 994 346; x_wconf 78' lang='lat' dir='ltr'>LIBRUM</span> <span class='ocrx_word' id='word_1_4' title='bbox 1013 277 1076 346; x_wconf 87' lang='lat' dir='ltr'><strong>IV.</strong></span> <span class='ocrx_word' id='word_1_5' title='bbox 1240 280 1306 350; x_wconf 75' lang='lat'><strong>³35</strong></span> 
     </span>
    </p>
   </div>
   <div class='ocr_carea' id='block_1_2' title="bbox 103 443 1348 1087">
    <p class='ocr_par' dir='ltr' id='par_1_2' title="bbox 103 443 1348 1087">
     <span class='ocr_line' id='line_1_2' title="bbox 149 443 1348 522; baseline 0.001 -21"><span class='ocrx_word' id='word_1_6' title='bbox 149 448 219 519; x_wconf 86' lang='lat' dir='ltr'><strong>quia</strong></span> <span class='ocrx_word' id='word_1_7' title='bbox 235 464 350 503; x_wconf 84' lang='lat' dir='ltr'><strong>versum</strong></span> <span class='ocrx_word' id='word_1_8' title='bbox 367 449 541 522; x_wconf 72' lang='lat' dir='ltr'><strong>corrumpit,</strong></span> <span class='ocrx_word' id='word_1_9' title='bbox 560 447 744 518; x_wconf 84' lang='lat' dir='ltr'><strong>nequeenim</strong></span> <span class='ocrx_word' id='word_1_10' title='bbox 756 446 885 518; x_wconf 83' lang='lat' dir='ltr'><strong>quodtu</strong></span> <span class='ocrx_word' id='word_1_11' title='bbox 900 445 1027 516; x_wconf 74' lang='lat' dir='ltr'><strong>postulas</strong></span> <span class='ocrx_word' id='word_1_12' title='bbox 1046 443 1077 496; x_wconf 90' lang='lat' dir='ltr'><strong>in</strong></span> <span class='ocrx_word' id='word_1_13' title='bbox 1095 443 1162 500; x_wconf 83' lang='lat' dir='ltr'><strong>duas</strong></span> <span class='ocrx_word' id='word_1_14' title='bbox 1181 447 1305 518; x_wconf 60' lang='lat' dir='ltr'><strong>mllabas</strong></span> <span class='ocrx_word' id='word_1_15' title='bbox 1345 515 1348 519; x_wconf 12' lang='grc' dir='ltr'><em>ι</em></span> 
     </span>
     <span class='ocr_line' id='line_1_3' title="bbox 149 517 1304 591; baseline 0 -17"><span class='ocrx_word' id='word_1_16' title='bbox 149 520 290 574; x_wconf 87' lang='lat' dir='ltr'><strong>coarctari</strong></span> <span class='ocrx_word' id='word_1_17' title='bbox 313 528 422 591; x_wconf 87' lang='lat' dir='ltr'><strong>potest;</strong></span> <span class='ocrx_word' id='word_1_18' title='bbox 450 530 513 574; x_wconf 90' lang='lat' dir='ltr'><strong>tum</strong></span> <span class='ocrx_word' id='word_1_19' title='bbox 531 522 599 590; x_wconf 89' lang='lat' dir='ltr'><strong>quia</strong></span> <span class='ocrx_word' id='word_1_20' title='bbox 614 520 754 588; x_wconf 88' lang='lat' dir='ltr'><strong>praelium</strong></span> <span class='ocrx_word' id='word_1_21' title='bbox 777 519 927 574; x_wconf 72' lang='lat' dir='ltr'><strong>restituere</strong></span> <span class='ocrx_word' id='word_1_22' title='bbox 948 533 1002 569; x_wconf 88' lang='lat' dir='ltr'><strong>nec</strong></span> <span class='ocrx_word' id='word_1_23' title='bbox 1019 517 1129 579; x_wconf 79' lang='lat' dir='ltr'><strong>facinus</strong></span> <span class='ocrx_word' id='word_1_24' title='bbox 1146 519 1304 574; x_wconf 82' lang='lat' dir='ltr'><strong>maximum</strong></span> 
     </span>
     <span class='ocr_line' id='line_1_4' title="bbox 149 588 1317 660; baseline 0.001 -16"><span class='ocrx_word' id='word_1_25' title='bbox 149 600 202 657; x_wconf 90' lang='lat' dir='ltr'><strong>est,</strong></span> <span class='ocrx_word' id='word_1_26' title='bbox 230 606 284 654; x_wconf 80' lang='lat' dir='ltr'><strong>nec</strong></span> <span class='ocrx_word' id='word_1_27' title='bbox 311 607 359 644; x_wconf 89' lang='lat' dir='ltr'><strong>res</strong></span> <span class='ocrx_word' id='word_1_28' title='bbox 382 600 500 645; x_wconf 88' lang='lat' dir='ltr'><strong>summa.</strong></span> <span class='ocrx_word' id='word_1_29' title='bbox 537 592 681 645; x_wconf 82' lang='lat' dir='ltr'><strong>Praelium</strong></span> <span class='ocrx_word' id='word_1_30' title='bbox 706 590 814 660; x_wconf 85' lang='lat' dir='ltr'><strong>quippe</strong></span> <span class='ocrx_word' id='word_1_31' title='bbox 843 588 1011 642; x_wconf 82' lang='lat' dir='ltr'><strong>restituitur</strong></span> <span class='ocrx_word' id='word_1_32' title='bbox 1033 604 1127 657; x_wconf 90' lang='lat' dir='ltr'><strong>saepe,</strong></span> <span class='ocrx_word' id='word_1_33' title='bbox 1158 596 1187 642; x_wconf 90' lang='lat' dir='ltr'><strong>et</strong></span> <span class='ocrx_word' id='word_1_34' title='bbox 1207 598 1317 658; x_wconf 34' lang='lat' dir='ltr'><strong>tamen,</strong></span> 
     </span>
     <span class='ocr_line' id='line_1_5' title="bbox 149 658 1304 736; baseline 0.001 -23"><span class='ocrx_word' id='word_1_35' title='bbox 149 660 341 715; x_wconf 87' lang='lat' dir='ltr'><strong>nihilominus</strong></span> <span class='ocrx_word' id='word_1_36' title='bbox 359 663 483 716; x_wconf 80' lang='lat' dir='ltr'><strong>victoria</strong></span> <span class='ocrx_word' id='word_1_37' title='bbox 501 663 658 716; x_wconf 88' lang='lat' dir='ltr'><strong>amittitur.</strong></span> <span class='ocrx_word' id='word_1_38' title='bbox 695 661 838 731; x_wconf 79' lang='lat' dir='ltr'><strong>Equidem</strong></span> <span class='ocrx_word' id='word_1_39' title='bbox 856 660 898 714; x_wconf 91' lang='lat' dir='ltr'><strong>sic</strong></span> <span class='ocrx_word' id='word_1_40' title='bbox 915 667 1029 728; x_wconf 85' lang='lat' dir='ltr'><strong>poetam</strong></span> <span class='ocrx_word' id='word_1_41' title='bbox 1047 658 1154 712; x_wconf 78' lang='lat' dir='ltr'><strong>dedisse</strong></span> <span class='ocrx_word' id='word_1_42' title='bbox 1171 668 1252 730; x_wconf 89' lang='lat' dir='ltr'><strong>puto,</strong></span> <span class='ocrx_word' id='word_1_43' title='bbox 1296 725 1304 736; x_wconf 66' lang='lat'><strong>,.</strong></span> 
     </span>
     <span class='ocr_line' id='line_1_6' title="bbox 316 729 1215 801; baseline 0.002 -15"><span class='ocrx_word' id='word_1_44' title='bbox 316 732 459 787; x_wconf 87' lang='lat' dir='ltr'><strong>Summam</strong></span> <span class='ocrx_word' id='word_1_45' title='bbox 475 751 535 788; x_wconf 87' lang='lat' dir='ltr'><strong>rem</strong></span> <span class='ocrx_word' id='word_1_46' title='bbox 552 734 669 801; x_wconf 77' lang='lat' dir='ltr'><strong>perfecit</strong></span> <span class='ocrx_word' id='word_1_47' title='bbox 692 748 806 796; x_wconf 87' lang='lat' dir='ltr'><strong>manu,</strong></span> <span class='ocrx_word' id='word_1_48' title='bbox 829 748 900 786; x_wconf 89' lang='lat' dir='ltr'><strong>rem</strong></span> <span class='ocrx_word' id='word_1_49' title='bbox 918 729 1047 784; x_wconf 84' lang='lat' dir='ltr'><strong>restituit</strong></span> <span class='ocrx_word' id='word_1_50' title='bbox 1064 729 1215 788; x_wconf 83' lang='lat' dir='ltr'><strong>insaniens.</strong></span> 
     </span>
     <span class='ocr_line' id='line_1_7' title="bbox 103 800 614 880; baseline 0.004 -23"><span class='ocrx_word' id='word_1_51' title='bbox 103 800 105 804; x_wconf 64' lang='grc'>’</span> <span class='ocrx_word' id='word_1_52' title='bbox 148 801 210 857; x_wconf 86' lang='lat' dir='ltr'><strong>Scis</strong></span> <span class='ocrx_word' id='word_1_53' title='bbox 228 802 304 856; x_wconf 87' lang='lat' dir='ltr'><strong>illud</strong></span> <span class='ocrx_word' id='word_1_54' title='bbox 322 805 412 857; x_wconf 87' lang='lat' dir='ltr'><strong>Ennii</strong></span> <span class='ocrx_word' id='word_1_55' title='bbox 437 813 466 858; x_wconf 90' lang='lat' dir='ltr'><strong>et</strong></span> <span class='ocrx_word' id='word_1_56' title='bbox 483 806 614 880; x_wconf 79' lang='lat' dir='ltr'><strong>Virgilii,</strong></span> 
     </span>
     <span class='ocr_line' id='line_1_8' title="bbox 318 871 1220 941; baseline -0.008 -13"><span class='ocrx_word' id='word_1_57' title='bbox 318 874 395 929; x_wconf 88' lang='lat' dir='ltr'><strong>Unus</strong></span> <span class='ocrx_word' id='word_1_58' title='bbox 414 873 493 930; x_wconf 89' lang='lat' dir='ltr'><strong>homo</strong></span> <span class='ocrx_word' id='word_1_59' title='bbox 509 877 590 930; x_wconf 87' lang='lat' dir='ltr'><strong>nohis</strong></span> <span class='ocrx_word' id='word_1_60' title='bbox 608 875 762 930; x_wconf 79' lang='lat' dir='ltr'><strong>curactando</strong></span> <span class='ocrx_word' id='word_1_61' title='bbox 783 871 915 927; x_wconf 80' lang='lat' dir='ltr'><strong>restituit</strong></span> <span class='ocrx_word' id='word_1_62' title='bbox 932 889 1004 925; x_wconf 88' lang='lat' dir='ltr'><strong>rem.</strong></span> <span class='ocrx_word' id='word_1_63' title='bbox 1212 933 1220 941; x_wconf 42' lang='grc'><strong>,</strong></span> 
     </span>
     <span class='ocr_line' id='line_1_9' title="bbox 149 941 1306 1014; baseline 0 -15"><span class='ocrx_word' id='word_1_64' title='bbox 149 944 295 1010; x_wconf 83' lang='lat' dir='ltr'><strong>Ceterum,</strong></span> <span class='ocrx_word' id='word_1_65' title='bbox 314 947 426 1000; x_wconf 90' lang='lat' dir='ltr'><strong>cumin</strong></span> <span class='ocrx_word' id='word_1_66' title='bbox 444 964 506 1000; x_wconf 89' lang='lat' dir='ltr'><strong>rem</strong></span> <span class='ocrx_word' id='word_1_67' title='bbox 523 948 659 1013; x_wconf 88' lang='lat' dir='ltr'><strong>restituit,</strong></span> <span class='ocrx_word' id='word_1_68' title='bbox 678 941 710 1000; x_wconf 85' lang='grc' dir='ltr'><strong>τὸ</strong></span> <span class='ocrx_word' id='word_1_69' title='bbox 726 962 787 998; x_wconf 90' lang='lat' dir='ltr'><strong>rem</strong></span> <span class='ocrx_word' id='word_1_70' title='bbox 799 944 998 998; x_wconf 88' lang='lat' dir='ltr'><strong>absorberetur</strong></span> <span class='ocrx_word' id='word_1_71' title='bbox 1009 960 1026 995; x_wconf 89' lang='lat' dir='ltr'><strong>a</strong></span> <span class='ocrx_word' id='word_1_72' title='bbox 1038 941 1148 1012; x_wconf 80' lang='lat' dir='ltr'><strong>syllaba</strong></span> <span class='ocrx_word' id='word_1_73' title='bbox 1159 952 1306 1014; x_wconf 85' lang='lat' dir='ltr'><strong>sequente,</strong></span> 
     </span>
     <span class='ocr_line' id='line_1_10' title="bbox 150 1014 1305 1087; baseline -0.001 -17"><span class='ocrx_word' id='word_1_74' title='bbox 150 1015 277 1070; x_wconf 79' lang='lat' dir='ltr'><strong>Librarii</strong></span> <span class='ocrx_word' id='word_1_75' title='bbox 294 1034 396 1071; x_wconf 81' lang='lat' dir='ltr'><strong>rocem</strong></span> <span class='ocrx_word' id='word_1_76' title='bbox 414 1017 497 1070; x_wconf 88' lang='lat' dir='ltr'><strong>illam</strong></span> <span class='ocrx_word' id='word_1_77' title='bbox 512 1018 654 1087; x_wconf 87' lang='lat' dir='ltr'><strong>praelium</strong></span> <span class='ocrx_word' id='word_1_78' title='bbox 671 1017 706 1070; x_wconf 86' lang='lat' dir='ltr'><strong>ad</strong></span> <span class='ocrx_word' id='word_1_79' title='bbox 723 1015 911 1087; x_wconf 79' lang='lat' dir='ltr'><strong>supplendam</strong></span> <span class='ocrx_word' id='word_1_80' title='bbox 929 1014 1089 1067; x_wconf 84' lang='lat' dir='ltr'><strong>orationem</strong></span> <span class='ocrx_word' id='word_1_81' title='bbox 1111 1015 1305 1074; x_wconf 84' lang='lat' dir='ltr'><strong>inseruerunt.</strong></span> 
     </span>
    </p>
   </div>
   <div class='ocr_carea' id='block_1_3' title="bbox 101 1100 1326 2529">
    <p class='ocr_par' dir='ltr' id='par_1_3' title="bbox 101 1100 1326 2529">
     <span class='ocr_line' id='line_1_11' title="bbox 222 1100 1307 1176; baseline -0.001 -17"><span class='ocrx_word' id='word_1_82' title='bbox 222 1103 290 1176; x_wconf 81' lang='lat' dir='ltr'><strong>Gap.</strong></span> <span class='ocrx_word' id='word_1_83' title='bbox 310 1108 355 1163; x_wconf 78' lang='lat'><strong>24.</strong></span> <span class='ocrx_word' id='word_1_84' title='bbox 396 1108 501 1161; x_wconf 80' lang='lat' dir='ltr'><strong>Tracta</strong></span> <span class='ocrx_word' id='word_1_85' title='bbox 529 1107 727 1160; x_wconf 87' lang='lat' dir='ltr'><strong>definitionem</strong></span> <span class='ocrx_word' id='word_1_86' title='bbox 751 1100 958 1159; x_wconf 86' lang='lat' dir='ltr'><strong>Fortitudinis=</strong></span> <span class='ocrx_word' id='word_1_87' title='bbox 989 1101 1134 1172; x_wconf 86' lang='lat' dir='ltr'><strong>intelliget</strong></span> <span class='ocrx_word' id='word_1_88' title='bbox 1157 1118 1218 1156; x_wconf 85' lang='lat' dir='ltr'><strong>eam</strong></span> <span class='ocrx_word' id='word_1_89' title='bbox 1247 1110 1307 1159; x_wconf 86' lang='lat' dir='ltr'><strong>sto·</strong></span> 
     </span>
     <span class='ocr_line' id='line_1_12' title="bbox 147 1172 1307 1249; baseline 0.002 -20"><span class='ocrx_word' id='word_1_90' title='bbox 147 1175 245 1230; x_wconf 84' lang='lat' dir='ltr'><strong>macho</strong></span> <span class='ocrx_word' id='word_1_91' title='bbox 268 1193 324 1230; x_wconf 90' lang='lat' dir='ltr'><strong>non</strong></span> <span class='ocrx_word' id='word_1_92' title='bbox 347 1177 451 1247; x_wconf 81' lang='lat' dir='ltr'><strong>egere]</strong></span> <span class='ocrx_word' id='word_1_93' title='bbox 496 1177 615 1234; x_wconf 80' lang='lat' dir='ltr'><strong>Codices</strong></span> <span class='ocrx_word' id='word_1_94' title='bbox 641 1178 775 1249; x_wconf 83' lang='lat' dir='ltr'><strong>plerique</strong></span> <span class='ocrx_word' id='word_1_95' title='bbox 801 1173 961 1240; x_wconf 81' lang='lat' dir='ltr'><strong>definitione</strong></span> <span class='ocrx_word' id='word_1_96' title='bbox 984 1172 1097 1227; x_wconf 86' lang='lat' dir='ltr'><strong>habent.</strong></span> <span class='ocrx_word' id='word_1_97' title='bbox 1142 1172 1222 1227; x_wconf 82' lang='lat' dir='ltr'><strong>Tuus</strong></span> <span class='ocrx_word' id='word_1_98' title='bbox 1252 1175 1307 1232; x_wconf 85' lang='lat' dir='ltr'><strong>ille</strong></span> 
     </span>
     <span class='ocr_line' id='line_1_13' title="bbox 148 1243 1306 1323; baseline 0 -22"><span class='ocrx_word' id='word_1_99' title='bbox 148 1248 284 1323; x_wconf 77' lang='lat' dir='ltr'><strong>egregius</strong></span> <span class='ocrx_word' id='word_1_100' title='bbox 301 1264 355 1319; x_wconf 89' lang='lat' dir='ltr'><strong>pro</strong></span> <span class='ocrx_word' id='word_1_101' title='bbox 373 1250 454 1301; x_wconf 81' lang='lat' dir='ltr'><strong>varia</strong></span> <span class='ocrx_word' id='word_1_102' title='bbox 471 1246 597 1303; x_wconf 84' lang='lat' dir='ltr'><strong>lectione</strong></span> <span class='ocrx_word' id='word_1_103' title='bbox 615 1248 699 1318; x_wconf 90' lang='lat' dir='ltr'><strong>ponit</strong></span> <span class='ocrx_word' id='word_1_104' title='bbox 717 1246 970 1315; x_wconf 76' lang='lat' dir='ltr'><strong>definitiones.</strong></span> <span class='ocrx_word' id='word_1_105' title='bbox 1003 1243 1190 1298; x_wconf 81' lang='lat' dir='ltr'><strong>Rectissimes</strong></span> <span class='ocrx_word' id='word_1_106' title='bbox 1205 1245 1306 1318; x_wconf 89' lang='lat' dir='ltr'><strong>plures</strong></span> 
     </span>
     <span class='ocr_line' id='line_1_14' title="bbox 149 1313 1306 1390; baseline 0 -18"><span class='ocrx_word' id='word_1_107' title='bbox 149 1320 229 1372; x_wconf 90' lang='lat' dir='ltr'><strong>enim</strong></span> <span class='ocrx_word' id='word_1_108' title='bbox 246 1337 315 1372; x_wconf 86' lang='lat' dir='ltr'><strong>mox</strong></span> <span class='ocrx_word' id='word_1_109' title='bbox 333 1327 496 1386; x_wconf 71' lang='lat' dir='ltr'><strong>enumerat,</strong></span> <span class='ocrx_word' id='word_1_110' title='bbox 526 1320 683 1390; x_wconf 88' lang='lat' dir='ltr'><strong>dequibus</strong></span> <span class='ocrx_word' id='word_1_111' title='bbox 706 1319 747 1371; x_wconf 90' lang='lat' dir='ltr'><strong>sic</strong></span> <span class='ocrx_word' id='word_1_112' title='bbox 765 1316 906 1388; x_wconf 88' lang='lat' dir='ltr'><strong>loquitur,</strong></span> <span class='ocrx_word' id='word_1_113' title='bbox 933 1313 1102 1383; x_wconf 74' lang='lat' dir='ltr'><strong>Superiores</strong></span> <span class='ocrx_word' id='word_1_114' title='bbox 1124 1314 1306 1373; x_wconf 87' lang='lat' dir='ltr'><strong>definitiones</strong></span> 
     </span>
     <span class='ocr_line' id='line_1_15' title="bbox 148 1384 1168 1459; baseline -0.002 -17"><span class='ocrx_word' id='word_1_115' title='bbox 148 1395 229 1443; x_wconf 87' lang='lat' dir='ltr'><strong>erant</strong></span> <span class='ocrx_word' id='word_1_116' title='bbox 247 1388 369 1459; x_wconf 75' lang='lat' dir='ltr'><strong>Sphaeri</strong></span> <span class='ocrx_word' id='word_1_117' title='bbox 388 1417 421 1428; x_wconf 94' lang='lat'>-</span> <span class='ocrx_word' id='word_1_118' title='bbox 439 1397 502 1444; x_wconf 89' lang='lat' dir='ltr'><strong>sunt</strong></span> <span class='ocrx_word' id='word_1_119' title='bbox 519 1397 608 1444; x_wconf 90' lang='lat' dir='ltr'><strong>autem</strong></span> <span class='ocrx_word' id='word_1_120' title='bbox 627 1389 740 1444; x_wconf 89' lang='lat' dir='ltr'><strong>omnino</strong></span> <span class='ocrx_word' id='word_1_121' title='bbox 759 1403 857 1442; x_wconf 91' lang='lat' dir='ltr'><strong>omnes</strong></span> <span class='ocrx_word' id='word_1_122' title='bbox 880 1389 942 1455; x_wconf 75' lang='lat' dir='ltr'><strong>fere</strong></span> <span class='ocrx_word' id='word_1_123' title='bbox 958 1384 1090 1440; x_wconf 51' lang='lat' dir='ltr'><strong>similer,</strong></span> <span class='ocrx_word' id='word_1_124' title='bbox 1166 1413 1168 1416; x_wconf 43' lang='lat'><em>⁴</em></span> 
     </span>
     <span class='ocr_line' id='line_1_16' title="bbox 138 1456 1306 1526; baseline 0.004 -15"><span class='ocrx_word' id='word_1_125' title='bbox 138 1485 140 1490; x_wconf 95' lang='lat'>·</span> <span class='ocrx_word' id='word_1_126' title='bbox 218 1459 290 1514; x_wconf 87' lang='lat' dir='ltr'><strong>Ibid.</strong></span> <span class='ocrx_word' id='word_1_127' title='bbox 332 1462 462 1517; x_wconf 85' lang='lat' dir='ltr'><strong>Quamvis</strong></span> <span class='ocrx_word' id='word_1_128' title='bbox 480 1461 545 1515; x_wconf 84' lang='lat' dir='ltr'><strong>ticet</strong></span> <span class='ocrx_word' id='word_1_129' title='bbox 564 1461 731 1516; x_wconf 88' lang='lat' dir='ltr'><strong>insectemur</strong></span> <span class='ocrx_word' id='word_1_130' title='bbox 748 1459 828 1526; x_wconf 86' lang='lat' dir='ltr'><strong>istos,</strong></span> <span class='ocrx_word' id='word_1_131' title='bbox 847 1463 877 1511; x_wconf 88' lang='lat' dir='ltr'><strong>ut</strong></span> <span class='ocrx_word' id='word_1_132' title='bbox 897 1457 1057 1512; x_wconf 79' lang='lat' dir='ltr'><strong>Carneadea</strong></span> <span class='ocrx_word' id='word_1_133' title='bbox 1074 1456 1196 1525; x_wconf 80' lang='lat' dir='ltr'><strong>solehat3</strong></span> <span class='ocrx_word' id='word_1_134' title='bbox 1215 1465 1306 1517; x_wconf 88' lang='lat' dir='ltr'><strong>metuo</strong></span> 
     </span>
     <span class='ocr_line' id='line_1_17' title="bbox 147 1528 1307 1603; baseline 0.005 -21"><span class='ocrx_word' id='word_1_135' title='bbox 147 1543 183 1583; x_wconf 90' lang='lat' dir='ltr'><strong>ne</strong></span> <span class='ocrx_word' id='word_1_136' title='bbox 200 1530 258 1584; x_wconf 86' lang='lat' dir='ltr'><strong>soli</strong></span> <span class='ocrx_word' id='word_1_137' title='bbox 273 1530 431 1602; x_wconf 71' lang='lat' dir='ltr'><strong>philosophi</strong></span> <span class='ocrx_word' id='word_1_138' title='bbox 447 1531 525 1599; x_wconf 81' lang='lat' dir='ltr'><strong>sint]</strong></span> <span class='ocrx_word' id='word_1_139' title='bbox 560 1533 637 1596; x_wconf 85' lang='lat' dir='ltr'><strong>Bene</strong></span> <span class='ocrx_word' id='word_1_140' title='bbox 656 1531 782 1603; x_wconf 86' lang='lat' dir='ltr'><strong>quidem,</strong></span> <span class='ocrx_word' id='word_1_141' title='bbox 807 1529 884 1601; x_wconf 90' lang='lat' dir='ltr'><strong>quod</strong></span> <span class='ocrx_word' id='word_1_142' title='bbox 901 1529 1060 1583; x_wconf 87' lang='lat' dir='ltr'><strong>lectionem</strong></span> <span class='ocrx_word' id='word_1_143' title='bbox 1077 1528 1153 1582; x_wconf 74' lang='lat' dir='ltr'><strong>lianc</strong></span> <span class='ocrx_word' id='word_1_144' title='bbox 1172 1528 1307 1588; x_wconf 73' lang='lat' dir='ltr'><strong>Quamuis</strong></span> 
     </span>
     <span class='ocr_line' id='line_1_18' title="bbox 146 1599 1307 1675; baseline 0.002 -21"><span class='ocrx_word' id='word_1_145' title='bbox 146 1600 226 1668; x_wconf 82' lang='lat' dir='ltr'><strong>iicet,</strong></span> <span class='ocrx_word' id='word_1_146' title='bbox 258 1603 289 1655; x_wconf 92' lang='lat' dir='ltr'><strong>in</strong></span> <span class='ocrx_word' id='word_1_147' title='bbox 313 1610 426 1656; x_wconf 80' lang='lat' dir='ltr'><strong>textum</strong></span> <span class='ocrx_word' id='word_1_148' title='bbox 450 1603 598 1675; x_wconf 83' lang='lat' dir='ltr'><strong>recepisti.</strong></span> <span class='ocrx_word' id='word_1_149' title='bbox 635 1602 691 1657; x_wconf 86' lang='lat' dir='ltr'><strong>Sed</strong></span> <span class='ocrx_word' id='word_1_150' title='bbox 716 1602 783 1656; x_wconf 91' lang='lat' dir='ltr'><strong>dum</strong></span> <span class='ocrx_word' id='word_1_151' title='bbox 806 1609 960 1672; x_wconf 82' lang='lat' dir='ltr'><strong>utramque</strong></span> <span class='ocrx_word' id='word_1_152' title='bbox 985 1599 1161 1673; x_wconf 84' lang='lat' dir='ltr'><strong>particulam</strong></span> <span class='ocrx_word' id='word_1_153' title='bbox 1179 1601 1307 1658; x_wconf 85' lang='lat' dir='ltr'><strong>eiusdem</strong></span> 
     </span>
     <span class='ocr_line' id='line_1_19' title="bbox 146 1670 1305 1743; baseline 0.003 -18"><span class='ocrx_word' id='word_1_154' title='bbox 146 1674 296 1743; x_wconf 88' lang='lat' dir='ltr'><strong>potestatis</strong></span> <span class='ocrx_word' id='word_1_155' title='bbox 321 1691 379 1727; x_wconf 88' lang='lat' dir='ltr'><strong>esse</strong></span> <span class='ocrx_word' id='word_1_156' title='bbox 404 1673 506 1742; x_wconf 88' lang='lat' dir='ltr'><strong>credis,</strong></span> <span class='ocrx_word' id='word_1_157' title='bbox 543 1691 620 1728; x_wconf 87' lang='lat' dir='ltr'><strong>erras</strong></span> <span class='ocrx_word' id='word_1_158' title='bbox 645 1691 712 1741; x_wconf 80' lang='lat' dir='ltr'><strong>cpm</strong></span> <span class='ocrx_word' id='word_1_159' title='bbox 736 1673 800 1726; x_wconf 89' lang='lat' dir='ltr'><strong>aliis</strong></span> <span class='ocrx_word' id='word_1_160' title='bbox 830 1670 999 1742; x_wconf 88' lang='lat' dir='ltr'><strong>quibusdam</strong></span> <span class='ocrx_word' id='word_1_161' title='bbox 1023 1671 1097 1725; x_wconf 83' lang='lat' dir='ltr'><strong>viris</strong></span> <span class='ocrx_word' id='word_1_162' title='bbox 1121 1672 1305 1728; x_wconf 87' lang='lat' dir='ltr'><strong>doctissimis.</strong></span> 
     </span>
     <span class='ocr_line' id='line_1_20' title="bbox 147 1741 1307 1816; baseline 0 -16"><span class='ocrx_word' id='word_1_163' title='bbox 147 1742 281 1800; x_wconf 80' lang='lat' dir='ltr'><strong>Quamuis</strong></span> <span class='ocrx_word' id='word_1_164' title='bbox 302 1746 381 1799; x_wconf 88' lang='lat' dir='ltr'><strong>enim</strong></span> <span class='ocrx_word' id='word_1_165' title='bbox 406 1743 456 1798; x_wconf 90' lang='lat' dir='ltr'><strong>hio</strong></span> <span class='ocrx_word' id='word_1_166' title='bbox 481 1745 560 1800; x_wconf 86' lang='lat' dir='ltr'><strong>valet</strong></span> <span class='ocrx_word' id='word_1_167' title='bbox 581 1743 766 1816; x_wconf 75' lang='lat' dir='ltr'><strong>quantumuis,</strong></span> <span class='ocrx_word' id='word_1_168' title='bbox 793 1759 853 1797; x_wconf 91' lang='lat' dir='ltr'><strong>non</strong></span> <span class='ocrx_word' id='word_1_169' title='bbox 876 1742 1048 1813; x_wconf 73' lang='lat' dir='ltr'><strong>quamquam.</strong></span> <span class='ocrx_word' id='word_1_170' title='bbox 1084 1741 1186 1814; x_wconf 87' lang='lat' dir='ltr'><strong>Itaque</strong></span> <span class='ocrx_word' id='word_1_171' title='bbox 1208 1744 1307 1800; x_wconf 79' lang='lat' dir='ltr'><strong>nullus</strong></span> 
     </span>
     <span class='ocr_line' id='line_1_21' title="bbox 146 1811 1306 1898; baseline 0.003 -31"><span class='ocrx_word' id='word_1_172' title='bbox 146 1812 198 1868; x_wconf 88' lang='lat' dir='ltr'><strong>hic</strong></span> <span class='ocrx_word' id='word_1_173' title='bbox 216 1825 259 1869; x_wconf 90' lang='lat' dir='ltr'><strong>est</strong></span> <span class='ocrx_word' id='word_1_174' title='bbox 278 1833 364 1885; x_wconf 90' lang='lat' dir='ltr'><strong>quem</strong></span> <span class='ocrx_word' id='word_1_175' title='bbox 382 1817 526 1870; x_wconf 87' lang='lat' dir='ltr'><strong>somniant</strong></span> <span class='ocrx_word' id='word_1_176' title='bbox 544 1815 738 1887; x_wconf 77' lang='lat' dir='ltr'><strong>pleonasmus3</strong></span> <span class='ocrx_word' id='word_1_177' title='bbox 767 1822 863 1886; x_wconf 81' lang='lat' dir='ltr'><strong>neque</strong></span> <span class='ocrx_word' id='word_1_178' title='bbox 886 1813 918 1866; x_wconf 88' lang='lat' dir='ltr'><strong>in</strong></span> <span class='ocrx_word' id='word_1_179' title='bbox 941 1811 1047 1868; x_wconf 88' lang='lat' dir='ltr'><strong>ceteris</strong></span> <span class='ocrx_word' id='word_1_180' title='bbox 1074 1814 1214 1898; x_wconf 87' lang='lat' dir='ltr'><strong>exemplis</strong></span> <span class='ocrx_word' id='word_1_181' title='bbox 1233 1819 1306 1886; x_wconf 75' lang='lat' dir='ltr'><strong>quae</strong></span> 
     </span>
     <span class='ocr_line' id='line_1_22' title="bbox 147 1882 1307 1960; baseline 0 -19"><span class='ocrx_word' id='word_1_182' title='bbox 147 1901 202 1941; x_wconf 90' lang='lat' dir='ltr'><strong>con</strong></span> <span class='ocrx_word' id='word_1_183' title='bbox 224 1887 327 1940; x_wconf 87' lang='lat' dir='ltr'><strong>essiati.</strong></span> <span class='ocrx_word' id='word_1_184' title='bbox 365 1886 483 1956; x_wconf 87' lang='lat' dir='ltr'><strong>Apuleii</strong></span> <span class='ocrx_word' id='word_1_185' title='bbox 500 1889 598 1940; x_wconf 82' lang='lat' dir='ltr'><strong>lorum</strong></span> <span class='ocrx_word' id='word_1_186' title='bbox 616 1888 657 1940; x_wconf 90' lang='lat' dir='ltr'><strong>sic</strong></span> <span class='ocrx_word' id='word_1_187' title='bbox 680 1887 841 1960; x_wconf 74' lang='lat' dir='ltr'><strong>distingue:</strong></span> <span class='ocrx_word' id='word_1_188' title='bbox 871 1885 957 1940; x_wconf 63' lang='lat' dir='ltr'><strong>Qum</strong></span> <span class='ocrx_word' id='word_1_189' title='bbox 993 1900 1048 1950; x_wconf 90' lang='lat' dir='ltr'><strong>am,</strong></span> <span class='ocrx_word' id='word_1_190' title='bbox 1068 1882 1122 1939; x_wconf 89' lang='lat' dir='ltr'><strong>etsi</strong></span> <span class='ocrx_word' id='word_1_191' title='bbox 1139 1885 1307 1942; x_wconf 74' lang='lat' dir='ltr'><strong>destrictius</strong></span> 
     </span>
     <span class='ocr_line' id='line_1_23' title="bbox 101 1955 1326 2027; baseline 0.003 -18"><span class='ocrx_word' id='word_1_192' title='bbox 101 2015 105 2020; x_wconf 57' lang='grc'><strong>,</strong></span> <span class='ocrx_word' id='word_1_193' title='bbox 146 1972 190 2010; x_wconf 89' lang='lat' dir='ltr'><strong>me</strong></span> <span class='ocrx_word' id='word_1_194' title='bbox 244 1973 331 2024; x_wconf 81' lang='lat' dir='ltr'><strong>agunt</strong></span> <span class='ocrx_word' id='word_1_195' title='bbox 349 1955 480 2024; x_wconf 79' lang='lat' dir='ltr'><strong>dixisset,</strong></span> <span class='ocrx_word' id='word_1_196' title='bbox 502 1963 600 2027; x_wconf 90' lang='lat' dir='ltr'><strong>posset</strong></span> <span class='ocrx_word' id='word_1_197' title='bbox 617 1957 712 2013; x_wconf 85' lang='lat' dir='ltr'><strong>uideri</strong></span> <span class='ocrx_word' id='word_1_198' title='bbox 729 1955 925 2010; x_wconf 77' lang='lat' dir='ltr'><strong>excusabunda.</strong></span> <span class='ocrx_word' id='word_1_199' title='bbox 989 1955 1020 2007; x_wconf 90' lang='lat' dir='ltr'><strong>bi</strong></span> <span class='ocrx_word' id='word_1_200' title='bbox 1040 1955 1109 2008; x_wconf 89' lang='lat' dir='ltr'><strong>ordo</strong></span> <span class='ocrx_word' id='word_1_201' title='bbox 1131 1966 1182 2022; x_wconf 90' lang='lat' dir='ltr'><strong>est,</strong></span> <span class='ocrx_word' id='word_1_202' title='bbox 1208 1958 1326 2014; x_wconf 66' lang='lat' dir='ltr'><strong>Quam·⁴</strong></span> 
     </span>
     <span class='ocr_line' id='line_1_24' title="bbox 146 2024 1307 2101; baseline 0.003 -23"><span class='ocrx_word' id='word_1_203' title='bbox 146 2041 226 2098; x_wconf 61' lang='lat' dir='ltr'><strong>mam</strong></span> <span class='ocrx_word' id='word_1_204' title='bbox 241 2034 338 2096; x_wconf 84' lang='lat' dir='ltr'><strong>posset</strong></span> <span class='ocrx_word' id='word_1_205' title='bbox 361 2028 454 2082; x_wconf 87' lang='lat' dir='ltr'><strong>videri</strong></span> <span class='ocrx_word' id='word_1_206' title='bbox 481 2028 683 2094; x_wconf 73' lang='lat' dir='ltr'><strong>excusabunda,</strong></span> <span class='ocrx_word' id='word_1_207' title='bbox 709 2026 764 2082; x_wconf 89' lang='lat' dir='ltr'><strong>etsi</strong></span> <span class='ocrx_word' id='word_1_208' title='bbox 774 2036 844 2087; x_wconf 78' lang='lat' dir='ltr'><strong>‚etc</strong></span> <span class='ocrx_word' id='word_1_209' title='bbox 880 2027 983 2096; x_wconf 86' lang='lat' dir='ltr'><strong>Neque</strong></span> <span class='ocrx_word' id='word_1_210' title='bbox 1006 2024 1057 2078; x_wconf 89' lang='lat' dir='ltr'><strong>hic</strong></span> <span class='ocrx_word' id='word_1_211' title='bbox 1076 2042 1145 2101; x_wconf 78' lang='lat' dir='ltr'><strong>ergo</strong></span> <span class='ocrx_word' id='word_1_212' title='bbox 1159 2032 1207 2080; x_wconf 82' lang='lat' dir='ltr'><strong>‘est</strong></span> <span class='ocrx_word' id='word_1_213' title='bbox 1224 2029 1307 2083; x_wconf 87' lang='lat' dir='ltr'><strong>Pleo·</strong></span> 
     </span>
     <span class='ocr_line' id='line_1_25' title="bbox 145 2096 1306 2169; baseline 0.003 -19"><span class='ocrx_word' id='word_1_214' title='bbox 145 2114 269 2151; x_wconf 84' lang='lat' dir='ltr'><strong>naemus.</strong></span> <span class='ocrx_word' id='word_1_215' title='bbox 308 2099 344 2151; x_wconf 89' lang='lat' dir='ltr'><strong>ln</strong></span> <span class='ocrx_word' id='word_1_216' title='bbox 359 2098 425 2151; x_wconf 83' lang='lat' dir='ltr'><strong>&#39;loco</strong></span> <span class='ocrx_word' id='word_1_217' title='bbox 443 2098 591 2166; x_wconf 87' lang='lat' dir='ltr'><strong>Varronis,</strong></span> <span class='ocrx_word' id='word_1_218' title='bbox 618 2099 719 2169; x_wconf 80' lang='lat' dir='ltr'><strong>¹Itaque</strong></span> <span class='ocrx_word' id='word_1_219' title='bbox 736 2097 809 2165; x_wconf 84' lang='lat' dir='ltr'><strong>ideo,</strong></span> <span class='ocrx_word' id='word_1_220' title='bbox 840 2105 883 2151; x_wconf 89' lang='lat' dir='ltr'><strong>est</strong></span> <span class='ocrx_word' id='word_1_221' title='bbox 904 2096 1001 2167; x_wconf 86' lang='lat' dir='ltr'><strong>itaque</strong></span> <span class='ocrx_word' id='word_1_222' title='bbox 1025 2096 1059 2149; x_wconf 85' lang='lat' dir='ltr'><strong>oh</strong></span> <span class='ocrx_word' id='word_1_223' title='bbox 1077 2111 1139 2152; x_wconf 89' lang='lat' dir='ltr'><strong>eam</strong></span> <span class='ocrx_word' id='word_1_224' title='bbox 1161 2113 1306 2166; x_wconf 66' lang='lat' dir='ltr'><strong>caussam</strong></span> 
     </span>
     <span class='ocr_line' id='line_1_26' title="bbox 147 2165 1305 2241; baseline 0.004 -20"><span class='ocrx_word' id='word_1_225' title='bbox 147 2169 230 2222; x_wconf 79' lang='lat' dir='ltr'><strong>nullo</strong></span> <span class='ocrx_word' id='word_1_226' title='bbox 248 2186 367 2240; x_wconf 83' lang='lat' dir='ltr'><strong>prorsus</strong></span> <span class='ocrx_word' id='word_1_227' title='bbox 384 2170 557 2224; x_wconf 89' lang='lat' dir='ltr'><strong>Pleonasmo.</strong></span> <span class='ocrx_word' id='word_1_228' title='bbox 596 2169 720 2224; x_wconf 82' lang='lat' dir='ltr'><strong>Phaedri</strong></span> <span class='ocrx_word' id='word_1_229' title='bbox 738 2177 835 2223; x_wconf 87' lang='lat' dir='ltr'><strong>autem</strong></span> <span class='ocrx_word' id='word_1_230' title='bbox 857 2165 939 2223; x_wconf 76' lang='lat' dir='ltr'><strong>locus</strong></span> <span class='ocrx_word' id='word_1_231' title='bbox 958 2167 1108 2221; x_wconf 87' lang='lat' dir='ltr'><strong>mendosus</strong></span> <span class='ocrx_word' id='word_1_232' title='bbox 1132 2177 1183 2236; x_wconf 87' lang='lat' dir='ltr'><strong>est,</strong></span> <span class='ocrx_word' id='word_1_233' title='bbox 1210 2185 1305 2241; x_wconf 87' lang='lat' dir='ltr'><strong>neque</strong></span> 
     </span>
     <span class='ocr_line' id='line_1_27' title="bbox 146 2237 1307 2318; baseline 0 -24"><span class='ocrx_word' id='word_1_234' title='bbox 146 2255 234 2294; x_wconf 85' lang='lat' dir='ltr'><strong>exeo</strong></span> <span class='ocrx_word' id='word_1_235' title='bbox 255 2240 412 2311; x_wconf 85' lang='lat' dir='ltr'><strong>quidquam</strong></span> <span class='ocrx_word' id='word_1_236' title='bbox 430 2242 627 2318; x_wconf 75' lang='lat' dir='ltr'><strong>argumentari</strong></span> <span class='ocrx_word' id='word_1_237' title='bbox 645 2240 763 2312; x_wconf 76' lang='lat' dir='ltr'><strong>poteris·</strong></span> <span class='ocrx_word' id='word_1_238' title='bbox 799 2237 936 2293; x_wconf 80' lang='lat' dir='ltr'><strong>Ceterum</strong></span> <span class='ocrx_word' id='word_1_239' title='bbox 953 2238 1032 2292; x_wconf 89' lang='lat' dir='ltr'><strong>hunc</strong></span> <span class='ocrx_word' id='word_1_240' title='bbox 1048 2237 1208 2293; x_wconf 82' lang='lat' dir='ltr'><strong>leviculum</strong></span> <span class='ocrx_word' id='word_1_241' title='bbox 1227 2240 1307 2295; x_wconf 88' lang='lat' dir='ltr'><strong>erro-</strong></span> 
     </span>
     <span class='ocr_line' id='line_1_28' title="bbox 145 2309 1306 2383; baseline 0.003 -20"><span class='ocrx_word' id='word_1_242' title='bbox 145 2327 211 2363; x_wconf 88' lang='lat' dir='ltr'><strong>rem</strong></span> <span class='ocrx_word' id='word_1_243' title='bbox 229 2311 339 2365; x_wconf 89' lang='lat' dir='ltr'><strong>abunde</strong></span> <span class='ocrx_word' id='word_1_244' title='bbox 358 2329 426 2364; x_wconf 84' lang='lat' dir='ltr'><strong>mox</strong></span> <span class='ocrx_word' id='word_1_245' title='bbox 444 2330 608 2383; x_wconf 91' lang='lat' dir='ltr'><strong>compensas</strong></span> <span class='ocrx_word' id='word_1_246' title='bbox 631 2312 696 2365; x_wconf 89' lang='lat' dir='ltr'><strong>loco</strong></span> <span class='ocrx_word' id='word_1_247' title='bbox 718 2311 772 2364; x_wconf 93' lang='lat' dir='ltr'><strong>illo</strong></span> <span class='ocrx_word' id='word_1_248' title='bbox 799 2309 929 2364; x_wconf 85' lang='lat' dir='ltr'><strong>feliciter</strong></span> <span class='ocrx_word' id='word_1_249' title='bbox 947 2309 1092 2376; x_wconf 88' lang='lat' dir='ltr'><strong>restituto,</strong></span> <span class='ocrx_word' id='word_1_250' title='bbox 1120 2310 1189 2364; x_wconf 72' lang='lat' dir='ltr'><strong>cum</strong></span> <span class='ocrx_word' id='word_1_251' title='bbox 1212 2309 1306 2366; x_wconf 80' lang='lat' dir='ltr'><strong>omniu</strong></span> 
     </span>
     <span class='ocr_line' id='line_1_29' title="bbox 144 2379 1306 2453; baseline 0.003 -19"><span class='ocrx_word' id='word_1_252' title='bbox 144 2379 204 2434; x_wconf 89' lang='lat' dir='ltr'><strong>sint</strong></span> <span class='ocrx_word' id='word_1_253' title='bbox 221 2381 253 2436; x_wconf 88' lang='lat' dir='ltr'><strong>in</strong></span> <span class='ocrx_word' id='word_1_254' title='bbox 270 2382 430 2437; x_wconf 86' lang='lat' dir='ltr'><strong>morihus</strong></span> <span class='ocrx_word' id='word_1_255' title='bbox 446 2382 529 2449; x_wconf 84' lang='lat' dir='ltr'><strong>uitia,</strong></span> <span class='ocrx_word' id='word_1_256' title='bbox 548 2382 703 2436; x_wconf 84' lang='lat' dir='ltr'><strong>iracundos</strong></span> <span class='ocrx_word' id='word_1_257' title='bbox 714 2381 789 2436; x_wconf 86' lang='lat' dir='ltr'><strong>solas</strong></span> <span class='ocrx_word' id='word_1_258' title='bbox 805 2380 1212 2450; x_wconf 25' lang='lat' dir='ltr'><strong>morososnnominaoerunn</strong></span> <span class='ocrx_word' id='word_1_259' title='bbox 1232 2399 1306 2453; x_wconf 84' lang='lat' dir='ltr'><strong>quae</strong></span> 
     </span>
     <span class='ocr_line' id='line_1_30' title="bbox 148 2452 1021 2529; baseline -0.001 -23"><span class='ocrx_word' id='word_1_260' title='bbox 148 2452 267 2529; x_wconf 80' lang='lat' dir='ltr'><strong>egregia</strong></span> <span class='ocrx_word' id='word_1_261' title='bbox 285 2461 327 2506; x_wconf 90' lang='lat' dir='ltr'><strong>est</strong></span> <span class='ocrx_word' id='word_1_262' title='bbox 346 2453 507 2507; x_wconf 87' lang='lat' dir='ltr'><strong>emendatio</strong></span> <span class='ocrx_word' id='word_1_263' title='bbox 527 2462 556 2508; x_wconf 91' lang='lat' dir='ltr'><strong>et</strong></span> <span class='ocrx_word' id='word_1_264' title='bbox 571 2454 675 2525; x_wconf 87' lang='lat' dir='ltr'><strong>plausu</strong></span> <span class='ocrx_word' id='word_1_265' title='bbox 696 2452 826 2507; x_wconf 88' lang='lat' dir='ltr'><strong>omnium</strong></span> <span class='ocrx_word' id='word_1_266' title='bbox 845 2452 1021 2523; x_wconf 86' lang='lat' dir='ltr'><strong>excipienda.</strong></span> 
     </span>
    </p>
   </div>
   <div class='ocr_carea' id='block_1_4' title="bbox 144 2537 1307 2896">
    <p class='ocr_par' dir='ltr' id='par_1_4' title="bbox 144 2537 1307 2896">
     <span class='ocr_line' id='line_1_31' title="bbox 218 2537 1305 2612; baseline 0.004 -18"><span class='ocrx_word' id='word_1_267' title='bbox 218 2541 285 2612; x_wconf 84' lang='lat' dir='ltr'><strong>Gap.</strong></span> <span class='ocrx_word' id='word_1_268' title='bbox 305 2543 349 2598; x_wconf 77' lang='lat'><strong>26.</strong></span> <span class='ocrx_word' id='word_1_269' title='bbox 385 2543 420 2595; x_wconf 86' lang='lat' dir='ltr'><strong>Iu</strong></span> <span class='ocrx_word' id='word_1_270' title='bbox 443 2543 518 2597; x_wconf 91' lang='lat' dir='ltr'><strong>hanc</strong></span> <span class='ocrx_word' id='word_1_271' title='bbox 542 2546 573 2596; x_wconf 89' lang='lat' dir='ltr'><strong>tu</strong></span> <span class='ocrx_word' id='word_1_272' title='bbox 598 2541 704 2611; x_wconf 82' lang='lat' dir='ltr'><strong>igitur,</strong></span> <span class='ocrx_word' id='word_1_273' title='bbox 735 2548 877 2612; x_wconf 81' lang='lat' dir='ltr'><strong>tamquam</strong></span> <span class='ocrx_word' id='word_1_274' title='bbox 899 2543 930 2595; x_wconf 85' lang='lat' dir='ltr'><strong>ia</strong></span> <span class='ocrx_word' id='word_1_275' title='bbox 954 2556 1034 2594; x_wconf 90' lang='lat' dir='ltr'><strong>mare</strong></span> <span class='ocrx_word' id='word_1_276' title='bbox 1095 2537 1132 2596; x_wconf 88' lang='lat' dir='ltr'><strong>od</strong></span> <span class='ocrx_word' id='word_1_277' title='bbox 1157 2547 1198 2597; x_wconf 84' lang='lat' dir='ltr'><strong>ert</strong></span> <span class='ocrx_word' id='word_1_278' title='bbox 1214 2540 1305 2598; x_wconf 83' lang='lat' dir='ltr'><strong>uentis</strong></span> 
     </span>
     <span class='ocr_line' id='line_1_32' title="bbox 146 2607 1307 2681; baseline 0.002 -15"><span class='ocrx_word' id='word_1_279' title='bbox 146 2609 309 2676; x_wconf 80' lang='lat' dir='ltr'><strong>subiectum,</strong></span> <span class='ocrx_word' id='word_1_280' title='bbox 326 2614 561 2681; x_wconf 79' lang='lat' dir='ltr'><strong>perturbationem</strong></span> <span class='ocrx_word' id='word_1_281' title='bbox 579 2614 679 2667; x_wconf 72' lang='lat' dir='ltr'><strong>cadem</strong></span> <span class='ocrx_word' id='word_1_282' title='bbox 698 2612 752 2668; x_wconf 84' lang='lat' dir='ltr'><strong>tihi</strong></span> <span class='ocrx_word' id='word_1_283' title='bbox 769 2611 874 2667; x_wconf 75' lang='lat' dir='ltr'><strong>dixisti</strong></span> <span class='ocrx_word' id='word_1_284' title='bbox 891 2611 1023 2678; x_wconf 74' lang='lat' dir='ltr'><strong>uiderit]</strong></span> <span class='ocrx_word' id='word_1_285' title='bbox 1085 2632 1105 2666; x_wconf 93' lang='lat' dir='ltr'><strong>u</strong></span> <span class='ocrx_word' id='word_1_286' title='bbox 1123 2607 1191 2667; x_wconf 74' lang='lat' dir='ltr'><strong>c&#39;sun</strong></span> <span class='ocrx_word' id='word_1_287' title='bbox 1211 2614 1307 2668; x_wconf 85' lang='lat' dir='ltr'><strong>Victo·</strong></span> 
     </span>
     <span class='ocr_line' id='line_1_33' title="bbox 145 2682 1304 2753; baseline 0.004 -18"><span class='ocrx_word' id='word_1_288' title='bbox 145 2682 191 2736; x_wconf 92' lang='lat' dir='ltr'><strong>rio</strong></span> <span class='ocrx_word' id='word_1_289' title='bbox 211 2692 240 2736; x_wconf 89' lang='lat' dir='ltr'><strong>et</strong></span> <span class='ocrx_word' id='word_1_290' title='bbox 258 2683 409 2738; x_wconf 87' lang='lat' dir='ltr'><strong>Gebhardo</strong></span> <span class='ocrx_word' id='word_1_291' title='bbox 422 2684 505 2738; x_wconf 88' lang='lat' dir='ltr'><strong>Hanc</strong></span> <span class='ocrx_word' id='word_1_292' title='bbox 522 2685 554 2737; x_wconf 90' lang='lat' dir='ltr'><strong>in</strong></span> <span class='ocrx_word' id='word_1_293' title='bbox 572 2691 685 2737; x_wconf 85' lang='lat' dir='ltr'><strong>textum</strong></span> <span class='ocrx_word' id='word_1_294' title='bbox 702 2685 839 2746; x_wconf 87' lang='lat' dir='ltr'><strong>admittis,</strong></span> <span class='ocrx_word' id='word_1_295' title='bbox 858 2691 892 2736; x_wconf 87' lang='lat' dir='ltr'><strong>ut</strong></span> <span class='ocrx_word' id='word_1_296' title='bbox 909 2685 1055 2737; x_wconf 87' lang='lat' dir='ltr'><strong>referatur</strong></span> <span class='ocrx_word' id='word_1_297' title='bbox 1072 2683 1106 2736; x_wconf 85' lang='lat' dir='ltr'><strong>ad</strong></span> <span class='ocrx_word' id='word_1_298' title='bbox 1119 2683 1304 2753; x_wconf 83' lang='lat' dir='ltr'><strong>Sapientiam,</strong></span> 
     </span>
     <span class='ocr_line' id='line_1_34' title="bbox 145 2751 1307 2830; baseline 0.003 -24"><span class='ocrx_word' id='word_1_299' title='bbox 145 2771 218 2823; x_wconf 87' lang='lat' dir='ltr'><strong>quae</strong></span> <span class='ocrx_word' id='word_1_300' title='bbox 235 2756 367 2824; x_wconf 79' lang='lat' dir='ltr'><strong>proxime</strong></span> <span class='ocrx_word' id='word_1_301' title='bbox 384 2763 584 2825; x_wconf 86' lang='lat' dir='ltr'><strong>praecesserat.</strong></span> <span class='ocrx_word' id='word_1_302' title='bbox 623 2751 678 2808; x_wconf 87' lang='lat' dir='ltr'><strong>Sed</strong></span> <span class='ocrx_word' id='word_1_303' title='bbox 697 2756 813 2808; x_wconf 91' lang='lat' dir='ltr'><strong>omnino</strong></span> <span class='ocrx_word' id='word_1_304' title='bbox 831 2753 988 2830; x_wconf 81' lang='lat' dir='ltr'><strong>legendum</strong></span> <span class='ocrx_word' id='word_1_305' title='bbox 1013 2751 1114 2821; x_wconf 87' lang='lat' dir='ltr'><strong>hunc,</strong></span> <span class='ocrx_word' id='word_1_306' title='bbox 1139 2763 1174 2808; x_wconf 91' lang='lat' dir='ltr'><strong>ut</strong></span> <span class='ocrx_word' id='word_1_307' title='bbox 1190 2757 1307 2810; x_wconf 82' lang='lat' dir='ltr'><strong>Lambi-</strong></span> 
     </span>
     <span class='ocr_line' id='line_1_35' title="bbox 144 2823 1305 2896; baseline 0.003 -19"><span class='ocrx_word' id='word_1_308' title='bbox 144 2842 199 2877; x_wconf 92' lang='lat' dir='ltr'><strong>nus</strong></span> <span class='ocrx_word' id='word_1_309' title='bbox 218 2833 248 2878; x_wconf 90' lang='lat' dir='ltr'><strong>et</strong></span> <span class='ocrx_word' id='word_1_310' title='bbox 266 2823 355 2878; x_wconf 78' lang='lat' dir='ltr'><strong>Aldus</strong></span> <span class='ocrx_word' id='word_1_311' title='bbox 374 2825 530 2892; x_wconf 82' lang='lat' dir='ltr'><strong>dederunt3</strong></span> <span class='ocrx_word' id='word_1_312' title='bbox 549 2825 711 2894; x_wconf 87' lang='lat' dir='ltr'><strong>Sapientem</strong></span> <span class='ocrx_word' id='word_1_313' title='bbox 729 2825 851 2891; x_wconf 86' lang='lat' dir='ltr'><strong>scilicet,</strong></span> <span class='ocrx_word' id='word_1_314' title='bbox 872 2824 906 2878; x_wconf 91' lang='lat' dir='ltr'><strong>de</strong></span> <span class='ocrx_word' id='word_1_315' title='bbox 921 2841 978 2894; x_wconf 88' lang='lat' dir='ltr'><strong>quo</strong></span> <span class='ocrx_word' id='word_1_316' title='bbox 989 2825 1087 2896; x_wconf 91' lang='lat' dir='ltr'><strong>paullo</strong></span> <span class='ocrx_word' id='word_1_317' title='bbox 1106 2834 1172 2879; x_wconf 91' lang='lat' dir='ltr'><strong>ante</strong></span> <span class='ocrx_word' id='word_1_318' title='bbox 1191 2827 1305 2881; x_wconf 90' lang='lat' dir='ltr'><strong>locutus</strong></span> 
     </span>
    </p>
   </div>
   <div class='ocr_carea' id='block_1_5' title="bbox 144 2893 1404 2972">
    <p class='ocr_par' dir='ltr' id='par_1_5' title="bbox 144 2893 1404 2972">
     <span class='ocr_line' id='line_1_36' title="bbox 144 2893 1404 2972; baseline 0.004 -22"><span class='ocrx_word' id='word_1_319' title='bbox 144 2903 198 2950; x_wconf 85' lang='lat' dir='ltr'><strong>est.</strong></span> <span class='ocrx_word' id='word_1_320' title='bbox 236 2895 298 2949; x_wconf 87' lang='lat' dir='ltr'><strong>Hoc</strong></span> <span class='ocrx_word' id='word_1_321' title='bbox 317 2913 382 2949; x_wconf 88' lang='lat' dir='ltr'><strong>sane</strong></span> <span class='ocrx_word' id='word_1_322' title='bbox 402 2897 564 2972; x_wconf 82' lang='lat' dir='ltr'><strong>efflagitant</strong></span> <span class='ocrx_word' id='word_1_323' title='bbox 581 2898 739 2966; x_wconf 88' lang='lat' dir='ltr'><strong>sequentia,</strong></span> <span class='ocrx_word' id='word_1_324' title='bbox 761 2895 817 2949; x_wconf 72' lang='lat' dir='ltr'><strong>cur·</strong></span> <span class='ocrx_word' id='word_1_325' title='bbox 824 2893 898 2950; x_wconf 86' lang='lat' dir='ltr'><strong>nihii</strong></span> <span class='ocrx_word' id='word_1_326' title='bbox 908 2897 1087 2964; x_wconf 85' lang='lat' dir='ltr'><strong>repentinum,</strong></span> <span class='ocrx_word' id='word_1_327' title='bbox 1107 2897 1181 2966; x_wconf 76' lang='lat' dir='ltr'><strong>pseud</strong></span> <span class='ocrx_word' id='word_1_328' title='bbox 1198 2895 1307 2954; x_wconf 85' lang='lat' dir='ltr'><strong>homini</strong></span> <span class='ocrx_word' id='word_1_329' title='bbox 1402 2917 1404 2927; x_wconf 77' lang='grc'>’</span> 
     </span>
    </p>
   </div>
   <div class='ocr_carea' id='block_1_6' title="bbox 144 2965 1306 3184">
    <p class='ocr_par' dir='ltr' id='par_1_6' title="bbox 144 2965 1306 3184">
     <span class='ocr_line' id='line_1_37' title="bbox 144 2965 1306 3039; baseline 0.002 -18"><span class='ocrx_word' id='word_1_330' title='bbox 144 2965 256 3021; x_wconf 86' lang='lat' dir='ltr'><strong>evenire</strong></span> <span class='ocrx_word' id='word_1_331' title='bbox 271 2973 370 3035; x_wconf 84' lang='lat' dir='ltr'><strong>potest.</strong></span> <span class='ocrx_word' id='word_1_332' title='bbox 408 2967 518 3039; x_wconf 84' lang='lat' dir='ltr'><strong>Quippe</strong></span> <span class='ocrx_word' id='word_1_333' title='bbox 537 2967 653 3020; x_wconf 86' lang='lat' dir='ltr'><strong>omnino</strong></span> <span class='ocrx_word' id='word_1_334' title='bbox 672 2968 707 3020; x_wconf 86' lang='lat' dir='ltr'><strong>ad</strong></span> <span class='ocrx_word' id='word_1_335' title='bbox 724 2966 883 3036; x_wconf 85' lang='lat' dir='ltr'><strong>Sapientem</strong></span> <span class='ocrx_word' id='word_1_336' title='bbox 900 2974 1040 3037; x_wconf 85' lang='lat' dir='ltr'><strong>spectant,</strong></span> <span class='ocrx_word' id='word_1_337' title='bbox 1059 2983 1116 3019; x_wconf 89' lang='lat' dir='ltr'><strong>non</strong></span> <span class='ocrx_word' id='word_1_338' title='bbox 1134 2966 1169 3020; x_wconf 88' lang='lat' dir='ltr'><strong>ad</strong></span> <span class='ocrx_word' id='word_1_339' title='bbox 1185 2968 1306 3038; x_wconf 87' lang='lat' dir='ltr'><strong>Sapien-</strong></span> 
     </span>
     <span class='ocr_line' id='line_1_38' title="bbox 144 3036 1305 3122; baseline -0.003 -31"><span class='ocrx_word' id='word_1_340' title='bbox 144 3040 227 3120; x_wconf 70' lang='lat' dir='ltr'><strong>tiam.</strong></span> <span class='ocrx_word' id='word_1_341' title='bbox 263 3036 342 3092; x_wconf 89' lang='lat' dir='ltr'><strong>Adde</strong></span> <span class='ocrx_word' id='word_1_342' title='bbox 358 3038 465 3121; x_wconf 79' lang='lat' dir='ltr'><strong>locum,</strong></span> <span class='ocrx_word' id='word_1_343' title='bbox 485 3038 520 3119; x_wconf 79' lang='lat' dir='ltr'><strong>ad</strong></span> <span class='ocrx_word' id='word_1_344' title='bbox 544 3056 630 3122; x_wconf 82' lang='lat' dir='ltr'><strong>quem</strong></span> <span class='ocrx_word' id='word_1_345' title='bbox 649 3037 754 3121; x_wconf 75' lang='lat' dir='ltr'><strong>alludit</strong></span> <span class='ocrx_word' id='word_1_346' title='bbox 772 3038 822 3090; x_wconf 90' lang='lat' dir='ltr'><strong>hio</strong></span> <span class='ocrx_word' id='word_1_347' title='bbox 840 3037 950 3104; x_wconf 86' lang='lat' dir='ltr'><strong>Cicero,</strong></span> <span class='ocrx_word' id='word_1_348' title='bbox 974 3037 1092 3122; x_wconf 60' lang='lat' dir='ltr'><strong>[Pusoul.</strong></span> <span class='ocrx_word' id='word_1_349' title='bbox 1112 3038 1162 3102; x_wconf 87' lang='lat' dir='ltr'><strong>lv,</strong></span> <span class='ocrx_word' id='word_1_350' title='bbox 1180 3041 1206 3096; x_wconf 84' lang='grc'><strong>4.</strong></span> <span class='ocrx_word' id='word_1_351' title='bbox 1224 3107 1226 3111; x_wconf 28' lang='grc' dir='ltr'>Ι</span> <span class='ocrx_word' id='word_1_352' title='bbox 1242 3037 1305 3095; x_wconf 83' lang='lat' dir='ltr'><strong>Non</strong></span> 
     </span>
     <span class='ocr_line' id='line_1_39' title="bbox 145 3105 1178 3184; baseline 0 -22"><span class='ocrx_word' id='word_1_353' title='bbox 145 3105 218 3163; x_wconf 77' lang='lat' dir='ltr'><strong>mihi</strong></span> <span class='ocrx_word' id='word_1_354' title='bbox 236 3108 350 3162; x_wconf 87' lang='lat' dir='ltr'><strong>uidetur</strong></span> <span class='ocrx_word' id='word_1_355' title='bbox 368 3125 443 3163; x_wconf 87' lang='lat' dir='ltr'><strong>omna</strong></span> <span class='ocrx_word' id='word_1_356' title='bbox 463 3124 552 3162; x_wconf 78' lang='lat' dir='ltr'><strong>anime</strong></span> <span class='ocrx_word' id='word_1_357' title='bbox 568 3109 781 3184; x_wconf 61' lang='lat' dir='ltr'><strong>pergurhateone</strong></span> <span class='ocrx_word' id='word_1_358' title='bbox 797 3124 878 3176; x_wconf 90' lang='lat' dir='ltr'><strong>posse</strong></span> <span class='ocrx_word' id='word_1_359' title='bbox 901 3124 1049 3176; x_wconf 79' lang='lat' dir='ltr'><strong>sapiens</strong></span> <span class='ocrx_word' id='word_1_360' title='bbox 1067 3123 1178 3165; x_wconf 85' lang='lat' dir='ltr'><strong>vacare.</strong></span> 
     </span>
    </p>
   </div>
   <div class='ocr_carea' id='block_1_7' title="bbox 103 3195 1325 4120">
    <p class='ocr_par' dir='ltr' id='par_1_7' title="bbox 103 3195 1325 4120">
     <span class='ocr_line' id='line_1_40' title="bbox 215 3195 1325 3267; baseline 0.004 -17"><span class='ocrx_word' id='word_1_361' title='bbox 215 3198 288 3250; x_wconf 90' lang='lat' dir='ltr'><strong>Ibid.</strong></span> <span class='ocrx_word' id='word_1_362' title='bbox 326 3199 402 3254; x_wconf 83' lang='lat' dir='ltr'><strong>Quid</strong></span> <span class='ocrx_word' id='word_1_363' title='bbox 422 3205 471 3266; x_wconf 89' lang='lat' dir='ltr'><strong>est,</strong></span> <span class='ocrx_word' id='word_1_364' title='bbox 493 3197 566 3266; x_wconf 81' lang='lat' dir='ltr'><strong>quod</strong></span> <span class='ocrx_word' id='word_1_365' title='bbox 581 3204 686 3253; x_wconf 89' lang='lat' dir='ltr'><strong>tantam</strong></span> <span class='ocrx_word' id='word_1_366' title='bbox 701 3199 872 3266; x_wconf 78' lang='lat' dir='ltr'><strong>grauitatem</strong></span> <span class='ocrx_word' id='word_1_367' title='bbox 890 3197 1125 3267; x_wconf 84' lang='lat' dir='ltr'><strong>constantiamque</strong></span> <span class='ocrx_word' id='word_1_368' title='bbox 1139 3195 1325 3267; x_wconf 60' lang='lat' dir='ltr'><strong>perturbett‘</strong></span> 
     </span>
     <span class='ocr_line' id='line_1_41' title="bbox 144 3268 1305 3339; baseline 0.003 -17"><span class='ocrx_word' id='word_1_369' title='bbox 144 3283 183 3322; x_wconf 85' lang='lat' dir='ltr'><strong>an</strong></span> <span class='ocrx_word' id='word_1_370' title='bbox 200 3269 384 3337; x_wconf 85' lang='lat' dir='ltr'><strong>improvisum</strong></span> <span class='ocrx_word' id='word_1_371' title='bbox 402 3269 513 3338; x_wconf 89' lang='lat' dir='ltr'><strong>aliquid</strong></span> <span class='ocrx_word' id='word_1_372' title='bbox 536 3274 586 3323; x_wconf 88' lang='lat' dir='ltr'><strong>aut</strong></span> <span class='ocrx_word' id='word_1_373' title='bbox 602 3269 796 3339; x_wconf 72' lang='lat' dir='ltr'><strong>repentinum?</strong></span> <span class='ocrx_word' id='word_1_374' title='bbox 828 3268 898 3338; x_wconf 83' lang='lat' dir='ltr'><strong>quid</strong></span> <span class='ocrx_word' id='word_1_375' title='bbox 919 3274 1013 3336; x_wconf 87' lang='lat' dir='ltr'><strong>potest</strong></span> <span class='ocrx_word' id='word_1_376' title='bbox 1035 3269 1160 3324; x_wconf 78' lang='lat' dir='ltr'><strong>accidere</strong></span> <span class='ocrx_word' id='word_1_377' title='bbox 1182 3270 1251 3335; x_wconf 90' lang='lat' dir='ltr'><strong>tale,</strong></span> <span class='ocrx_word' id='word_1_378' title='bbox 1274 3277 1305 3325; x_wconf 85' lang='lat' dir='ltr'><strong>et</strong></span> 
     </span>
     <span class='ocr_line' id='line_1_42' title="bbox 144 3338 1304 3411; baseline 0.001 -18"><span class='ocrx_word' id='word_1_379' title='bbox 144 3338 193 3393; x_wconf 90' lang='lat' dir='ltr'><strong>cui</strong></span> <span class='ocrx_word' id='word_1_380' title='bbox 211 3341 291 3392; x_wconf 89' lang='lat' dir='ltr'><strong>nihil</strong></span> <span class='ocrx_word' id='word_1_381' title='bbox 308 3343 380 3411; x_wconf 78' lang='lat' dir='ltr'><strong>quod</strong></span> <span class='ocrx_word' id='word_1_382' title='bbox 396 3340 502 3397; x_wconf 80' lang='lat' dir='ltr'><strong>hansini</strong></span> <span class='ocrx_word' id='word_1_383' title='bbox 520 3340 628 3394; x_wconf 87' lang='lat' dir='ltr'><strong>euenire</strong></span> <span class='ocrx_word' id='word_1_384' title='bbox 651 3339 783 3409; x_wconf 77' lang='lat' dir='ltr'><strong>possiti]</strong></span> <span class='ocrx_word' id='word_1_385' title='bbox 820 3340 867 3393; x_wconf 81' lang='lat' dir='ltr'><strong>lte</strong></span> <span class='ocrx_word' id='word_1_386' title='bbox 887 3340 1001 3394; x_wconf 85' lang='lat' dir='ltr'><strong>codices</strong></span> <span class='ocrx_word' id='word_1_387' title='bbox 1025 3341 1161 3410; x_wconf 85' lang='lat' dir='ltr'><strong>plerique</strong></span> <span class='ocrx_word' id='word_1_388' title='bbox 1186 3340 1304 3409; x_wconf 85' lang='lat' dir='ltr'><strong>habent,</strong></span> 
     </span>
     <span class='ocr_line' id='line_1_43' title="bbox 145 3410 1305 3487; baseline -0.002 -21"><span class='ocrx_word' id='word_1_389' title='bbox 145 3427 232 3466; x_wconf 76' lang='lat' dir='ltr'><strong>sensu</strong></span> <span class='ocrx_word' id='word_1_390' title='bbox 249 3420 298 3464; x_wconf 90' lang='lat' dir='ltr'><strong>aut</strong></span> <span class='ocrx_word' id='word_1_391' title='bbox 316 3413 466 3484; x_wconf 87' lang='lat' dir='ltr'><strong>impedito,</strong></span> <span class='ocrx_word' id='word_1_392' title='bbox 485 3419 534 3464; x_wconf 89' lang='lat' dir='ltr'><strong>aut</strong></span> <span class='ocrx_word' id='word_1_393' title='bbox 552 3412 648 3464; x_wconf 84' lang='lat' dir='ltr'><strong>nullo:</strong></span> <span class='ocrx_word' id='word_1_394' title='bbox 678 3420 713 3464; x_wconf 90' lang='lat' dir='ltr'><strong>ut</strong></span> <span class='ocrx_word' id='word_1_395' title='bbox 730 3419 763 3463; x_wconf 88' lang='lat' dir='ltr'><strong>tu</strong></span> <span class='ocrx_word' id='word_1_396' title='bbox 781 3419 860 3464; x_wconf 90' lang='lat' dir='ltr'><strong>recte</strong></span> <span class='ocrx_word' id='word_1_397' title='bbox 876 3410 992 3464; x_wconf 86' lang='lat' dir='ltr'><strong>¹vidisti:</strong></span> <span class='ocrx_word' id='word_1_398' title='bbox 1020 3413 1184 3487; x_wconf 69' lang='lat' dir='ltr'><strong>recentiora</strong></span> <span class='ocrx_word' id='word_1_399' title='bbox 1209 3429 1305 3465; x_wconf 83' lang='lat' dir='ltr'><strong>exem-</strong></span> 
     </span>
     <span class='ocr_line' id='line_1_44' title="bbox 103 3480 1303 3553; baseline 0.003 -21"><span class='ocrx_word' id='word_1_400' title='bbox 103 3528 112 3532; x_wconf 59' lang='lat'>„</span> <span class='ocrx_word' id='word_1_401' title='bbox 142 3481 237 3552; x_wconf 88' lang='lat' dir='ltr'><strong>plaria</strong></span> <span class='ocrx_word' id='word_1_402' title='bbox 254 3481 361 3536; x_wconf 89' lang='lat' dir='ltr'><strong>addunt</strong></span> <span class='ocrx_word' id='word_1_403' title='bbox 378 3483 498 3537; x_wconf 79' lang='lat' dir='ltr'><strong>subitum</strong></span> <span class='ocrx_word' id='word_1_404' title='bbox 516 3491 566 3534; x_wconf 86' lang='lat' dir='ltr'><strong>aut</strong></span> <span class='ocrx_word' id='word_1_405' title='bbox 583 3500 616 3536; x_wconf 89' lang='lat' dir='ltr'><strong>ne</strong></span> <span class='ocrx_word' id='word_1_406' title='bbox 630 3483 875 3550; x_wconf 85' lang='lat' dir='ltr'><strong>praemeditatum.</strong></span> <span class='ocrx_word' id='word_1_407' title='bbox 913 3481 969 3536; x_wconf 86' lang='lat' dir='ltr'><strong>Sed</strong></span> <span class='ocrx_word' id='word_1_408' title='bbox 990 3480 1062 3535; x_wconf 85' lang='lat' dir='ltr'><strong>haec</strong></span> <span class='ocrx_word' id='word_1_409' title='bbox 1084 3482 1118 3534; x_wconf 92' lang='lat' dir='ltr'><strong>ab</strong></span> <span class='ocrx_word' id='word_1_410' title='bbox 1142 3482 1303 3553; x_wconf 85' lang='lat' dir='ltr'><strong>interpola·</strong></span> 
     </span>
     <span class='ocr_line' id='line_1_45' title="bbox 143 3552 1303 3624; baseline 0.002 -19"><span class='ocrx_word' id='word_1_411' title='bbox 143 3552 256 3606; x_wconf 86' lang='lat' dir='ltr'><strong>toribus</strong></span> <span class='ocrx_word' id='word_1_412' title='bbox 281 3563 355 3607; x_wconf 88' lang='lat' dir='ltr'><strong>sunt.</strong></span> <span class='ocrx_word' id='word_1_413' title='bbox 391 3553 537 3624; x_wconf 83' lang='lat' dir='ltr'><strong>Equidem</strong></span> <span class='ocrx_word' id='word_1_414' title='bbox 555 3554 689 3606; x_wconf 86' lang='lat' dir='ltr'><strong>existimo</strong></span> <span class='ocrx_word' id='word_1_415' title='bbox 712 3571 759 3606; x_wconf 88' lang='lat' dir='ltr'><strong>me</strong></span> <span class='ocrx_word' id='word_1_416' title='bbox 782 3569 882 3606; x_wconf 81' lang='lat' dir='ltr'><strong>veram</strong></span> <span class='ocrx_word' id='word_1_417' title='bbox 905 3552 1061 3606; x_wconf 86' lang='lat' dir='ltr'><strong>lectionem</strong></span> <span class='ocrx_word' id='word_1_418' title='bbox 1079 3553 1202 3618; x_wconf 75' lang='lat' dir='ltr'><strong>eruisse3</strong></span> <span class='ocrx_word' id='word_1_419' title='bbox 1229 3570 1303 3624; x_wconf 83' lang='lat' dir='ltr'><strong>queo</strong></span> 
     </span>
     <span class='ocr_line' id='line_1_46' title="bbox 143 3621 1301 3694; baseline 0.003 -19"><span class='ocrx_word' id='word_1_420' title='bbox 143 3623 187 3676; x_wconf 87' lang='lat' dir='ltr'><strong>sio</strong></span> <span class='ocrx_word' id='word_1_421' title='bbox 204 3623 345 3680; x_wconf 71' lang='lat' dir='ltr'><strong>sehabet.</strong></span> <span class='ocrx_word' id='word_1_422' title='bbox 382 3625 430 3678; x_wconf 80' lang='lat' dir='ltr'><strong>Aa</strong></span> <span class='ocrx_word' id='word_1_423' title='bbox 449 3624 629 3693; x_wconf 78' lang='lat' dir='ltr'><strong>improvisum</strong></span> <span class='ocrx_word' id='word_1_424' title='bbox 647 3631 695 3677; x_wconf 88' lang='lat' dir='ltr'><strong>aut</strong></span> <span class='ocrx_word' id='word_1_425' title='bbox 716 3624 890 3692; x_wconf 86' lang='lat' dir='ltr'><strong>repentinum</strong></span> <span class='ocrx_word' id='word_1_426' title='bbox 909 3621 975 3691; x_wconf 79' lang='lat' dir='ltr'><strong>quid</strong></span> <span class='ocrx_word' id='word_1_427' title='bbox 997 3623 1126 3678; x_wconf 84' lang='lat' dir='ltr'><strong>accidere</strong></span> <span class='ocrx_word' id='word_1_428' title='bbox 1145 3629 1239 3694; x_wconf 83' lang='lat' dir='ltr'><strong>potest</strong></span> <span class='ocrx_word' id='word_1_429' title='bbox 1256 3624 1301 3693; x_wconf 71' lang='lat' dir='ltr'><strong>ei,</strong></span> 
     </span>
     <span class='ocr_line' id='line_1_47' title="bbox 143 3692 1302 3766; baseline 0.002 -18"><span class='ocrx_word' id='word_1_430' title='bbox 143 3693 193 3748; x_wconf 88' lang='lat' dir='ltr'><strong>cui</strong></span> <span class='ocrx_word' id='word_1_431' title='bbox 210 3692 285 3747; x_wconf 84' lang='lat' dir='ltr'><strong>nihil</strong></span> <span class='ocrx_word' id='word_1_432' title='bbox 301 3695 368 3759; x_wconf 89' lang='lat' dir='ltr'><strong>tale,</strong></span> <span class='ocrx_word' id='word_1_433' title='bbox 387 3696 459 3763; x_wconf 78' lang='lat' dir='ltr'><strong>quod</strong></span> <span class='ocrx_word' id='word_1_434' title='bbox 475 3694 580 3750; x_wconf 90' lang='lat' dir='ltr'><strong>homini</strong></span> <span class='ocrx_word' id='word_1_435' title='bbox 598 3694 836 3764; x_wconf 80' lang='lat' dir='ltr'><strong>euenirepossit?</strong></span> <span class='ocrx_word' id='word_1_436' title='bbox 873 3695 959 3748; x_wconf 86' lang='lat' dir='ltr'><strong>Certe</strong></span> <span class='ocrx_word' id='word_1_437' title='bbox 977 3693 1006 3749; x_wconf 91' lang='lat' dir='ltr'><strong>ei</strong></span> <span class='ocrx_word' id='word_1_438' title='bbox 1023 3710 1076 3766; x_wconf 91' lang='lat' dir='ltr'><strong>pro</strong></span> <span class='ocrx_word' id='word_1_439' title='bbox 1095 3701 1121 3749; x_wconf 89' lang='lat' dir='ltr'><strong>et</strong></span> <span class='ocrx_word' id='word_1_440' title='bbox 1148 3696 1236 3750; x_wconf 84' lang='lat' dir='ltr'><strong>etiam</strong></span> <span class='ocrx_word' id='word_1_441' title='bbox 1254 3713 1302 3750; x_wconf 91' lang='lat' dir='ltr'><strong>co-</strong></span> 
     </span>
     <span class='ocr_line' id='line_1_48' title="bbox 142 3765 1301 3836; baseline 0.003 -18"><span class='ocrx_word' id='word_1_442' title='bbox 142 3765 222 3818; x_wconf 91' lang='lat' dir='ltr'><strong>dices</strong></span> <span class='ocrx_word' id='word_1_443' title='bbox 241 3773 271 3818; x_wconf 92' lang='lat' dir='ltr'><strong>et</strong></span> <span class='ocrx_word' id='word_1_444' title='bbox 288 3766 400 3835; x_wconf 87' lang='lat' dir='ltr'><strong>priores</strong></span> <span class='ocrx_word' id='word_1_445' title='bbox 419 3766 557 3820; x_wconf 88' lang='lat' dir='ltr'><strong>editiones</strong></span> <span class='ocrx_word' id='word_1_446' title='bbox 576 3785 591 3818; x_wconf 88' lang='lat' dir='ltr'>a</span> <span class='ocrx_word' id='word_1_447' title='bbox 612 3775 741 3821; x_wconf 85' lang='lat' dir='ltr'><strong>noscunt.</strong></span> <span class='ocrx_word' id='word_1_448' title='bbox 779 3765 901 3836; x_wconf 79' lang='lat' dir='ltr'><strong>Aliquid</strong></span> <span class='ocrx_word' id='word_1_449' title='bbox 918 3766 951 3818; x_wconf 92' lang='lat' dir='ltr'><strong>ab</strong></span> <span class='ocrx_word' id='word_1_450' title='bbox 970 3767 1006 3818; x_wconf 89' lang='lat' dir='ltr'><strong>iis</strong></span> <span class='ocrx_word' id='word_1_451' title='bbox 1024 3767 1153 3820; x_wconf 90' lang='lat' dir='ltr'><strong>additum</strong></span> <span class='ocrx_word' id='word_1_452' title='bbox 1172 3775 1223 3833; x_wconf 93' lang='lat' dir='ltr'><strong>est,</strong></span> <span class='ocrx_word' id='word_1_453' title='bbox 1249 3769 1301 3836; x_wconf 89' lang='lat' dir='ltr'><strong>qui</strong></span> 
     </span>
     <span class='ocr_line' id='line_1_49' title="bbox 142 3785 1300 3906; baseline 0 -16"><span class='ocrx_word' id='word_1_454' title='bbox 142 3834 315 3905; x_wconf 85' lang='lat' dir='ltr'><strong>repentinum</strong></span> <span class='ocrx_word' id='word_1_455' title='bbox 333 3835 402 3903; x_wconf 81' lang='lat' dir='ltr'><strong>quid</strong></span> <span class='ocrx_word' id='word_1_456' title='bbox 419 3837 494 3890; x_wconf 87' lang='lat' dir='ltr'><strong>male</strong></span> <span class='ocrx_word' id='word_1_457' title='bbox 513 3785 730 3891; x_wconf 67' lang='lat' dir='ltr'><strong>intelhaxerant.</strong></span> <span class='ocrx_word' id='word_1_458' title='bbox 767 3837 840 3890; x_wconf 85' lang='lat' dir='ltr'><strong>Tota</strong></span> <span class='ocrx_word' id='word_1_459' title='bbox 856 3851 927 3891; x_wconf 87' lang='lat' dir='ltr'><strong>vero</strong></span> <span class='ocrx_word' id='word_1_460' title='bbox 951 3837 1094 3892; x_wconf 82' lang='lat' dir='ltr'><strong>sententia</strong></span> <span class='ocrx_word' id='word_1_461' title='bbox 1117 3846 1222 3906; x_wconf 85' lang='lat' dir='ltr'><strong>quanto</strong></span> <span class='ocrx_word' id='word_1_462' title='bbox 1242 3837 1300 3890; x_wconf 87' lang='lat' dir='ltr'><strong>iam</strong></span> 
     </span>
     <span class='ocr_line' id='line_1_50' title="bbox 142 3906 1323 3983; baseline 0.002 -23"><span class='ocrx_word' id='word_1_463' title='bbox 142 3906 299 3960; x_wconf 90' lang='lat' dir='ltr'><strong>rotundior</strong></span> <span class='ocrx_word' id='word_1_464' title='bbox 318 3916 369 3973; x_wconf 89' lang='lat' dir='ltr'><strong>est,</strong></span> <span class='ocrx_word' id='word_1_465' title='bbox 390 3914 419 3959; x_wconf 87' lang='lat' dir='ltr'><strong>et</strong></span> <span class='ocrx_word' id='word_1_466' title='bbox 436 3909 626 3974; x_wconf 89' lang='lat' dir='ltr'><strong>numerosior,</strong></span> <span class='ocrx_word' id='word_1_467' title='bbox 645 3916 675 3961; x_wconf 89' lang='lat' dir='ltr'><strong>et</strong></span> <span class='ocrx_word' id='word_1_468' title='bbox 692 3909 877 3983; x_wconf 78' lang='lat' dir='ltr'><strong>castigatior?</strong></span> <span class='ocrx_word' id='word_1_469' title='bbox 893 3911 982 3960; x_wconf 84' lang='lat' dir='ltr'><strong>Porro</strong></span> <span class='ocrx_word' id='word_1_470' title='bbox 1001 3908 1032 3958; x_wconf 93' lang='lat' dir='ltr'><strong>in</strong></span> <span class='ocrx_word' id='word_1_471' title='bbox 1046 3906 1142 3959; x_wconf 86' lang='lat' dir='ltr'><strong>verbis</strong></span> <span class='ocrx_word' id='word_1_472' title='bbox 1160 3907 1299 3962; x_wconf 88' lang='lat' dir='ltr'><strong>continuo</strong></span> <span class='ocrx_word' id='word_1_473' title='bbox 1320 3932 1323 3936; x_wconf 50' lang='grc'>“</span> 
     </span>
     <span class='ocr_line' id='line_1_51' title="bbox 142 3976 1298 4048; baseline 0.001 -17"><span class='ocrx_word' id='word_1_474' title='bbox 142 3978 336 4047; x_wconf 89' lang='lat' dir='ltr'><strong>sequentibus,</strong></span> <span class='ocrx_word' id='word_1_475' title='bbox 367 3976 441 4031; x_wconf 85' lang='lat' dir='ltr'><strong>Nam</strong></span> <span class='ocrx_word' id='word_1_476' title='bbox 467 3978 541 4048; x_wconf 81' lang='lat' dir='ltr'><strong>quod</strong></span> <span class='ocrx_word' id='word_1_477' title='bbox 563 3977 644 4033; x_wconf 88' lang='lat' dir='ltr'><strong>aiunt</strong></span> <span class='ocrx_word' id='word_1_478' title='bbox 661 3977 750 4033; x_wconf 89' lang='lat' dir='ltr'><strong>nimia</strong></span> <span class='ocrx_word' id='word_1_479' title='bbox 772 3977 898 4033; x_wconf 83' lang='lat' dir='ltr'><strong>reserari</strong></span> <span class='ocrx_word' id='word_1_480' title='bbox 915 3984 1060 4046; x_wconf 79' lang='lat' dir='ltr'><strong>oportere3</strong></span> <span class='ocrx_word' id='word_1_481' title='bbox 1091 3977 1145 4030; x_wconf 88' lang='lat' dir='ltr'><strong>etsi</strong></span> <span class='ocrx_word' id='word_1_482' title='bbox 1163 3979 1238 4032; x_wconf 85' lang='lat' dir='ltr'><strong>ferri</strong></span> <span class='ocrx_word' id='word_1_483' title='bbox 1256 3979 1298 4032; x_wconf 88' lang='lat' dir='ltr'><strong>sic</strong></span> 
     </span>
     <span class='ocr_line' id='line_1_52' title="bbox 142 4047 801 4120; baseline -0.003 -18"><span class='ocrx_word' id='word_1_484' title='bbox 142 4057 270 4120; x_wconf 86' lang='lat' dir='ltr'><strong>possunt,</strong></span> <span class='ocrx_word' id='word_1_485' title='bbox 290 4047 391 4100; x_wconf 80' lang='lat' dir='ltr'><strong>sualim</strong></span> <span class='ocrx_word' id='word_1_486' title='bbox 409 4057 515 4114; x_wconf 73' lang='lat' dir='ltr'><strong>nmen,</strong></span> <span class='ocrx_word' id='word_1_487' title='bbox 541 4049 608 4103; x_wconf 88' lang='lat' dir='ltr'><strong>iam</strong></span> <span class='ocrx_word' id='word_1_488' title='bbox 625 4049 698 4118; x_wconf 78' lang='lat' dir='ltr'><strong>quad</strong></span> <span class='ocrx_word' id='word_1_489' title='bbox 713 4048 801 4104; x_wconf 82' lang='lat' dir='ltr'><strong>aiunt.</strong></span> 
     </span>
    </p>
   </div>
   <div class='ocr_carea' id='block_1_8' title="bbox 144 4135 1302 4493">
    <p class='ocr_par' dir='ltr' id='par_1_8' title="bbox 144 4135 1302 4493">
     <span class='ocr_line' id='line_1_53' title="bbox 216 4135 1301 4208; baseline -0.001 -17"><span class='ocrx_word' id='word_1_490' title='bbox 216 4138 282 4208; x_wconf 79' lang='lat' dir='ltr'><strong>Gap.</strong></span> <span class='ocrx_word' id='word_1_491' title='bbox 303 4140 347 4192; x_wconf 74' lang='lat'><strong>27.</strong></span> <span class='ocrx_word' id='word_1_492' title='bbox 387 4137 488 4192; x_wconf 87' lang='lat' dir='ltr'><strong>Utrum</strong></span> <span class='ocrx_word' id='word_1_493' title='bbox 510 4138 618 4191; x_wconf 86' lang='lat' dir='ltr'><strong>illudne</strong></span> <span class='ocrx_word' id='word_1_494' title='bbox 644 4155 703 4191; x_wconf 88' lang='lat' dir='ltr'><strong>non</strong></span> <span class='ocrx_word' id='word_1_495' title='bbox 730 4138 861 4192; x_wconf 84' lang='lat' dir='ltr'><strong>uideatur</strong></span> <span class='ocrx_word' id='word_1_496' title='bbox 882 4151 971 4205; x_wconf 82' lang='lat' dir='ltr'><strong>aegre</strong></span> <span class='ocrx_word' id='word_1_497' title='bbox 999 4135 1154 4204; x_wconf 72' lang='lat' dir='ltr'><strong>terendum,</strong></span> <span class='ocrx_word' id='word_1_498' title='bbox 1190 4152 1225 4191; x_wconf 85' lang='lat' dir='ltr'><strong>er</strong></span> <span class='ocrx_word' id='word_1_499' title='bbox 1250 4153 1301 4207; x_wconf 74' lang='lat' dir='ltr'><strong>quo</strong></span> 
     </span>
     <span class='ocr_line' id='line_1_54' title="bbox 144 4205 1302 4276; baseline 0.003 -16"><span class='ocrx_word' id='word_1_500' title='bbox 144 4213 274 4276; x_wconf 86' lang='lat' dir='ltr'><strong>suscepta</strong></span> <span class='ocrx_word' id='word_1_501' title='bbox 292 4209 330 4262; x_wconf 87' lang='lat' dir='ltr'><strong>sit</strong></span> <span class='ocrx_word' id='word_1_502' title='bbox 348 4209 507 4276; x_wconf 82' lang='lat' dir='ltr'><strong>aegritudo,</strong></span> <span class='ocrx_word' id='word_1_503' title='bbox 526 4223 562 4261; x_wconf 88' lang='lat' dir='ltr'><strong>an</strong></span> <span class='ocrx_word' id='word_1_504' title='bbox 580 4209 703 4262; x_wconf 87' lang='lat' dir='ltr'><strong>omnium</strong></span> <span class='ocrx_word' id='word_1_505' title='bbox 719 4205 842 4263; x_wconf 83' lang='lat' dir='ltr'><strong>tollenda</strong></span> <span class='ocrx_word' id='word_1_506' title='bbox 859 4211 970 4262; x_wconf 86' lang='lat' dir='ltr'><strong>omnino</strong></span> <span class='ocrx_word' id='word_1_507' title='bbox 989 4206 1183 4276; x_wconf 75' lang='lat' dir='ltr'><strong>aegritudot]</strong></span> <span class='ocrx_word' id='word_1_508' title='bbox 1202 4206 1302 4263; x_wconf 83' lang='lat' dir='ltr'><strong>Victo·</strong></span> 
     </span>
     <span class='ocr_line' id='line_1_55' title="bbox 144 4278 1301 4335; baseline 0.003 -5"><span class='ocrx_word' id='word_1_509' title='bbox 144 4278 206 4330; x_wconf 90' lang='lat' dir='ltr'><strong>rius</strong></span> <span class='ocrx_word' id='word_1_510' title='bbox 225 4287 255 4332; x_wconf 87' lang='lat' dir='ltr'><strong>et</strong></span> <span class='ocrx_word' id='word_1_511' title='bbox 278 4289 344 4332; x_wconf 79' lang='lat' dir='ltr'><strong>tuus</strong></span> <span class='ocrx_word' id='word_1_512' title='bbox 369 4280 459 4333; x_wconf 79' lang='lat' dir='ltr'><strong>codex</strong></span> <span class='ocrx_word' id='word_1_513' title='bbox 481 4278 585 4333; x_wconf 84' lang='lat' dir='ltr'><strong>illudne</strong></span> <span class='ocrx_word' id='word_1_514' title='bbox 611 4281 751 4334; x_wconf 84' lang='lat' dir='ltr'><strong>uideatur.</strong></span> <span class='ocrx_word' id='word_1_515' title='bbox 788 4278 878 4332; x_wconf 89' lang='lat' dir='ltr'><strong>Aldus</strong></span> <span class='ocrx_word' id='word_1_516' title='bbox 904 4279 977 4332; x_wconf 86' lang='lat' dir='ltr'><strong>illud</strong></span> <span class='ocrx_word' id='word_1_517' title='bbox 999 4294 1055 4332; x_wconf 90' lang='lat' dir='ltr'><strong>non</strong></span> <span class='ocrx_word' id='word_1_518' title='bbox 1072 4279 1209 4335; x_wconf 84' lang='lat' dir='ltr'><strong>videatur.</strong></span> <span class='ocrx_word' id='word_1_519' title='bbox 1245 4281 1301 4334; x_wconf 83' lang='lat' dir='ltr'><strong>he-</strong></span> 
     </span>
     <span class='ocr_line' id='line_1_56' title="bbox 144 4349 1300 4423; baseline -0.002 -22"><span class='ocrx_word' id='word_1_520' title='bbox 144 4349 271 4423; x_wconf 83' lang='lat' dir='ltr'><strong>gendum</strong></span> <span class='ocrx_word' id='word_1_521' title='bbox 289 4351 346 4402; x_wconf 84' lang='lat' dir='ltr'><strong>ism</strong></span> <span class='ocrx_word' id='word_1_522' title='bbox 364 4351 505 4417; x_wconf 85' lang='lat' dir='ltr'><strong>videram,</strong></span> <span class='ocrx_word' id='word_1_523' title='bbox 527 4349 628 4405; x_wconf 87' lang='lat' dir='ltr'><strong>Utrum</strong></span> <span class='ocrx_word' id='word_1_524' title='bbox 645 4350 721 4405; x_wconf 85' lang='lat' dir='ltr'><strong>iilud</strong></span> <span class='ocrx_word' id='word_1_525' title='bbox 745 4365 852 4404; x_wconf 88' lang='lat' dir='ltr'><strong>necne</strong></span> <span class='ocrx_word' id='word_1_526' title='bbox 874 4349 1007 4405; x_wconf 84' lang='lat' dir='ltr'><strong>uideatur</strong></span> <span class='ocrx_word' id='word_1_527' title='bbox 1029 4364 1117 4419; x_wconf 80' lang='lat' dir='ltr'><strong>aegre</strong></span> <span class='ocrx_word' id='word_1_528' title='bbox 1138 4349 1300 4416; x_wconf 75' lang='lat' dir='ltr'><strong>ferendum.-</strong></span> 
     </span>
     <span class='ocr_line' id='line_1_57' title="bbox 144 4419 1300 4493; baseline 0.005 -21"><span class='ocrx_word' id='word_1_529' title='bbox 144 4427 179 4472; x_wconf 89' lang='lat' dir='ltr'><strong>ut</strong></span> <span class='ocrx_word' id='word_1_530' title='bbox 197 4436 264 4474; x_wconf 79' lang='lat' dir='ltr'><strong>mox</strong></span> <span class='ocrx_word' id='word_1_531' title='bbox 283 4436 307 4476; x_wconf 88' lang='lat' dir='ltr'><strong>o.</strong></span> <span class='ocrx_word' id='word_1_532' title='bbox 327 4422 371 4480; x_wconf 80' lang='lat'><strong>29.</strong></span> <span class='ocrx_word' id='word_1_533' title='bbox 390 4423 454 4479; x_wconf 84' lang='lat' dir='ltr'><strong>Non</strong></span> <span class='ocrx_word' id='word_1_534' title='bbox 472 4427 513 4478; x_wconf 87' lang='lat' dir='ltr'><strong>est</strong></span> <span class='ocrx_word' id='word_1_535' title='bbox 531 4422 722 4493; x_wconf 83' lang='lat' dir='ltr'><strong>quaerendum,</strong></span> <span class='ocrx_word' id='word_1_536' title='bbox 742 4423 841 4480; x_wconf 85' lang='lat' dir='ltr'><strong>honum</strong></span> <span class='ocrx_word' id='word_1_537' title='bbox 857 4419 932 4477; x_wconf 85' lang='lat' dir='ltr'><strong>iilud</strong></span> <span class='ocrx_word' id='word_1_538' title='bbox 948 4435 1057 4478; x_wconf 86' lang='lat' dir='ltr'><strong>necne</strong></span> <span class='ocrx_word' id='word_1_539' title='bbox 1073 4421 1123 4488; x_wconf 85' lang='lat' dir='ltr'><strong>sit,</strong></span> <span class='ocrx_word' id='word_1_540' title='bbox 1141 4420 1215 4492; x_wconf 80' lang='lat' dir='ltr'><strong>quad</strong></span> <span class='ocrx_word' id='word_1_541' title='bbox 1233 4420 1300 4478; x_wconf 84' lang='lat' dir='ltr'><strong>liti-</strong></span> 
     </span>
    </p>
   </div>
   <div class='ocr_carea' id='block_1_9' title="bbox 0 0 1432 5084">
    <p class='ocr_par' dir='ltr' id='par_1_9' title="bbox 0 0 1432 5084">
     <span class='ocr_line' id='line_1_58' title="bbox 0 0 1432 5084; baseline 0 2"><span class='ocrx_word' id='word_1_542' title='bbox 0 0 1432 5084; x_wconf 95' lang='lat' dir='ltr'><strong> </strong></span> 
     </span>
    </p>
   </div>
  </div>
 </body>
</html>
