2856 5084
22 264 24 271 ’
120 274 162 338 tt
317 268 548 336 CICERONIS
569 268 818 336 TUSCULAN.
840 270 1071 337 DISPUTAT.

121 444 181 498 tur
203 443 298 498 extra
318 437 443 515 ostium
464 438 630 519 limenque
651 439 813 500 carceris:
846 457 946 518 quum
975 438 1171 508 constantia,
1197 456 1279 523 gra-

121 521 221 597 vitas,
259 517 437 591 fortitudo,
469 521 644 601 sapientia,
681 521 893 601 reliquaeque
924 521 1069 582 virtutes
1097 521 1280 602 rapiantur

122 600 165 662 ed
187 610 362 676 tortorem,
386 600 581 683 nullumque
602 610 760 663 recusent
780 621 842 662 nec
863 603 1083 684 supplicium„
1097 622 1160 664 nec
1179 594 1297 665 dolo-·

122 682 215 746 remi
256 682 294 745 A.
328 682 453 759 Tu,„si
481 683 561 764 quid
588 703 623 745 es
656 687 824 762 tacturus,
851 704 937 746 nova
966 685 1078 766 aliqua
1099 687 1279 766 conquiras

122 773 265 849 oportet.
303 763 371 826 ista
392 784 444 827 me
466 767 603 827 minime
623 773 775 828 movent:
799 787 865 827 non
887 767 1008 844 solum,
1040 767 1116 848 quia
1138 768 1280 848 pervul-

97 852 198 934 ‘gata
219 855 309 920 sunt,
332 845 391 907 sed
419 849 661 931 multomagis,
691 850 781 929 quia,
803 858 968 931 tamquam
996 850 1084 910 levia
1116 847 1287 930 quaedam*

120 933 202 993 vina
222 929 307 991 nihil
327 932 439 991 valent
460 932 496 989 in
519 950 613 1010 aqua,
637 933 687 991 sic
708 930 900 991 Stoicorum
920 932 985 992 ista
1006 931 1111 1015 magis
1132 940 1278 1015 gustata,

120 1033 215 1096 qnam
238 1019 352 1093 potata
374 1011 549 1074 delectant.
586 1011 689 1075 Velut
709 1015 772 1074 iste
788 1013 909 1074 chorus
930 1016 1096 1074 virtutum
1118 1015 1154 1074 in
1173 1033 1277 1094 ¹equu-

120 1097 210 1157 leum
231 1095 407 1176 impositus
428 1095 590 1179 imagines
610 1096 789 1157 constituit
809 1104 888 1156 ante
911 1096 1023 1157 oculos
1043 1109 1119 1155 cum
1142 1097 1278 1178 amplis-

122 1181 206 1239 sima
228 1176 402 1260 dignitate,
424 1186 464 1237 ut
484 1175 526 1237 ad
548 1197 602 1238 eas
624 1179 749 1240 cursim
771 1186 979 1258 perrectura,
1002 1196 1063 1238 nec
1095 1196 1149 1238 eas
1179 1179 1291 1240 beata·

36 1262 105 1381 eludi
123 1262 193 1322 vita
214 1280 233 1321 a
255 1279 291 1320 se
311 1257 460 1357 desertas
482 1278 622 1339 passura
649 1259 814 1321 videatur.
859 1259 968 1323 Ouum
989 1269 1101 1321 autem
1125 1261 1277 1322 animum

65 1401 90 1434 δ’
196 1428 247 1494 Tu,
275 1426 303 1480 εἰ
327 1428 392 1495 quid
409 1443 439 1480 ee
455 1427 604 1493 fecturus]
640 1427 695 1492 „H.
716 1444 740 1481 e.
767 1429 954 1498 probaturus:
980 1428 1005 1479 si
1028 1445 1075 1482 me
1100 1430 1278 1488 convincere

122 1498 252 1553 studes.“
268 1498 351 1551 Net'd.
372 1497 440 1551 eod.
455 1498 540 1551 Vind.
552 1502 576 1553 l.
595 1505 661 1568 poet
681 1501 809 1564 fecturus
826 1498 1028 1574 interrogandi
1047 1500 1162 1573 signum
1180 1498 1277 1558 habet.

120 1569 195 1641 Edi.
214 1572 248 1620 V.
269 1577 299 1622 et
316 1568 385 1622 Rob.
407 1567 507 1639 Steph.
527 1570 670 1622 omittunt
687 1585 731 1632 0⁸3
749 1571 894 1639 posterior
916 1570 1003 1622 verba
1020 1567 1129 1640 siquid
1146 1573 1279 1636 fecturus
1311 1565 1319 1576 ⁴

121 1639 288 1712 parenthesi
312 1639 399 1693 habet
422 1641 544 1693 inclusa.
582 1641 660 1693 Mon.
681 1643 705 1693 1.
733 1638 820 1693 habet
837 1656 891 1694 nen
915 1656 970 1709 pro
987 1656 1064 1696 noua.
1085 1640 1155 1693 Cod.
1173 1641 1276 1700 Duisb.

122 1729 188 1765 cum
208 1728 266 1765 uno
285 1711 335 1764 Ox.
363 1712 395 1763 in
412 1711 558 1780 proximis
577 1712 637 1763 leta
664 1717 778 1763 tamen
796 1728 848 1768 me.
886 1711 920 1762 ln
939 1728 1031 1786 marg.
1050 1711 1165 1765 Lambb.
1186 1712 1286 1768 Gotln*

123 1789 152 1836 et
169 1783 254 1836 Verb.
275 1799 310 1834 ex
329 1781 435 1835 Codice
453 1782 552 1835 nescio
571 1797 628 1850 quo
647 1789 761 1834 enotata
778 1789 822 1835 est
839 1781 928 1834 lectio
950 1782 1011 1836 Ista
1034 1784 1215 1836 minimum
1233 1804 1291 1863 me,

121 1859 236 1907 movent.
273 1852 354 1904 Unus
365 1853 416 1904 Ox.
437 1869 503 1904 cnm
522 1852 619 1906 Duisb.
639 1850 747 1905 hebent
762 1853 900 1920 permut
906 1857 941 1903 tn
958 1860 1030 1906 suut.
1049 1852 1140 1910 Rehd.
1161 1857 1279 1910 omittit

120 1930 190 1979 eunt.
228 1923 312 1975 Alius
331 1922 381 1975 Ox.
402 1924 514 1975 omittit
530 1924 698 1993 proximum
717 1924 791 1990 quia.
829 1924 889 1976 Mr.
1277 1943 1284 1953 ·

194 2001 324 2061 tauquam
342 1993 413 2046 levia
432 1992 650 2062 quiedam-uiua
669 1992 742 2047 nittt
758 1994 848 2047 vatent
867 1992 897 2046 t'n
914 1995 1009 2062 aqum]
1035 1994 1176 2062 „Tenuitq
1203 2016 1278 2068 quse

121 2065 230 2118 leriter
257 2065 347 2116 diluta
373 2081 505 2134 saporem
530 2064 678 2130 amittunt,
704 2082 776 2132 quae
793 2065 889 2134 primo
913 2066 1011 2116 statim
1029 2074 1117 2140 gustu
1134 2068 1278 2135 arrident,

122 2135 201 2188 nihil
219 2151 290 2189 vero
309 2134 428 2188 iucundi
447 2135 556 2204 saporis
575 2133 682 2186 habent
706 2136 738 2186 in
756 2135 900 2188 recessu.“
925 2135 1007 2189 Neid.
1043 2137 1087 2189 Aa
1105 2144 1189 2190 usuin
1209 2157 1280 2211 par·

122 2205 232 2259 ticulae
251 2213 378 2272 tanquam
400 2206 432 2256 in
459 2206 674 2277 comparatione
692 2204 788 2257 Kiilm.
809 2208 936 2260 conferri
960 2206 1042 2261 iubet
1059 2207 1221 2262 Gernhard.
1242 2210 1278 2264 ed

123 2277 185 2331 cic.
213 2275 275 2330 Cat.
304 2277 370 2341 maj.
400 2277 475 2328 XIX.
500 2278 543 2330 71.
571 2293 600 2397 p
626 2277 687 2347 135.
733 2274 789 2329 Sed
824 2274 875 2328 hic
908 2276 1000 2330 solum
1028 2287 1160 2331 nostrum
1189 2278 1279 2335 habet

122 2347 229 2402 locum.
267 2345 354 2399 Plura
382 2347 459 2399 dabit
484 2345 576 2399 Turse
590 2345 669 2398 linus
696 2363 725 2415 p.
746 2351 807 2405 997.
836 2348 878 2399 ed.
909 2346 1055 2402 Schwarz.
1074 2376 1108 2386 -
1143 2350 1179 2407 tn
1207 2349 1276 2404 Gon.

15 2475 29 2488 ,
123 2416 199 2473 cut.
220 2418 324 2471 desunt
344 2418 441 2469 omnia
459 2416 525 2470 iude
545 2435 561 2469 a
579 2417 657 2486 qus'a,
680 2423 812 2486 tanquam
829 2433 916 2489 usque
934 2419 970 2470 ad
987 2422 1044 2472 ista
1062 2418 1168 2484 mugiet
1194 2419 1279 2474 aber-

121 2498 206 2542 rante
233 2487 352 2541 scribae‘
370 2488 455 2540 oculo
478 2505 494 2538 a
519 2489 626 2556 priore*
647 2487 741 2554 uragu
769 2487 805 2540 ad
830 2490 987 2560 posterius.
1018 2488 1092 2543 Gnd.
1111 2492 1137 2544 2.
1164 2493 1279 2544 omittit

122 2561 264 2629 quaedam.
293 2557 374 2611 Idem
392 2556 480 2611 habet
498 2557 597 2626 iniqua
611 2574 666 2628 pro
684 2559 716 2610 t'n
734 2575 816 2628 aqua.
849 2560 903 2612 Pro
919 2566 1018 2628 potatu
1037 2579 1111 2612 unus
1122 2560 1173 2612 Ox.
1192 2560 1279 2617 habet

120 2629 203 2753 pp'ttq,¹
223 2630 314 2754 qpqodb
323 2637 352 2683 et
370 2628 452 2693 alios,
483 2630 580 2681 nescio
600 2644 679 2698 quos,
709 2628 815 2684 habere
838 2630 963 2705 legimus
990 2632 1022 2683 in
1046 2649 1139 2706 marg.
1159 2632 1276 2686 Lambb.

152 2709 182 2754 ot
205 2739 211 2751 .
264 2717 322 2753 er.

102 2768 104 2772 ⁴
197 2760 352 2826 Velutis'te
368 2768 470 2824 ederus
488 2769 643 2835 virtutum]
680 2770 878 2837 „Constantia,
896 2773 1035 2847 gravitas,
1054 2774 1206 2840 fortitudo,
1225 2793 1278 2845 pr·

121 2843 226 2896 tientia
243 2841 372 2911 aliaeque
393 2843 559 2895 consimiles
572 2844 699 2895 virtutes
718 2843 931 2918 significantur,
951 2860 1023 2913 qnae
1041 2843 1134 2896 veluti
1153 2846 1278 2899 chorum

124 2915 315 2977 constituunt,
351 2912 402 2982 qui
428 2913 586 2968 multorum
614 2920 755 2965 concentu
776 2911 919 2968 constat.“
943 2915 1075 2966 Beroald.
1111 2915 1155 2969 De
1173 2935 1229 2969 usu
1247 2935 1275 2969 v.

122 2986 206 3049 uelut,
225 2985 276 3053 qui
294 2982 344 3056 hic
362 2983 482 3047 obtinet,
502 2983 560 3035 vid.
581 2982 782 3037 Turselliniim
801 3002 829 3054 p.
849 2985 929 3041 1051.
950 2985 994 3038 ed.
1014 2983 1160 3040 Schwarz.
1179 2986 1277 3058 ibique

124 3055 274 3124 complura
294 3055 443 3108 Ciceronis
462 3052 603 3122 exempla,
627 3053 677 3105 ubi
695 3057 818 3124 ponitur
834 3072 888 3126 pro
913 3055 1033 3124 exempli
1049 3058 1158 3123 gratia.
1196 3057 1277 3120 Scri-

122 3127 204 3180 bitur
222 3122 303 3177 cortis
320 3125 350 3176 in
370 3124 458 3177 Godd.
479 3126 554 3176 Mon.
575 3129 599 3179 1.
630 3132 659 3175 et
677 3125 776 3191 Mart),
804 3127 835 3179 in
862 3135 988 3195 utroque
1013 3128 1099 3179 etiam
1117 3126 1188 3181 lul.
1215 3145 1277 3183 ectr-

29 3251 36 3261 ,
123 3200 203 3251 lcum.
240 3197 276 3248 ln
301 3211 380 3263 seqq.
407 3214 481 3248 unus
508 3195 557 3247 Ox.
588 3210 648 3247 eum
673 3211 728 3266 pro
756 3213 814 3262 ens,
845 3205 905 3250 tres
934 3214 1047 3249 cursum
1077 3214 1131 3268 pro
1161 3200 1276 3253 cursim.

122 3268 211 3322 Vind.
233 3272 256 3321 l.
279 3281 408 3318 cursum
424 3272 619 3335 porrectura.
658 3266 803 3320 Scribitur
818 3274 1022 3336 porrecturat
1040 3268 1072 3321 in
1091 3266 1164 3322 Gud.
1180 3274 1204 3326 1.
1226 3270 1277 3326 sed

121 3338 261 3393 ultimum
280 3344 292 3389 t
310 3338 425 3407 Punctis
440 3342 575 3390 'notatum
595 3344 645 3390 est.
676 3339 744 3392 Mr.
790 3374 793 3381 J

192 3417 224 3462 ut
242 3409 280 3461 ad
298 3423 345 3460 eas
364 3407 468 3460 cursim
484 3416 647 3476 perrectura
664 3410 762 3461 beata
779 3411 874 3472 cita,
899 3426 1039 3464 neceas
1058 3407 1106 3474 -]
1143 3409 1225 3476 „vul
1247 3431 1275 3489 g.

94 3530 95 3533 ,
120 3487 297 3551 perrectura,
318 3495 367 3531 nec
385 3495 433 3534 eus
450 3481 530 3533 beata
548 3480 607 3533 cita
626 3479 685 3516 -“
703 3479 774 3532 Dav.
795 3480 826 3532 in
845 3479 897 3532 Ed.
918 3484 944 3536 2.
979 3483 1015 3534 ln
1033 3482 1122 3535 tertia
1138 3481 1276 3536 Davisius

123 3570 190 3606 eum
209 3549 350 3614 ordinem,
370 3567 456 3622 quem
474 3549 503 3603 h.
524 3550 545 3603 l.
564 3551 717 3627 vulgatum
736 3550 874 3621 appellat,
894 3553 1050 3621 restituite
1066 3569 1185 3622 eamque
1204 3554 1276 3607 item

122 3623 313 3676 mutationem
331 3631 398 3689 post
414 3621 631 3691 Wopkensinm
650 3622 682 3687 (l.
703 3638 726 3673 c.
746 3624 849 3690 p.1t15.
870 3641 911 3692 sq.
930 3640 959 3690 p.
972 3626 1025 3679 145
1043 3641 1084 3693 sq.
1105 3623 1150 3676 ed.
1170 3623 1285 3690 Hand.)

122 3693 299 3764 improbarit
322 3692 411 3745 Bouh.
432 3692 633 3762 Wopkensius
660 3693 755 3745 autem
780 3692 837 3746 aliu
861 3693 1002 3747 similium
1021 3695 1275 3749 constructionum

121 3764 288 3833 συγχύσεων
311 3762 441 3816 laudavit
459 3765 604 3834 exempla,
633 3765 751 3816 confusa
769 3771 877 3835 tamen,
901 3770 982 3818 vere'
997 3765 1275 3832 monenteHandio,

122 3853 249 3907 quorum
267 3833 325 3888 alia
343 3835 464 3888 subiecti
488 3850 593 3888 nomen
617 3832 722 3887 habent
747 3835 777 3884 in
795 3835 887 3886 altera
909 3843 993 3905 purte
1016 3835 1184 3899 sententiae,
1219 3836 1280 3889 aliar

121 3906 243 3962 verbum
261 3907 296 3959 ad
314 3913 468 3975 utramque
487 3905 673 3958 referendum
692 3904 723 3955 iu
742 3905 865 3957 secunda
883 3914 966 3974 parte
984 3913 1139 3975 reponunt,
1159 3903 1193 3957 in⁴
1209 3907 1278 3959 aliis

122 3979 247 4050 denique
265 3995 345 4031 mera
365 3986 407 4030 est
427 3975 615 4045 transpositio
634 3975 787 4027 verborum
807 3975 920 4027 obvim
944 3975 1147 4043 roculationis,
1185 3976 1285 4029 Primi·

121 4058 233 4103 tantum
251 4049 368 4124 generis
388 4046 519 4116 exempla
546 4043 605 4096 huc
629 4045 782 4112 pertinere¹
805 4047 992 4099 menifestum
1017 4054 1069 4100 est.
1105 4045 1277 4101 Lectionum
1318 4058 1320 4064 '

122 4121 272 4173 aDavisio
296 4121 327 4173 in
354 4117 409 4170 Ed.
432 4119 461 4172 ³2.
490 4124 635 4185 receptam
660 4124 836 4185 receperunt
858 4117 929 4170 Ern.
957 4111 1155 4180 Scthobb.
1187 4118 1275 4171 nimis

122 4192 235 4260 cupide,
256 4197 285 4242 et
308 4197 409 4241 contra
428 4185 515 4239 Godd.
537 4194 566 4239 et
583 4184 656 4238 Edd·
680 4195 751 4238 vett.
778 4189 990 4245 auctoritatem.
1028 4189 1064 4239 ln
1084 4186 1157 4255 Gud.
1177 4190 1203 4242 2.
1233 4195 1278 4242 est

121 4278 227 4329 neque
253 4262 335 4312 beata
353 4260 421 4322 nitu,
450 4257 639 4322 omissorum
675 4257 708 4310 in
730 4258 819 4310 lllarb.
844 4273 893 4310 nec
918 4258 963 4310 ad
985 4274 1032 4312 eas
1049 4260 1131 4311 beatu
1148 4257 1217 4326 cita,
1245 4259 1277 4311 in

122 4328 180 4385 uno'
199 4333 248 4384 Ox.
269 4327 378 4384 excidit
395 4330 474 4391 υἱέας·
485 4327 585 4404 pergit
603 4328 692 4381 Maru·
712 4328 756 4381 ad
773 4344 812 4382 ee.
833 4328 901 4381 eod.
922 4329 996 4381 Mon.
1010 4332 1034 4385 1.
1054 4327 1141 4396 habet
1159 4344 1198 4382 ne
1215 4345 1275 4383 eat:

121 4403 269 4471 frequenti
297 4415 411 4453 errore:
446 4398 526 4450 cuius
559 4415 673 4452 causam
701 4398 800 4469 paullo
828 4399 962 4467 superius
992 4398 1197 4452 indicarimus.
1239 4399 1275 4452 ln
