2856 5084
218 288 280 353 us
419 288 647 354 mumolus
669 244 915 358 uusuunsn.
938 291 1168 358 manuum.

216 457 305 517 tacto
327 456 375 516 sic
395 453 514 533 doluit,
537 456 619 518 nihil
636 466 679 519 -ut
700 459 817 521 tulerit
839 461 975 520 oravius
996 462 1032 521 in
1052 461 1139 520 vita:
1162 476 1257 540 quem
1281 461 1371 521 cuim

216 539 432 599 vehementer
453 547 592 617 amarat,
606 539 793 603 ochdcrat.
837 507 893 602 §ic
914 541 1149 604 distrahuntur
1177 544 1213 601 in
1236 552 1370 606 contra·
1407 530 1415 542 ⁵

217 623 286 682 rias
306 628 419 702 partes
441 622 676 702 impotentium
697 623 907 706 cupiditates.
950 624 1060 688 Quum
1089 625 1169 685 huic
1190 625 1369 688 obsecutus

162 732 165 737 ·
217 704 273 779 sis,
300 704 350 783 illi
371 711 422 765 est
443 704 706 846 repugnandum.

150 789 193 842 ol.
301 787 503 869 Quamquam
554 786 585 846 ic
614 785 746 868 quidem
773 795 936 868 tyrannus
964 791 1038 870 ipso
1061 787 1236 860 iudicavit,
1271 808 1369 873 quam

216 967 360 1025 uAWur.
380 969 464 1040 Schz.
493 969 541 1023 Or.
561 970 633 1024 Tbn.
676 971 710 1022 In
735 969 971 1026 enuntiata.
1000 978 1029 1024 et
1048 970 1147 1026 Duisb.
1168 980 1211 1026 est
1235 979 1268 1037 ut
1295 974 1370 1030 nitu

216 1040 316 1094 tuterit
332 1040 458 1108 grauius,
478 1041 509 1094 in
527 1042 599 1095 Edd.
620 1043 690 1097 rell.
715 1048 746 1094 ut
764 1041 836 1096 nitu
852 1041 970 1108 grauius
992 1042 1101 1095 tulerit.
1139 1045 1200 1097 Mr·
1232 1072 1238 1089 =
1298 1082 1302 1087 -

288 1147 366 1201 quem
384 1130 458 1184 enim
476 1129 646 1184 vehementer
670 1137 823 1196 amarat,
852 1131 1019 1196 occiderat]
1056 1131 1215 1196 „‘Amurct,
1244 1140 1277 1185 ut
1296 1134 1365 1188 Cod.

119 1239 121 1242 ι
216 1200 344 1272 Grypb,
376 1200 462 1256 babet
484 1203 592 1257 Victor.
639 1203 699 1257 Alii
726 1202 863 1255 cntcret.“
895 1204 977 1254 Brut.
1024 1204 1088 1266 „Ita
1113 1212 1178 1272 post
1197 1203 1367 1258 victorium

215 1273 350 1331 Lambini
367 1282 424 1326 vet.
446 1273 519 1338 cod,
537 1275 667 1343 quinque
686 1273 818 1337 Palatini,
836 1272 921 1328 Fabr.
940 1273 1068 1326 Vatican.
1106 1276 1202 1348 Vulgo
1227 1277 1367 1332 amaret.“

125 1394 128 1399 .
212 1343 300 1400 cett.
336 1345 454 1397 Antoret
471 1345 604 1414 quamvis
624 1351 653 1396 ct
671 1345 832 1399 sententiae
850 1345 1021 1397 adversetur
1039 1352 1068 1397 et
1086 1345 1220 1408 codicum
1238 1349 1366 1401 auctori·
1406 1371 1410 1376 ·

215 1423 276 1470 tate
301 1415 485 1480 destituatur,
517 1422 666 1485 receptum
688 1424 786 1470 tamen
803 1421 846 1469 est
870 1415 978 1467 aMan.
998 1414 1061 1468 Gar.
1081 1413 1179 1486 Steph.
1197 1414 1362 1472 aldium.

212 1485 306 1540 Goth.
326 1495 355 1542 et
373 1488 405 1539 in
421 1486 534 1545 hambb.
564 1487 728 1556 inquibus,
751 1493 784 1537 ut
803 1485 978 1555 saepissime,
1010 1502 1080 1539 vera
1097 1486 1185 1540 lectio
1203 1489 1236 1539 iu
1255 1506 1302 1553 ma
1340 1491 1364 1542 i-

215 1574 282 1611 nem
302 1559 410 1613 reiecta
429 1564 479 1610 est.
514 1557 602 1611 'Solus
620 1556 710 1612 Rehd.
730 1556 816 1611 habet
834 1561 987 1619 amoverat,
1013 1558 1291 1622 annominaret.
1344 1580 1364 1613 n

214 1629 357 1698 proximis
377 1628 445 1682 eod.
464 1629 551 1681 Marb.
570 1629 759 1698 impotentum.
797 1627 886 1692 Quam
904 1644 988 1695 saepe
1005 1626 1141 1695 impotens
1165 1637 1292 1698 ponatur
1308 1648 1363 1701 pro

213 1703 258 1756 eui
276 1701 364 1754 animi
379 1699 515 1767 impotens
533 1707 651 1754 nonest
670 1700 746 1769 quod
764 1697 890 1752 doceam.
908 1696 980 1749 'Est
999 1698 1031 1750 in
1047 1698 1111 1753 hoc
1123 1701 1185 1769 ipso
1204 1699 1279 1765 libro
1298 1717 1323 1753 c.
1339 1707 1363 1757 7.

213 1789 276 1840 prc.
300 1771 445 1839 impotenti
467 1770 578 1823 laetitio
602 1770 709 1836 efferri.
730 1797 764 1806 -
799 1769 852 1823 Sui
874 1769 1008 1835 impotens
1033 1770 1109 1823 dixit
1129 1769 1249 1827 Curtius
1266 1773 1315 1829 tv,
1336 1774 1364 1828 ⁷.

215 1845 264 1908 145
289 1841 424 1910 impotens
442 1841 532 1897 animi
550 1842 626 1896 idem
645 1841 722 1894 VIII.
745 1845 769 1894 1.
789 1843 832 1896 49-
871 1841 931 1904 Mr.
1316 1868 1319 1876 ι

211 1945 214 1949 -
283 1930 364 1984 quum
381 1911 445 1967 buic
463 1913 606 1966 obsecutus
630 1911 680 1978 eis,
707 1911 754 1966 s'lts'
778 1918 819 1964 est
836 1912 1070 1979 repugnandum]
1105 1911 1204 1977 „Cum
1222 1932 1250 1966 v.
1272 1931 1298 1968 c.
1317 1934 1363 1967 su-

212 1985 338 2054 spicioni
351 1985 503 2039 obsecutus
522 1985 569 2048 sis,
589 1983 719 2038 dolorem
739 1999 754 2035 e
772 1991 882 2041 temere
900 1984 978 2036 facto
996 1984 1133 2037 senties.“
1151 1983 1260 2039 Nissen.
1280 1985 1362 2040 Unus

166 2057 171 2062 ”
212 2056 264 2109 Ox.
283 2073 339 2126 pro
358 2054 422 2107 duic
439 2054 526 2108 habet
549 2054 627 2107 bunc.
664 2056 724 2107 Mr.
1108 2102 1116 2121 ,

284 2129 453 2195 Quamquam
470 2123 526 2177 bic
555 2125 684 2195 quidem]
722 2123 772 2178 Sic
792 2124 878 2179 codd.
900 2125 976 2194 quod
995 2126 1082 2187 sciam
1102 2142 1210 2183 ornnes.
1247 2127 1302 2182 Sed
1320 2137 1363 2182 est

212 2199 360 2254 tamenin
379 2214 471 2272 marg.
492 2197 548 2257 MS.
577 2197 644 2251 Asci
671 2204 762 2253 nostr.
782 2199 807 2250 2.
834 2197 875 2259 id,
900 2205 929 2248 ct
954 2197 996 2259 ita
1021 2196 1139 2253 exhibet
1162 2199 1243 2257 Hier.
1263 2199 1359 2263 Wolf.

208 2270 288 2323 unde
314 2269 461 2323 'coniicere
486 2267 558 2321 licet
585 2269 626 2321 ita
651 2267 773 2321 edidisse
790 2267 953 2331 Erasmum
983 2283 1048 2320 cum
1067 2285 1124 2336 quo
1146 2270 1195 2323 illi
1212 2269 1268 2327 duo
1287 2271 1362 2333 libri

210 2340 273 2392 fere
296 2357 354 2393 sem
379 2356 411 2393 er
437 2339 623 2393 conveniunt.
662 2339 697 2390 In
721 2338 858 2391 lemmate
883 2338 1077 2390 annotationis
1095 2340 1300 2395 bainbiniauae
1325 2343 1361 2399 ad

209 2407 240 2464 h.
261 2409 281 2462 1.
301 2417 343 2464 est
357 2357 412 2474 lis,
442 2410 562 2463 fortasse
588 2425 742 2479 operarum
768 2424 877 2462 errore.
919 2408 975 2462 Est
996 2407 1076 2476 haec,
1103 2428 1190 2480 quam
1213 2410 1361 2471 exhibebi-

210 2496 286 2545 mus,
317 2479 467 2533 annotatio
493 2497 528 2532 ex
551 2480 684 2532 Lambini
712 2480 790 2532 curis
813 2479 957 2544 secundis,
990 2497 1061 2549 quas
1083 2498 1142 2535 uon
1166 2481 1281 2550 additas·
1298 2501 1360 2541 esse

208 2550 463 2605 editionilileinii
481 2567 545 2620 non*
559 2550 651 2605 semel
675 2551 830 2604 doluimus.
870 2552 929 2604 Mr.
1033 2572 1037 2577 ·
1202 2574 1205 2581 ·
1281 2590 1285 2597 .
1348 2557 1350 2561 ⁴

279 2646 416 2708 tyrcanus
440 2640 501 2705 ipse
523 2641 714 2705 iudicavit,
742 2656 824 2710 quom
849 2646 919 2693 esset
946 2639 1068 2707 beatus]
1104 2641 1174 2707 „Sic
1190 2640 1360 2716 legendum,

207 2719 242 2763 ut
261 2717 290 2762 et
307 2718 389 2762 antes
408 2709 495 2774 edidi,
523 2720 553 2764 et
571 2720 602 2762 ut
629 2710 736 2764 habent
760 2711 919 2781 pleraeque
938 2711 1088 2767 editIones.
1115 2712 1358 2781 s'psesfnde'cacs‘t,

207 2796 266 2834 non
285 2779 345 2847 ipse
362 2779 516 2846 iudicavit,
541 2783 673 2852 quamvis
693 2782 831 2835 nonnulli
849 2780 935 2836 codd.
954 2780 1031 2836 MSS.
1050 2783 1097 2837 ita
1113 2782 1244 2835 babeant.
1281 2785 1359 2839 Nam

208 2852 351 2905 sententia
377 2857 406 2904 et
430 2853 504 2904 ratio
528 2852 603 2906 hanc
629 2853 804 2922 scripturam
827 2853 977 2908 refellunt.
1018 2853 1080 2906 Hoc
1104 2853 1184 2908 enim
1209 2854 1359 2929 significat

207 2922 318 2987 Cicero,
337 2922 520 2993 Dionysium,
538 2923 677 2976 Damocle
696 2923 839 2977 collocato
864 2925 896 2977 in
922 2939 1008 2978 aureo
1033 2924 1121 2989 lecto,
1141 2930 1172 2976 et
1189 2925 1281 2978 iussis¹
1294 2927 1357 2979 illis

189 2993 344 3047 »formosis
362 2994 462 3064 pueris
481 2993 516 3047 ad
541 2997 669 3048 mensam
690 2995 944 3063 conquisitissimis
964 2995 1056 3064 epulis
1083 3001 1260 3049 exstructam
1280 3005 1358 3051 stare

207 3066 292 3133 eique
310 3065 480 3118 ministrare
499 3073 566 3130 etc,
585 3064 641 3118 hoc
660 3073 745 3135 pacto
770 3065 921 3131 indicasse,
947 3084 1033 3135 quam
1058 3066 1154 3129 miser·
1168 3075 1251 3119 esset.
1289 3067 1356 3120 Plus

206 3141 363 3204 astantem
388 3136 524 3200 indicare,
555 3153 641 3207 quam
663 3137 800 3190 iudicare.
837 3137 911 3189 Nam
936 3153 1035 3190 ornnes
1062 3138 1124 3190 iere
1142 3139 1263 3207 tyranni
1281 3139 1359 3191 iudi-

206 3210 275 3260 cant
294 3212 322 3258 et
340 3205 512 3280 intelligunt
531 3224 561 3260 se
580 3224 638 3259 esse
656 3207 788 3272 miseros,
814 3224 988 3277 suorumque
1015 3207 1157 3261 malorum
1182 3218 1218 3261 ac'
1239 3226 1357 3261 suarum

205 3277 392 3330 miseriarum
412 3277 469 3346 ipsi
495 3277 550 3331 sibi
573 3285 659 3331 testes
678 3295 711 3330 ac
729 3279 840 3331 conscii
867 3287 943 3330 sunt.
980 3276 1035 3331 Sed
1059 3277 1131 3332 baec
1149 3294 1207 3331 non
1226 3279 1358 3332 indicant

205 3348 306 3422 vulgo,
330 3349 412 3418 quin,
444 3355 583 3418 quantum
608 3356 735 3419 possunt,
770 3366 821 3401 sua
838 3348 914 3403 mala
932 3348 1004 3403 alios
1032 3349 1138 3415 celant,
1163 3350 1307 3420 vultuque
1328 3359 1357 3404 et

204 3421 303 3472 fronte
327 3426 358 3474 et
381 3419 476 3490 specie
498 3421 661 3473 fortunatos
688 3437 718 3472 se
739 3437 772 3471 ac
798 3419 895 3473 beatos
924 3437 984 3472 esse
1007 3437 1076 3488 prae
1105 3438 1135 3474 se
1153 3423 1262 3474 ferunt.
1300 3421 1356 3474 IIic

204 3491 215 3542 i
238 3490 300 3542 itur
317 3498 460 3561 tyrannus
483 3506 541 3543 non
564 3490 657 3543 solum
683 3508 713 3544 se
741 3491 881 3542 miserum
905 3507 966 3543 esse
992 3491 1134 3543 iudicavit
1162 3491 1211 3544 sed
1230 3492 1355 3547 idfacto

204 3508 259 3613 illo
278 3562 384 3615 ceteris
403 3560 564 3615 declaravit
582 3568 610 3614 at
632 3579 667 3614 ue
686 3561 836 3614 indicavit.
854 3560 1012 3616 ¹Praeterea
1032 3561 1172 3615 iudicent
1184 3578 1266 3629 prtum
1284 3569 1357 3615 esset

204 3633 309 3697 beatus,
329 3649 388 3684 non
407 3634 545 3686 convenit
563 3633 604 3685 ita
613 3580 711 3700 loqui.
732 3631 855 3685 dixisset
874 3632 952 3685 enim
971 3632 1071 3702 potius
1095 3632 1235 3687 iudicauit
1250 3648 1283 3686 'se
1301 3650 1356 3686 uon

203 3720 265 3756 ease
283 3703 398 3756 dentum.
435 3704 587 3759 Indicant
606 3719 687 3771 quum
706 3709 778 3756 esset
796 3703 891 3755 beatus
917 3709 1014 3755 autem
1034 3710 1063 3757 et
1081 3703 1193 3756 Latinis
1211 3705 1354 3761 usitatum

203 3781 248 3827 est
265 3773 400 3843 loquendi
421 3792 521 3849 genus,
556 3782 584 3827 et
608 3773 713 3827 bellem
731 3773 819 3826 habet
837 3775 969 3826 ironiam.
1007 3774 1159 3828 Postremo
1178 3776 1266 3829 verba
1290 3775 1353 3839 illa,

202 3862 274 3914 quae
293 3845 485 3915 intraposita
504 3853 580 3909 sunt,
601 3843 656 3897 ibi:
684 3844 764 3898 Sutia
781 3844 892 3896 videtur
914 3844 1074 3898 declarasse
1091 3845 1253 3915 Dionysius,
1280 3843 1355 3899 nitu

202 3932 259 3968 ease
282 3918 310 3969 ei
334 3917 452 3981 beatum,
487 3914 534 3968 cui
560 3931 666 3982 semper
690 3915 797 3984 aliquis
820 3921 916 3968 terror
943 3915 1122 3981 impendeat?
1152 3917 1221 3970 satis
1248 3932 1353 3991 magno

157 3988 162 3993 ’
200 3993 374 4062 argumento
394 3994 472 4053 sunt,
490 3985 541 4038 hic
559 3986 715 4060 legendum
736 4002 796 4038 esse
815 3986 993 4039 indicauit.“
1012 3985 1138 4039 lambio.
1174 3987 1352 4053 ,‚1udiccus‘t

145 4090 149 4097 -
200 4056 314 4129 Gryph.
341 4067 370 4111 et
387 4059 497 4114 Victor.
525 4058 668 4128 quomodo
692 4056 849 4130 legendum
870 4063 950 4127 puto.
987 4056 1057 4110 Fuit
1080 4057 1160 4111 enim
1184 4058 1262 4111 illud
1278 4058 1355 4112 s'uds‘-

200 4131 282 4195 cium,
307 4144 367 4182 non
390 4128 535 4183 iudicium.
574 4127 699 4181 Gravius
726 4135 822 4180 autem
846 4136 899 4193 est,
934 4126 1065 4180 s'udt'core
1083 4128 1118 4181 de
1138 4145 1177 4194 se,
1202 4147 1290 4199 quam
1308 4126 1353 4181 ἰη-

200 4201 311 4254 diceres
330 4201 361 4254 id
379 4201 457 4254 enim
477 4215 534 4253 non
554 4198 649 4253 solum
666 4197 800 4251 homines
820 4215 904 4268 saepe
923 4215 990 4251 casu
1009 4207 1037 4251 et
1056 4207 1174 4264 temere,
1194 4200 1245 4253 sed
1263 4199 1352 4257 inviti

201 4273 289 4324 etiam
307 4268 427 4346 agunt.“
446 4271 528 4323 Brut.
558 4269 681 4334 „Multis
701 4269 857 4322 verborum
868 4268 1089 4322 velitationibus
1109 4267 1246 4323 defendat
1265 4286 1350 4322 suum

198 4341 269 4395 licet
291 4340 430 4396 indicauit
448 4341 617 4406 Lambinus;
644 4338 720 4391 mibi
738 4341 868 4409 potiores
893 4339 1047 4392 ferentarii
1067 4347 1134 4392 sunt
1145 4340 1274 4394 Palatia.
1294 4356 1349 4393 sec.

198 4421 268 4468 tert.
294 4419 388 4483 quart.
414 4414 507 4466 Vatic.
535 4410 650 4482 Gryph.
669 4410 755 4475 liber,
784 4410 910 4463 Victorii
929 4409 1052 4464 editio.“
1073 4407 1153 4463 Geel.
1190 4411 1352 4478 „iudicauit
