2856 5084
164 310 165 314 ¹
208 279 269 346 186
414 279 641 345 CICERONIS
662 278 910 348 TUSCULAN.
933 281 1165 347 DISPU'I'A'I'.

204 444 390 507 calamitate
410 464 540 528 semper
560 456 668 526 vacat,
699 446 758 509 sed
788 449 818 509 si
839 448 945 510 multo
972 449 1101 511 maiore
1123 467 1162 510 ex
1184 455 1280 527 parte
1303 469 1359 513 ex-

161 525 187 580 b·
208 529 331 590 stetin
352 538 496 610 utraque
516 529 675 592 felicitas:
697 533 749 591 sic
768 532 849 607 vite,
871 550 938 592 non
960 532 1068 593 solum
1088 531 1117 592 si
1138 530 1284 614 undique
1306 552 1359 595 re-

130 640 133 644 ι
163 632 166 638 ·
209 612 297 672 ferta
313 611 413 672 'bonis
435 621 494 686 est,
521 610 584 673 scd
603 615 632 674 si
659 614 762 675 multo
793 614 921 675 maiore
954 623 988 676 et
1019 615 1178 700 graviore
1199 633 1239 675 ex
1262 624 1360 696 parte

145 699 190 754 87.
210 692 296 757 bona
315 694 535 775 propendent,
556 695 653 756 beate
673 703 764 758 recte
792 693 858 757 dici
886 705 1004 776 potest.
1055 695 1222 777 Sequetur
1250 698 1359 782 igitur

209 819 448 831 ,...-..Q
456 823 492 828 .-.

277 863 361 916 Omni
380 866 552 934 tempestatis
570 863 744 932 calamitate]
781 865 876 937 Vulgo
900 863 996 918 emam.
1033 865 1071 916 At
1095 866 1215 918 omnino
1237 883 1360 937 sequen-

207 933 258 987 dus
276 943 319 987 est
336 935 437 988 Ursini
455 939 553 1000 listas,
572 937 752 1005 quodetiam
771 935 814 991 cl.
833 935 964 988 Bentleio
982 935 1141 989 ridebatur.
1177 935 1214 988 D.

277 1004 392 1059 omnir
409 1006 579 1074 tempestatis
598 1005 884 1077 calamitateremper
899 1005 1015 1073 occet]
1052 1006 1274 1072 „Probabiliter
1296 1025 1361 1061 cor·

207 1085 345 1129 rexerunt
363 1077 440 1132 omni
456 1078 606 1131 Bentleius
624 1088 653 1132 et
670 1077 811 1130 Davisius.
848 1077 996 1131 Posterior
1014 1078 1101 1130 etiam
1119 1077 1225 1131 merito
1264 1088 1362 1133 rectu-

167 1214 169 1222 ,
207 1146 245 1199 lit
268 1154 469 1272 aa‘qat,Bqu}qm
493 1149 704 1202 correctionem
727 1140 846 1201 firment
869 1148 927 1201 duo
952 1147 1038 1204 Oedi.
1058 1149 1138 1201 Leid.
1167 1156 1197 1202 et
1214 1096 1267 1202 Ed.
1296 1167 1362 1204 mea

207 1225 297 1274 retus.
383 1235 417 1273 ou
439 1259 446 1272 .

275 1289 351 1343 amai
369 1317 402 1328 -
420 1290 519 1357 occat]
557 1288 641 1344 Omni
665 1289 730 1343 dedi
755 1307 822 1343 cum
839 1290 910 1345 Dav.
933 1291 1006 1343 Era.
1036 1306 1117 1360 seqq.
1146 1307 1181 1343 ex
1204 1290 1272 1344 cod.
1290 1291 1357 1345 Urs.

206 1366 235 1413 et
252 1377 310 1412 uno
328 1360 378 1413 Ox.
406 1362 440 1414 ln
459 1361 624 1415 Codltlarb.
645 1360 756 1436 legitur
773 1363 862 1416 omnir
878 1363 1080 1429 potestatis
1097 1361 1270 1427 calamitate,
1280 1379 1360 1415 xcurn

204 1446 262 1483 uuo
281 1432 345 1496 0x.3
365 1431 437 1485 alius
455 1432 505 1485 Ox.
524 1431 610 1484 habet
627 1432 716 1486 cmais
730 1434 846 1502 pestis
863 1432 1030 1498 calamitate,
1056 1433 1105 1486 Ox.
1126 1433 1160 1484 D.
1188 1441 1218 1486 et
1237 1435 1311 1486 Mon.
1331 1439 1357 1489 1.

205 1506 242 1554 et
261 1504 431 1569 tempestate
449 1509 479 1556 et
495 1501 664 1556 calamitate.
691 1503 759 1557 God.
778 1502 883 1555 Duisb.,
903 1504 1015 1556 omittit
1032 1502 1156 1571 Semper.
1192 1499 1287 1571 Edidi¹
1308 1520 1360 1558 aa·

118 1618 128 1634 ,
204 1577 249 1626 rat
272 1589 339 1642 cum
356 1573 428 1627 Edd.
452 1576 481 1626 l’.
500 1574 571 1626 Dav.
598 1575 670 1626 Era.
698 1575 747 1643 (ex
765 1573 879 1641 Gueli.)
904 1591 982 1644 seqq.
1005 1591 1041 1627 ex
1066 1591 1116 1628 sex
1133 1576 1204 1628 Oxx.
1223 1575 1309 1628 Vind.
1330 1578 1358 1632 2.

203 1643 272 1718 Reg.
292 1640 365 1696 Gud.
387 1649 410 1700 l.
430 1647 457 1701 2.
477 1644 563 1697 Merb.
582 1643 672 1699 Rchd.
693 1644 772 1706 (tud.
785 1645 881 1697 Duisb.
902 1648 977 1699 Mon.
998 1650 1023 1700 1.
1043 1645 1074 1702 2.
1107 1646 1168 1702 Mr.

273 1713 388 1784 Semper
404 1714 499 1783 vacat]
536 1715 629 1792 Vulgo
648 1720 732 1768 vacet.
771 1713 827 1770 Sed
844 1716 969 1770 alterum
986 1715 1089 1769 volunt
1106 1718 1175 1791 Reg.
1204 1717 1355 1771 Pitheean.

203 1785 276 1837 Med.
295 1787 393 1839 Ursin.
413 1796 442 1838 et
460 1789 586 1840 Petrens.
623 1788 710 1841 Recte
729 1786 859 1858 quidem:
878 1787 929 1842 hic
948 1787 1035 1852 enim,
1061 1796 1095 1840 ut
1114 1788 1144 1839 in
1163 1789 1279 1856 ceteris,
1303 1805 1359 1860 po-

206 1855 332 1908 stulatur
350 1857 497 1911 indicandi
514 1858 623 1911 modus.
660 1858 733 1911 Dae.

272 1925 329 1980 Sed
352 1929 380 1982 si
402 1929 485 1982 multo
510 1928 618 1983 maiore
640 1944 675 1981 ec
697 1935 778 1995 parte
800 1925 903 1994 exstat]
940 1927 1015 1994 „Sic
1038 1928 1130 1980 malui
1156 1929 1265 2001 partim
1292 1948 1359 1986 cum

202 1997 351 2064 lambino,
378 2000 486 2068 partim
511 2017 578 2053 cum
601 1999 730 2052 Victoria
759 2006 788 2052 et
810 1999 896 2052 Pelet.
924 1999 1013 2068 prim.
1038 1999 1153 2056 secund.
1173 2008 1242 2055 tert.
1261 2011 1357 2072 quart.

202 2069 330 2121 Vatican.
368 2068 464 2143 Vulgo
488 2068 608 2123 maiori
633 2084 666 2122 ex
692 2076 775 2140 parte
802 2069 957 2124 -ex·slel.“
983 2068 1065 2123 Geel.
1102 2071 1156 2124 Est
1184 2072 1294 2127 maiore
1310 2073 1359 2136 ¹in

203 2137 290 2194 codd.
312 2148 341 2193 et
359 2140 391 2192 in
407 2141 478 2194 Edd.
497 2142 532 2196 E.
552 2141 584 2194 1..
603 2141 668 2194 Fre.
687 2140 770 2194 Febr.
791 2141 883 2194 Gebh.
901 2142 971 2194 Dav.
991 2159 1087 2211 seqq.;
1116 2146 1209 2195 scelat
1233 2143 1305 2198 item
1323 2145 1357 2196 in

202 2210 300 2276 code,
319 2212 375 2263 nisi
394 2212 471 2281 quod
488 2212 575 2267 Marb.
596 2219 625 2264 et
642 2230 715 2263 unus
734 2212 784 2265 Ox.
804 2211 909 2265 habent
929 2210 1051 2278 cristol.
1071 2213 1200 2284 itemque
1226 2214 1258 2266 in
1282 2213 1357 2269 Edd.

200 2289 271 2336 vett.
291 2281 449 2352 plerisque,
468 2282 595 2353 exceptis
613 2285 650 2335 Μ.
671 2291 701 2336 et
718 2283 751 2334 1..
772 2290 802 2335 et
819 2283 892 2352 quae
911 2300 956 2336 ees
974 2291 1143 2352 sequuntur,
1156 2335 1158 2339 ,
1170 2284 1233 2337 Gar.
1253 2284 1356 2357 Steph.

201 2351 267 2405 Ald.
285 2352 366 2408 Boul.
387 2354 467 2423 Sylb.
487 2354 573 2407 Leod.
592 2351 706 2406 Lembb.
725 2352 812 2406 Goth.
833 2353 955 2410 HWolf.
991 2354 1025 2406 In
1055 2354 1121 2407 eod.
1143 2354 1219 2412 Gud.
1245 2357 1360 2410 excide·

202 2430 272 2475 runt
289 2422 377 2476 verba
394 2422 489 2477 cedei
506 2425 591 2477 multo
609 2441 700 2494 usque
722 2424 758 2475 ad
776 2423 858 2477 bonis
885 2430 942 2490 eet,¹
953 2417 1110 2478 ‘aberrante
1134 2425 1248 2478 librarii
1272 2428 1357 2481 oculo

202 2511 219 2548 a
235 2495 335 2565 priore
353 2495 404 2547 sed
421 2494 456 2547 si·
469 2495 503 2548 ad
520 2494 670 2565 posterius.
690 2493 780 2549 Rehd.
800 2494 912 2548 omittit
929 2511 972 2560 ex,
1004 2497 1078 2548 Mon.
1099 2499 1123 2550 1.
1143 2513 1210 2549 cum
1226 2513 1285 2549 unc
1304 2499 1357 2551 Ox.

202 2565 315 2618 omittit
332 2565 367 2619 si.
396 2565 463 2619 (lod.
484 2568 558 2619 lllon.
576 2568 602 2620 2.
621 2564 709 2618 habet
725 2565 858 2630 refercta.
893 2565 973 2630 Quod
992 2565 1124 2635 sequitur
1141 2568 1170 2621 si
1187 2575 1253 2620 ente
1270 2568 1360 2621 multo

202 2635 280 2688 abest
303 2635 337 2687 ab
360 2652 417 2688 uno
445 2637 495 2690 Ox.
516 2635 690 2690 Geel—Rebi.
714 2635 801 2688 habet
818 2637 953 2704 grauiore
979 2642 1007 2689 et
1034 2637 1152 2695 maiore.
1188 2638 1223 2690 ln
1240 2643 1360 2692 antece-

203 2705 335 2828 dentibqs
353 2705 473 2832 Gudjni.
490 2706 577 2760 habet
593 2713 731 2774 utroque
748 2722 802 2776 pre
821 2705 977 2777 utraque}
995 2707 1072 2759 idem
1090 2724 1145 2761 non
1163 2705 1248 2761 babet
1265 2708 1358 2761 verba

203 2793 258 2832 eoa
276 2792 375 2830 raam.
397 2797 400 2802 ·
449 2793 472 2833 r.
678 2786 684 2796 '
962 2789 966 2796 '
1306 2801 1309 2805 ·

216 2888 219 2895 .
272 2848 342 2902 bona
367 2849 568 2916 propendeat}
600 2849 621 2902 i.
641 2866 666 2902 e.
679 2848 926 2919 praeponderent.
964 2846 1013 2901 Sic
1040 2856 1070 2902 et
1096 2856 1138 2901 est
1161 2864 1246 2918 supra
1264 2864 1290 2900 c·
1310 2852 1355 2904 17.
1411 2852 1416 2869 ¹

158 2949 160 2952 >
201 2919 259 2974 MS.
280 2919 378 2974 Guelf.
396 2920 483 2974 habet
498 2918 687 2990 perpenderit,
705 2918 780 2973 uude
798 2919 934 2972 coniicias
952 2917 1109 2995 legendum
1123 2919 1359 2989 propenderiat.“

201 2991 271 3044 lira.
307 2991 369 3043 Duo
388 2992 457 3044 Oxx.
474 2991 675 3061 propendeant,
703 2992 778 3043 Mon.
797 2992 824 3044 2.
849 2991 1068 3058 propenderent:
1096 2989 1173 3059 quod
1200 2991 1281 3042 iavet
1297 2990 1356 3043 Er-

201 3062 277 3114 nesti
301 3063 492 3114 coniecturae.
515 3064 564 3116 *In
579 3062 665 3115 Vind.
687 3065 710 3116 1.
737 3070 779 3113 est
805 3059 898 3136 glossa
918 3061 1154 3130 praeponderavit,
1179 3060 1212 3110 in
1231 3061 1304 3115 Gud.
1325 3063 1352 3116 2.

198 3132 373 3199 perpendent.
392 3132 445 3183 Ed.
463 3134 492 3184 Ρ.
513 3133 583 3185 fecit
603 3149 670 3184 cum
687 3132 748 3184 illis
765 3132 845 3196 Oxx„
863 3131 936 3184 Edd.
954 3132 988 3188 A.
1001 3133 1031 3185 B.
1048 3130 1076 3185 S.
1087 3131 1122 3183 Ε.
1141 3131 1225 3184 dunt.
1246 3132 1309 3184 Asc.
1329 3137 1355 3186 l.

200 3204 272 3254 ven.
292 3210 381 3254 nostr.
400 3202 507 3254 habent
521 3203 705 3270 propendunt.
726 3203 793 3256 Ocd.
812 3202 910 3255 Duisb.
931 3203 1048 3256 exhibet
1072 3207 1146 3257 recte
1164 3201 1254 3255 beata.
1291 3203 1355 3256 Mr.

271 3271 417 3342 Sequitur
434 3271 528 3341 igitur
545 3271 642 3327 loram
659 3272 786 3338 ratione]
824 3273 899 3338 „Hic
925 3271 1081 3348 legendum
1109 3282 1167 3325 esse
1193 3272 1357 3326 bonerum

201 3344 313 3398 ratione
338 3351 367 3396 et
389 3343 531 3396 librorum
557 3345 711 3398 auctoritas
736 3351 765 3397 et
782 3345 862 3396 locus
887 3343 899 3395 i
920 3361 949 3396 se
968 3341 1109 3397 evincit.“
1136 3341 1240 3396 Scbctt.
1279 3343 1354 3398 Nod.

132 3453 143 3478 1
201 3415 261 3469 cic.
282 3416 319 3468 11.
341 3418 384 3470 20.
422 3417 463 3468 Ut
490 3415 629 3499 iudicavit
648 3414 838 3482 [iudicavit‘i]
866 3361 1011 3479 Sciamus,
1035 3413 1200 3488 legendum.
1243 3413 1357 3498 Habent

201 3485 484 3610 tttltltlttt·
502 3486 863 3632 stetissetis·
882 3482 1358 3620 {fletttmllttlsltttz

201 3628 325 3711 sentiant
344 3628 375 3678 in
393 3629 534 3693 botrorum,
553 3628 677 3710 adeoque
695 3627 748 3680 Ed.
767 3644 830 3679 mea
847 3634 905 3684 vet.
922 3635 954 3710 et
968 3626 1049 3709 alu,
1073 3625 1134 3696 sine
1153 3625 1240 3678 dubio
1258 3633 1357 3710 umeri

199 3697 711 3839 eset.1:‘¹u.sss..t?tm,
728 3700 793 3821 ts
1013 3696 1355 3831 stetisset

138 3884 141 3890 ,
199 3841 315 3894 omnino
334 3839 519 3894 tacuerunt.“
541 3837 631 3894 Boab.
667 3839 822 3909 Sequetur
844 3838 910 3891 dedi
933 3855 1001 3890 oum
1020 3837 1106 3891 Gedd.
1132 3846 1161 3890 et
1177 3836 1252 3891 Edd.
1279 3854 1295 3890 o
1316 3837 1357 3888 ti-

199 3911 255 4033 fflis
272 3911 564 4037 ΡὲυτῦιηξεξιιίἁᾱΕεῙξ
581 3919 678 4033 tqqmeBn
698 3909 827 4034 geqqqiteq·
850 3909 881 4031 iqr
899 3909 996 4029 qribus
1015 3909 1085 4031 023.
1099 3907 1248 4033 Xindli.2
1262 3906 1354 4032 and.

229 3998 443 4037 on..u1s.·
517 3999 881 4037 .....un.
926 3996 1079 4033 en.n0s.
1125 3996 1354 4032 sc....

268 4053 381 4108 Horum
399 4053 528 4118 ratione]
565 4052 830 4123 Peripateticorum.
868 4050 963 4126 Vulgo
985 4052 1118 4104 benorum
1139 4047 1260 4102 ratione.
1298 4048 1355 4102 Sed

110 4164 119 4172 ,
203 4124 323 4177 alteram
333 4125 497 4178 ‘lectionem
522 4141 557 4176 ex
581 4123 725 4176 veteribus
743 4123 827 4176 editis
849 4121 1040 4175 revocandam
1065 4138 1125 4175 esse
1143 4121 1186 4174 Ol.
1204 4119 1354 4172 Bentleius

203 4203 281 4248 recte
299 4196 407 4250 statuit.
444 4195 481 4248 D.
901 4237 903 4240 <

275 4265 400 4318 Horum
426 4264 551 4333 ratione]
588 4265 665 4330 „Sic
692 4264 820 4318 correxit
837 4263 986 4316 Bentleius
1003 4263 1162 4334 probatque
1179 4262 1264 4326 Bub.,
1300 4262 1353 4314 etsi

204 4352 309 4402 ornnes,
328 4338 428 4401 nteit,
454 4336 524 4389 libri
550 4336 672 4390 habeant
695 4336 827 4390 bonorum
851 4334 901 4387 vel
924 4332 1068 4387 bonorum.
1105 4341 1144 4385 At
1168 4332 1226 4387 MS.
1253 4332 1352 4387 Guelf.

202 4407 287 4476 plane
304 4405 389 4460 habet
407 4404 513 4471 dorum,
533 4408 607 4462 unde
626 4409 743 4472 factum,
761 4406 844 4460 velut
863 4405 1067 4475 ecompendio‚
1087 4402 1236 4476 bonorumq
1249 4403 1355 4457 deinde
