2856 5084
202 275 265 343 aaa
550 270 765 364 arculam
790 271 1001 342 auarum

201 439 305 492 ticulas
328 436 494 501 consistitis,
521 454 579 490 non
604 437 738 506 equidem
765 455 904 513 repugno.
940 437 996 491 Sed
1020 437 1042 489 si
1067 435 1102 489 ad
1129 437 1186 489 alia
1211 436 1353 501 transitis,

202 511 278 580 quod
296 509 385 562 maius
403 509 517 582 signum
542 526 600 560 esse
618 511 727 578 poterit
754 510 784 562 id
801 526 952 580 perperam
970 509 1054 573 fieri;
1086 526 1172 577 quam
1201 509 1278 577 quod
1297 509 1355 579 ipsi

201 581 321 664 Cornici,
346 580 421 685 qpud
439 597 508 649 quos
526 580 612 649 plena
630 580 866 655 Archaismorum
890 598 970 655 seges
989 588 1042 645 est,
1069 597 1226 648 numquam
1247 581 1288 632 ita
1306 580 1352 636 lo-

201 660 262 705 cuts
280 659 360 703 sunt.

272 738 338 807 Cap.
358 741 402 794 26.
440 739 519 793 Quod
537 745 638 801 tamen,
657 747 691 790 ut
708 737 789 791 babet
807 756 834 792 se
853 756 909 804 res,
928 755 971 791 me
989 745 1080 790 tamea
1095 738 1242 806 plaudente
1261 735 1354 803 dicit]

202 809 351 863 Sententia
370 826 427 861 non
446 818 526 861 recte
543 808 682 877 procedit.
720 812 808 884 Lege,
837 817 916 863 utut
940 807 1019 861 babet
1043 824 1072 860 se
1096 827 1149 872 res,
1177 826 1219 859 ave
1245 814 1355 872 tamem

200 879 256 933 hoc
276 888 326 944 est,
354 886 499 949 atcumque
523 878 603 932 babet
629 895 658 931 ee
686 897 742 944 ree,
775 882 903 949 quamvis
922 897 979 933 non
998 889 1110 932 constet
1134 879 1186 930 sibi
1206 880 1276 948 ipse,
1305 881 1355 931 sed

199 970 250 1003 sua
268 951 400 1022 dogmata
419 959 538 1003 evertat.
558 951 675 1002 Terent.
696 953 795 1006 Heaut.
817 951 839 1015 1,
860 955 884 1006 Ἰ.
911 953 951 1004 Ut
969 959 1001 1002 ut
1021 957 1092 1013 erat,
1112 966 1238 1001 mansam
1256 958 1355 1002 tamen

199 1023 327 1090 oportuit.
347 1021 461 1076 Phorm.
481 1023 534 1085 Ill,
553 1026 578 1078 2.
615 1020 672 1073 Sed
689 1030 722 1072 ut
741 1031 773 1072 ut
791 1020 858 1074 baec
877 1029 948 1087 sant,
967 1031 1064 1074 tamen
1082 1020 1131 1073 ltoc
1149 1020 1264 1086 faciam.

271 1110 336 1181 Cap.
355 1112 399 1164 27.
437 1108 500 1162 Sint
519 1123 587 1160 sane
605 1109 658 1161 illa
676 1126 782 1176 genera
801 1111 946 1162 banorum.-
967 1113 1032 1163 dum
1050 1109 1178 1177 corporis
1197 1115 1223 1161 et
1240 1117 1354 1162 externa

200 1183 308 1235 iaceant
326 1179 410 1245 latmi,
430 1187 455 1231 et
474 1181 663 1231 tautummodo
683 1184 748 1248 quia
767 1182 895 1232 sumenda
913 1189 977 1234 sant
996 1182 1169 1246 appellentur
1187 1181 1274 1243 boam·
1294 1182 1355 1234 alia

200 1257 293 1306 autem
311 1251 408 1317 diviua
426 1250 479 1303 illa
499 1253 579 1316 louge
598 1250 703 1317 lateque
721 1268 750 1302 se
767 1252 894 1318 pandant
915 1250 1069 1320 caelumque
1098 1251 1272 1317 contingant:
1300 1251 1352 1319 [ut]

200 1338 234 1376 eu
252 1323 298 1391 qai
322 1324 439 1390 adeptus
464 1320 512 1384 sit,
540 1338 589 1372 car
617 1338 676 1373 eam
695 1322 806 1374 beatum
832 1325 913 1376 ruodo
934 1332 960 1374 et
979 1339 1033 1375 aaa
1055 1323 1243 1375 beatissimam
1270 1321 1355 1375 etiam

200 1393 343 1447 dixerim?
373 1392 429 1460 ,sic
446 1392 543 1443 locum
562 1393 741 1462 interpunxi,
770 1402 803 1444 ut
820 1394 868 1444 vel
887 1395 979 1464 prima
999 1395 1095 1445 fronte
1115 1402 1250 1463 appareat
1268 1389 1298 1446 τὸ
1318 1399 1354 1445 at

199 1463 318 1517 officere
345 1463 512 1526 sententiae,
541 1471 570 1515 ct
593 1462 712 1533 proinde
743 1480 801 1515 esse
819 1463 981 1519 delendum.
1020 1466 1059 1517 Et
1079 1463 1150 1516 olim
1176 1464 1293 1531 quidem
1312 1464 1354 1516 sic

199 1535 401 1588 emendaverat
419 1533 587 1599 Lambinus,
613 1533 723 1603 sprevit
745 1550 815 1587 vero
835 1534 1010 1601 Gebhardus,
1036 1535 1087 1605 qui
1114 1533 1191 1586 nihil
1209 1535 1288 1588 ultra
1306 1551 1354 1588 co·

201 1605 278 1660 dices
297 1622 394 1676 sapere
413 1621 494 1655 ausus
514 1612 564 1656 est.
825 1614 828 1618 ·

272 1693 343 1746 Ibid.
382 1693 456 1747 Quae
475 1697 515 1744 est
534 1691 650 1758 victrix,
678 1708 709 1747 ea
727 1695 801 1746 laeta
816 1694 1044 1762 praecaventibus
1061 1695 1120 1747 suiv
1136 1709 1194 1746 aaa
1212 1710 1273 1746 eum
1291 1694 1353 1747 vira

200 1765 230 1820 iu
248 1780 348 1831 rogum
366 1761 536 1829 impertitura
557 1764 608 1814 illa
627 1765 703 1816 vieta
722 1773 827 1818 maesta
847 1765 991 1830 discedit]
1021 1765 1140 1817 Dixerat
1159 1764 1258 1834 paullo
1277 1772 1352 1830 ante,

199 1835 298 1890 Plures
317 1833 388 1886 enirn
408 1833 529 1898 singulis
546 1835 634 1887 soleat
654 1852 711 1890 esse
730 1843 843 1903 nuptae:
864 1837 1012 1906 reliquum
1031 1844 1073 1888 est
1092 1836 1195 1908 igitur,
1215 1843 1248 1887 ut
1267 1835 1352 1901 dicat,

115 1912 117 1916 “
198 1907 272 1962 Illae
289 1908 379 1958 victae
397 1911 522 1957 maestae
541 1906 693 1960 discedunt.
742 1913 746 1919 '

271 1994 337 2064 Cap.
358 1996 401 2048 30.
437 1993 520 2046 Nihil
543 1995 640 2046 bovum
663 1993 720 2048 nisi
743 1998 917 2062 voluptatem,
943 2001 973 2047 ut
993 1995 1137 2061 Epicurus,
1162 1989 1237 2048 nibil
1254 1995 1354 2048 bouum

200 2058 259 2120 nisi
276 2066 451 2126 vacuitatem,
479 2071 509 2117 at
529 2066 734 2136 Hieronymus]
771 2067 920 2118 Editiones
944 2066 1100 2136 pleraeque
1125 2066 1211 2135 plene
1236 2065 1353 2132 habent,

199 2136 367 2190 vacuitatem
386 2134 512 2208 violaris.¹
539 2134 631 2205 Atqui
648 2137 726 2188 abest
745 2137 777 2189 ab
797 2138 926 2189 omnibus
944 2137 1154 2206 Manuscriptis,
1174 2137 1355 2205 inquitGeb-

198 2208 316 2261 hardus:
343 2207 414 2275 quid
436 2215 500 2257 tum
524 2210 640 2276 postea?
666 2209 719 2259 etsi
743 2208 809 2278 hoa
824 2217 932 2260 temere
958 2206 1070 2259 dictum
1088 2208 1134 2274 sit,
1161 2225 1225 2258 narn
1254 2208 1285 2259 in
1302 2216 1353 2260 tuo
1388 2259 1393 2264 ,

198 2281 252 2332 illo
277 2278 382 2332 eximio
411 2286 498 2329 extat.
536 2278 569 2330 ld
592 2279 751 2346 quaeritur,
780 2297 845 2330 cum
873 2279 907 2330 de
925 2279 1098 2348 Hieronymi
1125 2280 1269 2330 sententia
1286 2279 1353 2330 satis

199 2359 322 2412 constet,
348 2366 384 2400 an
402 2348 476 2400 illud
495 2348 515 2400 d
521 2351 636 2402 oloris
656 2351 746 2405 taceri
764 2350 814 2401 hic
834 2359 863 2401 et
881 2349 1060 2422 subintelligi
1079 2351 1226 2402 commode
1253 2349 1351 2418 possit.

198 2423 262 2496 Ego
280 2435 350 2472 vero
368 2436 452 2492 nego,
473 2435 510 2470 ex
527 2421 674 2472 communi
693 2421 831 2490 loquendi
850 2438 949 2472 norma
968 2419 1090 2473 Dolorie
1107 2421 1204 2489 potius
1221 2420 1271 2472 hic
1289 2419 1354 2472 sub·

199 2491 338 2564 intelligi,
369 2507 456 2558 quam
473 2489 633 2557 voluptatis.
671 2493 772 2560 Neque
793 2491 963 2543 Ciceronem
990 2492 1031 2542 ita
1054 2492 1199 2560 scripsisse
1225 2492 1275 2543 vel
1292 2509 1355 2543 sex·

199 2563 291 2617 centis
310 2559 448 2612 [librariis
471 2562 556 2612 fidem
584 2561 719 2613 habuero.
758 2563 830 2615 Cum
856 2564 934 2614 enim
957 2563 1083 2614 vacuitas
1110 2563 1170 2632 ipsa
1187 2578 1241 2632 per
1259 2579 1288 2614 se
1307 2579 1355 2613 va·

199 2651 268 2710 gum
288 2630 423 2701 quiddam
442 2639 471 2682 et
490 2632 744 2683 indeterminatum
765 2635 810 2698 sit,
831 2634 881 2701 qui
900 2641 975 2685 tacet
993 2650 1026 2685 ac
1044 2649 1101 2684 non
1115 2633 1241 2686 declarat
1260 2631 1355 2685 cuius·

200 2722 267 2757 nam
285 2701 329 2754 rei
347 2701 523 2753 vacuitatem
541 2703 623 2766 velit,
643 2703 667 2753 is
685 2706 816 2772 profecto
836 2703 912 2755 nihil
931 2704 1011 2755 dicit.
1049 2703 1107 2755 Cur
1126 2712 1222 2756 autem
1239 2706 1354 2768 Noster,

198 2775 248 2828 ubi
273 2773 348 2826 hanc
373 2772 545 2840 Hieronymi
571 2774 742 2825 sententiam
767 2775 879 2846 saepius
908 2776 1015 2839 refert,
1043 2791 1181 2842 nusquam
1205 2774 1274 2826 alibi
1299 2773 1354 2825 hac

200 2843 359 2917 aposiopesi
377 2844 493 2896 utitur?
522 2852 555 2895 ut
578 2844 702 2897 DeFin.
724 2847 807 2909 11,5.
845 2845 879 2898 Si
903 2849 978 2899 enim
1001 2846 1075 2898 idem
1100 2845 1171 2897 dicit
1194 2846 1268 2912 qreod
1285 2845 1355 2896 Hie·

198 2930 343 2987 ronymus,
370 2913 418 2986 qai
442 2921 532 2967 censet
557 2930 689 2968 maeviam
717 2918 814 2969 bouum
832 2933 892 2969 esve
910 2919 972 2969 sine
998 2915 1075 2969 amai
1097 2916 1226 2968 molestia
1245 2916 1353 2981 vivere;

197 3005 250 3043 cur
268 2986 374 3041 mavult
394 2982 489 3039 dicere
506 2986 681 3052 voluptatem,
710 3004 789 3055 quam
807 2988 1018 3040 vacuitatem
1036 2987 1195 3040 doloris?
1221 2995 1250 3039 et
1278 3003 1354 3051 mox,

199 3061 270 3114 Oura
290 3056 401 3125 efficere
419 3073 472 3110 non
488 3058 588 3122 possit,
608 3064 638 3109 at
656 3056 786 3126 cuiquam
805 3059 931 3111 vacuitas
950 3058 1056 3110 doloris
1082 3065 1108 3110 et
1125 3058 1253 3126 voluptas
1278 3058 1354 3110 idem

197 3145 258 3184 esec
285 3128 425 3184 videatur.
453 3126 524 3178 lbid.
554 3144 576 3178 c.
598 3132 623 3183 6.
668 3128 846 3196 eoniungere
873 3129 981 3181 doloris
1010 3129 1185 3180 vacuitatem
1218 3145 1280 3181 cave
1308 3144 1355 3180 va-

198 3201 315 3268 luptate.
343 3217 370 3251 c.
393 3202 434 3252 ll.
462 3195 591 3264 callipio
617 3199 655 3250 ad
681 3201 812 3252 virtutem
831 3198 904 3252 nibil
922 3199 1062 3264 adiunxit,
1090 3199 1148 3253 uisi
1171 3201 1354 3266 voluptatem3

197 3269 356 3335 Diodorus,
375 3267 431 3322 uisi
448 3269 622 3321 vacuitatem
641 3269 756 3322 doloris.
778 3274 866 3325 c.'13.
893 3271 927 3323 In
946 3271 1084 3338 voluptate
1102 3286 1237 3322 auvvmum
1255 3273 1355 3324 bonum

196 3355 312 3414 ponere,
332 3346 528 3395 contemnentes
547 3338 632 3392 iatam
649 3340 814 3394 vacuitatem
833 3341 949 3395 doloris.
987 3343 1058 3394 lbid.
1079 3341 1134 3406 111,
1161 3343 1187 3395 2.
1224 3342 1282 3397 Qui
1305 3358 1356 3393 va·

197 3413 340 3466 cuitatem
359 3411 466 3464 doloris
484 3411 565 3474 finem
592 3412 724 3464 bonorum
742 3429 801 3465 esse
823 3412 977 3465 voluerant.
1005 3422 1033 3465 et
1053 3430 1077 3465 c.
1098 3415 1123 3468 9.
1153 3412 1221 3464 Cum
1240 3418 1290 3466 aut
1309 3428 1356 3463 vo-

198 3484 338 3551 luptatem,
358 3490 408 3536 aut
426 3481 600 3533 vacuitatem
619 3483 736 3546 doloris,
764 3490 811 3535 eat
830 3484 927 3550 prima
952 3490 1071 3536 naturae
1095 3484 1124 3535 ia
1142 3482 1258 3536 mmmis
1274 3481 1355 3536 baav't

196 3561 337 3623 ponerent.
376 3571 401 3606 c.
421 3555 462 3607 15.
485 3551 523 3604 Ut
541 3553 750 3618 invaletudine,
769 3561 799 3607 ut
818 3555 846 3606 ia
865 3554 1033 3623 integritate
1051 3569 1190 3620 sensuum,
1210 3561 1242 3606 ut
1259 3554 1289 3606 ia
1307 3555 1356 3606 do-

198 3625 269 3682 loris
287 3625 440 3678 vacuitate.
466 3622 538 3675 lbid.
558 3624 605 3688 IV,
625 3627 650 3678 8.
682 3625 768 3679 Quam
788 3627 888 3678 bovam
906 3625 1101 3691 valetudinem,
1121 3641 1202 3693 quam
1220 3625 1355 3678 dolorum

198 3693 328 3749 cranium
353 3695 537 3757 vacuitatem,
567 3710 648 3762 priam
672 3694 1026 3762 integritatemeeaauum.
1065 3714 1088 3749 c⁸
1111 3700 1153 3751 ll.
1173 3695 1356 3748 Desideraret

157 3786 158 3791 ¹
200 3766 275 3821 enim
293 3764 490 3827 valetudinem,
508 3765 682 3817 vacuitatem
702 3767 816 3822 doloris.
853 3785 877 3819 c.
904 3771 945 3824 13.
965 3767 1078 3821 Samma
1097 3771 1178 3818 aaut
1196 3767 1259 3830 illu,
1278 3769 1356 3819 vale-

198 3839 278 3901 tudo,
299 3839 423 3891 vacuitas
442 3834 557 3898 doloris,
575 3834 761 3902 pulchritudo,
782 3844 806 3891 el
824 3844 922 3894 cetera.
960 3855 984 3889 c.
1006 3842 1047 3893 lt.
1076 3839 1113 3892 Ut
1135 3853 1168 3890 ue
1191 3837 1219 3889 is
1244 3837 1355 3905 quidem

197 3910 301 3963 virtute
317 3924 371 3963 aaa
391 3912 532 3960 contentas
550 3906 598 3972 sit,
617 3909 667 3959 sed
685 3917 796 3977 appetat
814 3909 988 3961 vacuitatem
1007 3909 1121 3961 doloris.
1160 3925 1184 3959 c.
1197 3908 1240 3962 25.
1261 3908 1355 3974 linger

198 3982 373 4044 Aristonem,
393 3980 508 4032 Boaaue
528 3976 556 4031 ei
573 3978 720 4032 videantur
738 3978 813 4046 baec,
832 3982 958 4032 vacuitas
983 3980 1099 4043 doloris,
1124 3977 1253 4042 divitiae,
1279 3981 1363 4038 vala.

199 4054 288 4107 tuda?
307 4058 398 4120 reget.
434 4047 566 4117 Denique
585 4049 691 4103 ibidem
710 4053 744 4117 V,
765 4055 788 4106 5.
816 4049 964 4104 Praetereo
985 4052 1195 4119 Hieronymum:
1219 4065 1356 4101 ceramum

103 4159 129 4169 .-
198 4125 272 4176 evim
300 4125 399 4176 bouum
426 4121 562 4188 exposuit,
590 4120 766 4174 vacuitatem
792 4120 907 4173 doloris.
948 4121 1021 4186 Quid
1049 4125 1138 4196 ergo?
1163 4120 1300 4174 Totiesne
1325 4120 1382 4170 in'

200 4210 258 4247 uno
278 4194 312 4246 de
331 4193 449 4256 Finibus
474 4190 623 4242 volumine
649 4192 733 4261 plane
752 4192 891 4245 extulerit
917 4195 1084 4246 vacuitatem
1103 4191 1227 4258 detorta
1255 4190 1356 4244 hicio

197 4265 378 4328 Tusculanis,
397 4262 447 4314 ubi
466 4261 555 4314 semel
574 4261 721 4314 dumtaxat
740 4263 769 4315 id
788 4272 938 4328 ructuaret,
960 4264 1127 4316 vacuitatem
1138 4262 1221 4314 modo
1236 4261 1355 4325 dixerit,

199 4336 280 4388 cuius
298 4342 394 4386 autem
418 4333 463 4383 rei
481 4332 678 4393 divinandum¹
693 4334 797 4386 lectori
816 4334 990 4403 reliquerit?
1026 4334 1101 4400 Quin
1119 4333 1233 4385 valeant
1259 4333 1356 4402 potius

199 4420 266 4459 cum
284 4405 342 4457 suis
360 4401 514 4468 codicibus,
532 4404 584 4472 qui
601 4401 676 4456 hanc
695 4405 837 4457 maculam
855 4404 990 4459 Ciceroni
1008 4406 1124 4458 student
1142 4405 1269 4457 inurere.
