2856 5084
570 305 700 370 nisan
720 306 765 386 v,
791 305 842 372 aa
1230 303 1292 370 tea

136 474 174 535 in
185 473 279 536 malis
288 473 463 538 ultimumt
477 491 544 555 quo
557 470 733 535 referenda
745 472 812 534 sint
823 468 948 532 officiat
961 485 1046 550 quae
1058 464 1227 552 degendae
1239 487 1293 531 aea

137 559 217 616 tatis
228 558 315 617 ratio
338 555 519 640 deligenda.
560 555 687 618 Quibus
710 563 744 615 et
763 553 888 614 talibus
909 551 1010 614 rebus
1033 553 1205 632 exquisitis
1218 551 1291 627 ‚hoo
1308 549 1335 606 b·

134 639 191 700 vel
207 640 347 700 maxime
363 640 519 717 efficitur,
542 635 708 718 quodhac
720 635 947 717 disputatione
964 635 1107 730 aqimus,
1131 641 1170 694 ut
1180 635 1292 696 virtus

137 719 180 781 ad
195 721 294 782 beate
317 719 498 783 vivendum
527 723 572 783 sit
599 739 633 781 se
660 720 733 800 ipsa
764 725 929 780 contenta.
988 717 1147 796 bequitur
1179 718 1291 794 tertia,
1310 725 1354 780 ta.

135 822 219 883 quae
239 822 301 882 per
324 799 437 864 omnes
464 811 577 885 partes
607 802 789 882 sapientiae
812 797 923 860 manat
950 806 983 860 et
1005 796 1179 873 funditur'3
1210 818 1293 879 qnae

122 901 208 944 'rem
239 883 364 962 definit,
396 904 519 970 genera
550 884 717 964 dispertit,
751 882 922 963 sequentia
949 878 1113 965 adiungit,
1145 883 1293 960 perfecta

136 965 317 1044 concludit,
339 986 421 1029 vera
445 975 477 1031 et
499 966 578 1028 falsa
601 963 775 1042 diiudicat,
809 960 997 1025 disserendi
1018 963 1109 1022 ratio
1131 970 1165 1023 et
1186 959 1293 1023 scien-⁴
1377 981 1379 983 ·

136 1050 196 1111 tia.
240 1049 289 1109 Ex
309 1069 373 1130 qua
394 1069 496 1130 quum
517 1068 644 1111 summa
665 1047 794 1109 utilitas
817 1047 946 1107 exsistit
967 1042 1084 1107 adres
1105 1043 1293 1126 ponderan-

136 1127 207 1204 das,
230 1140 303 1192 tum
324 1133 465 1192 maxime
486 1132 632 1217 ingenua
653 1128 829 1191 delectatio
851 1136 887 1192 et
907 1125 1006 1212 digna
1019 1128 1192 1208 sapientia.
1225 1125 1293 1189 Sed

134 1316 215 1387 quid,
235 1317 381 1387 scripsisse
407 1317 573 1370 correctum
598 1333 656 1370 esse
681 1316 779 1368 locum
802 1315 950 1368 aDavisio
976 1322 1077 1367 contra
1095 1313 1195 1379 libros,
1224 1309 1292 1368 cnm

135 1395 199 1439 tres·
216 1387 338 1456 optimos
357 1388 409 1440 ille
427 1388 630 1454 nominaverit.
650 1387 689 1439 Et
709 1395 751 1440 est
769 1385 838 1458 qnid
857 1386 888 1438 in
908 1384 995 1459 Godd.
1012 1386 1085 1458 Reg.⁴
1103 1384 1177 1437 Gud.
1194 1385 1292 1440 Duisb.
1396 1421 1403 1432 .

136 1458 225 1510 Mart.
256 1458 341 1510 Bern.
367 1474 425 1510 uno
449 1459 499 1514 Ox.
525 1458 608 1510 Vind.
636 1462 659 1513 1.
679 1459 706 1512 2.
731 1460 807 1512 llllon.
828 1461 852 1511 l.
872 1460 898 1512 2.
928 1455 1000 1508 Edd.
1025 1455 1093 1507 Dav.
1119 1455 1189 1507 Ern.
1217 1455 1290 1508 Tbn.

136 1544 197 1582 non
217 1528 395 1598 improbante
415 1529 523 1583 Orellio
541 1528 576 1581 ad
593 1528 700 1585 Wolfii
719 1527 841 1580 scholas.
877 1528 958 1580 Unus
976 1526 1027 1579 Ox.
1053 1525 1139 1578 habet
1163 1526 1232 1597 qaid
1254 1529 1293 1581 sit

136 1597 272 1651 ultimum.
310 1601 376 1651 Mox
394 1609 517 1666 quatuor
536 1599 605 1652 Oxx.
626 1616 693 1650 cum
710 1601 787 1650 lilonss
807 1600 832 1652 2.
851 1603 914 1650 sunt
931 1613 984 1666 pro
1003 1597 1067 1650 sint
1107 1597 1165 1649 Mr.

206 1684 275 1736 quae
299 1669 440 1737 degendae
467 1670 570 1724 aetatis
594 1669 672 1723 ratio
697 1668 866 1735 diligenda]
903 1667 1047 1733 „Palatia
1080 1667 1194 1720 secund.
1222 1675 1291 1720 tert.

134 1749 230 1808 quart.
251 1739 344 1808 quint.
365 1741 448 1797 Febr.
470 1739 584 1795 Gembl:
602 1742 685 1792 ltlart.
704 1741 760 1791 Vul
783 1756 798 1791 o
818 1737 976 1804 diligenda
1001 1735 1056 1803 [est
1075 1743 1227 1807 operarum
1246 1757 1293 1791 er-

134 1821 204 1862 ror.¹
225 1811 289 1861 .Vul
350 1810 501 1885 legebatur
523 1808 728 1879 deligenda].“
756 1756 838 1864 dest.
874 1810 1044 1884 „Legamus
1070 1807 1230 1877 deligenda,
1257 1818 1292 1862 nt

135 1888 181 1932 'est
199 1881 230 1930 in
249 1827 326 1936 (lod.o
336 1881 415 1955 Reg,
436 1881 730 1947 edidemntltlanntii,
749 1880 900 1934 Lambinus
915 1889 949 1934 et
968 1879 1081 1949 aliquot
1099 1879 1182 1931 alii.“
1200 1878 1291 1940 Boni.

137 1950 305 2020 improbant
324 1951 470 2018 diligenda
490 1951 573 2004 Schz.
594 1960 623 2005 et
641 1951 736 2004 Kiihn.
773 1953 876 2019 Neque
896 1967 949 2024 ego
969 1950 999 2000 id
1023 1950 1193 2002 servandum
1211 1950 1292 2016 duxi,

135 2023 204 2092 curn
221 2022 258 2074 sit
278 2021 430 2089 deligenda
449 2023 485 2088 (si
503 2023 571 2075 fides
590 2022 752 2088 collationi)
772 2022 803 2073 in
813 2020 958 2095 CodReg.
978 2020 1090 2073 Habent
1109 2020 1185 2074 idem
1204 2020 1293 2083 codd·

136 2093 213 2144 lllon.
236 2097 259 2148 l.
281 2095 306 2147 2.
326 2092 397 2145 Edd.
426 2093 555 2164 (praeter
573 2093 658 2146 Grut.
677 2092 747 2144 Dav.
775 2092 847 2144 Ern.
866 2091 950 2143 Verb.
972 2091 1061 2143 Gron.
1081 2090 1153 2157 Alt.)
1180 2101 1291 2149 omnes.

135 2161 199 2213 Duo
219 2163 288 2214 Oxx.
310 2170 340 2215 et
356 2164 441 2217 Vind.
461 2167 486 2219 1.
507 2163 671 2231 dirigenda.
689 2163 754 2215 tid.
776 2179 849 2232 quae
868 2161 1032 2215 monuimus
1051 2160 1085 2213 ad
1095 2162 1154 2214 Cic.
1175 2163 1290 2232 deRep.

137 2231 175 2290 11.
198 2235 239 2287 12.
259 2236 369 2303 pits.
389 2236 412 2289 1.
433 2237 476 2290 34.
499 2253 525 2304 p.
548 2238 607 2290 141.
633 2231 704 2285 Add.
724 2233 881 2286 Forcellin.
910 2250 937 2287 v.
958 2233 1091 2304 diligere.
1120 2234 1236 2303 Zumpt.
1256 2233 1292 2286 ad
1342 2267 1345 2272 ‡

135 2302 197 2354 Cic.
225 2303 322 2358 Divin.
351 2305 382 2355 in
406 2303 513 2357 Gaeoil.
538 2307 565 2370 4,
592 2307 634 2360 15.
659 2321 688 2374 p.
710 2306 743 2359 13
762 2321 804 2374 sq.
843 2306 911 2355 lllox
938 2303 992 2365 duo
1013 2305 1083 2355 Oxx.
1111 2309 1139 2354 et
1162 2320 1216 2372 pro
1245 2318 1289 2356 ex.

134 2375 210 2426 Mon.
233 2377 257 2427 l.
278 2373 389 2426 omittit
407 2375 491 2427 tedas
509 2391 575 2426 cum
593 2375 646 2445 Ox,
662 2373 715 2425 illo
733 2374 767 2426 D.
788 2373 855 2427 cod.
875 2373 948 2425 Gud.
967 2375 994 2435 2.
1016 2372 1127 2425 omittit
1145 2376 1197 2426 vei.
1229 2375 1289 2427 Mr.

207 2444 277 2510 qaod
295 2441 347 2495 iac
365 2443 556 2514 disputatione
574 2443 775 2512 agitamus]
812 2479 833 2509 „
842 2443 957 2498 Rectius
976 2443 1088 2508 agimus
1100 2445 1197 2497 *nostri
1208 2461 1292 2514 prae-

134 2515 238 2565 ferunt
260 2514 339 2580 libri,
371 2523 404 2565 ut
430 2531 576 2567 sacrorum
600 2515 755 2569 formulam
779 2514 918 2584 respiciat
936 2531 951 2565 a
969 2514 1107 2582 pontifice
1135 2515 1205 2567 olim
1223 2531 1291 2584 pro-

134 2584 266 2635 nuntiari
291 2585 421 2638 solitamt
449 2585 510 2637 Hoc
535 2601 603 2654 age:
637 2593 710 2639 teste
734 2583 888 2638 Plutarcho
912 2585 944 2636 in
970 2583 1148 2656 Poplicola.“
1179 2584 1291 2640 Schott.

135 2654 209 2706 Nod.
230 2654 289 2706 Cic.
309 2657 347 2708 11.
366 2658 409 2711 20.
429 2673 458 2725 p.
478 2658 541 2712 336.
1286 2678 1289 2683 ·
1351 2710 1355 2720 .

210 2725 284 2792 quod
293 2757 325 2789 ,-
341 2725 498 2794 agimus]
517 2725 618 2791 „Bene
636 2725 711 2778 hanc
728 2726 884 2779 lectionem
903 2725 1004 2778 asserit
1022 2725 1200 2779 SchottnsN.
1213 2727 1244 2781 G.
1255 2755 1290 2768 -

134 2795 285 2863 refertque
304 2797 338 2849 ad
355 2813 502 2849 sacrorum
519 2796 693 2849 formulam:
713 2798 773 2849 Hoc
790 2812 853 2862 age.
881 2795 925 2848 Ea
943 2813 1057 2865 quoque
1076 2802 1166 2849 e'xstat
1187 2799 1218 2849 in
1235 2798 1289 2852 Ed.

134 2864 212 2915 Vict.
241 2866 311 2917 Pall.
337 2883 391 2919 sec.
416 2875 484 2919 tert.
514 2876 607 2936 quart.
635 2867 716 2918 Febr.
745 2867 835 2942 vulgo
866 2866 1043 2932 agitamus.“
1068 2866 1151 2920 acet.
1189 2868 1290 2934 „Mihi

133 2942 293 3003 utrumqne
320 2936 426 2988 bonum
453 2937 577 2990 videtur.
623 2936 677 2991 Sed
702 2936 810 2990 habent
837 2939 980 3004 agitamus
1006 2937 1062 2988 duo
1090 2938 1188 2992 laida.
1215 2939 1289 2991 Edd.

133 3006 317 3058 lilauutianae
336 3015 366 3059 et
383 3006 503 3059 Lamb.“
521 3004 611 3060 Bonis.
649 3008 760 3061 Habent
788 3007 902 3075 agimus
921 3006 1007 3059 Codd.
1026 3007 1095 3082 Reg.
1123 3008 1196 3062 Gud.
1217 3014 1241 3063 l.
1261 3012 1288 3065 2.

133 3074 231 3127 Duisb.
251 3076 339 3134 Marb.
359 3077 444 3130 Vind.
465 3082 489 3132 1.
509 3078 581 3130 Edd.
600 3077 633 3130 V.
653 3096 743 3161 marg.
771 3078 848 3133 Crat.
873 3076 943 3130 Rob.
964 3076 1064 3146 steph.
1092 3077 1178 3132 Leod.
1198 3079 1288 3133 Gebb.

134 3162 214 3215 seqq.
253 3147 287 3198 ln
305 3165 384 3216 seqq.
405 3146 473 3200 Cod.
493 3149 567 3200 Mon.
590 3151 613 3202 1.
638 3149 751 3201 omittit
771 3149 819 3201 sit.
856 3148 936 3214 Quod
960 3147 1033 3200 dicit
1052 3148 1149 3214 tertia,
1178 3151 1291 3215 intelli-

134 3215 181 3292 git
201 3216 387 3272 dialecticam.
425 3218 573 3289 Sequitur⁴
591 3218 623 3270 in
646 3234 704 3271 nno
724 3221 773 3272 Ox.
800 3233 869 3288 qaae
893 3217 1042 3286 perenni
1070 3221 1211 3288 sapientia
1230 3237 1290 3274 ma-

134 3292 202 3338 nat.-
230 3288 305 3355 quod
330 3297 372 3340 est
402 3289 577 3341 correctoris
604 3305 662 3341 non
690 3289 802 3357 inepti:
837 3289 885 3341 sed
911 3289 1094 3341 correctoris.
1131 3290 1176 3342 Ad
1203 3291 1291 3344 verba

133 3362 231 3408 manat
249 3365 274 3409 et
291 3359 423 3422 tunditur
440 3359 500 3411 vid.
520 3359 703 3413 Doederlein}
724 3362 784 3411 Lat.
800 3358 906 3428 Synon.
927 3366 955 3411 u.
971 3359 1101 3428 Etymol.
1112 3359 1152 3412 11.
1171 3364 1290 3430 qul-4.

129 3426 201 3479 'aaa
221 3428 296 3481 Mon.
317 3433 340 3483 1.
367 3447 433 3482 cum
460 3429 510 3481 Ox.
529 3429 564 3480 D.
594 3446 663 3497 qnae
681 3446 746 3482 res.
772 3429 858 3482 Godd.
885 3430 954 3504 Reg.
976 3429 1048 3482 Gud.
1071 3433 1095 3485 1.
1117 3440 1146 3482 et
1163 3431 1235 3487 Edd.
1254 3431 1289 3484 Α.

131 3499 203 3549 Ven.
224 3507 312 3550 nostr.
333 3498 494 3563 definivit.
531 3503 659 3574 Pergunt
678 3500 763 3552 Codd.
783 3495 866 3554 Vind.
887 3505 911 3555 l.
940 3499 1037 3554 Duisb.
1062 3501 1133 3553 Edd.
1156 3501 1183 3554 S.
1203 3501 1237 3553 Ε.
1258 3501 1288 3554 (l.
1391 3510 1394 3516 “

131 3567 216 3620 Junt.
240 3571 303 3620 Asc.
324 3571 350 3623 2.
369 3572 440 3622 Ven.
461 3569 519 3622 Alt.
538 3570 620 3622 Boul.
641 3569 749 3626 Sturm.
770 3571 882 3622 Lambb.
904 3570 990 3624 Goth.
1012 3569 1086 3623 otiv.
1105 3587 1210 3638 genera
1229 3571 1289 3625 dis·

128 3640 247 3760 ssartit.
275 3638 342 3709 (lod.
373 3639 461 3693 Rehd.
490 3639 698 3711 dispartitur.
745 3641 787 3694 De
812 3642 970 3712 scriptione
998 3640 1086 3694 huius
1115 3643 1198 3695 verbi
1225 3643 1285 3698 vid.

106 3756 109 3762 ,
159 3708 227 3758 eier.
251 3706 286 3757 ad
310 3706 369 3759 Gis.
395 3710 430 3761 de
457 3710 511 3763 aff.
531 3713 553 3764 Ι.
573 3714 617 3767 26-
643 3729 672 3780 p·
692 3714 752 3767 tot.
781 3719 810 3764 et
836 3711 873 3764 11.
896 3716 938 3768 ll.
963 3729 993 3780 p.
1013 3713 1056 3765 78.
1094 3714 1217 3772 Post-ex
1236 3731 1289 3782 qua

130 3795 207 3829 unus
227 3777 276 3830 Ox.
297 3781 354 3827 tam
371 3796 524 3848 perperam
541 3799 594 3852 pro
614 3799 701 3851 qaam.
722 3782 805 3835 Vind.
827 3786 852 3836 1.
868 3783 978 3836 existat
995 3799 1049 3852 pro
1068 3783 1194 3837 existit.
1232 3786 1288 3837 Pro

130 3864 181 3901 res
197 3848 397 3914 ponderandas
416 3849 448 3900 in
467 3850 540 3903 Gud.
561 3855 587 3907 2.
608 3861 650 3904 est
673 3853 901 3922 respondendnm.
939 3853 999 3906 Mr.
1332 3855 1338 3860 ’

204 3924 262 3970 tum
279 3919 401 3970 munitae
419 3919 543 3985 ingenua
561 3923 708 3976 delectatio
727 3930 753 3975 et
772 3923 861 3991 digno
881 3919 1091 3990 sapientia]
1127 3923 1288 3990 „Sapiente

131 3988 275 4058 scriptum
298 3988 389 4040 estin
409 3991 537 4059 antiquo,
562 4000 591 4044 et
613 3995 654 4044 ita
677 3994 796 4046 videtur
818 3993 957 4046 rectius.“
985 3992 1083 4045 Ursin.
1122 3993 1205 4045 Nihil
1225 4011 1289 4045 mu-
1343 3999 1345 4005 ’

101 4087 106 4099 ·
131 4059 262 4111 tandum:
292 4066 334 4110 est
358 4059 532 4113 abstractum
556 4079 609 4130 pro
637 4070 781 4116 concreto.
819 4063 886 4115 (lod.
913 4063 996 4114 Vind.
1017 4068 1042 4118 l.
1070 4061 1157 4115 habet
1175 4063 1303 4118 dileetio*

131 4146 186 4200 pro
205 4129 359 4182 delectatio.
399 4129 435 4181 In
453 4130 506 4182 Ed.
525 4131 622 4184 Rathii
642 4143 684 4186 est
703 4149 736 4185 ex
753 4150 807 4202 pro
826 4139 861 4186 et.
898 4134 957 4187 Mr.

122 4208 126 4219 “
205 4200 305 4267 Digna
323 4200 475 4270 sapientia]
512 4202 614 4254 Ursini
633 4205 720 4255 Mstus
739 4202 873 4270 sapiente,
894 4204 970 4273 quod
988 4205 1015 4257 ei
1035 4204 1143 4258 rectius
1160 4206 1287 4261 videtur.

132 4269 278 4337 Equidem
296 4272 371 4323 mihi
389 4288 447 4324 non
465 4271 642 4340 displiceret,
661 4273 686 4324 si
704 4275 810 4342 plures
821 4273 990 4327 accederent
1007 4274 1087 4327 libri.
1125 4275 1205 4341 Quod
1222 4295 1289 4331 cum
1368 4285 1374 4297 “

133 4339 173 4391 sit
191 4357 282 4405 secus,
302 4350 448 4411 receptam
468 4342 624 4394 lectionem
641 4360 700 4396 non
718 4359 835 4396 moveo:
854 4347 921 4397 'nain
939 4354 1021 4415 saepe
1039 4346 1084 4412 fit,
1103 4355 1137 4400 ut
1150 4365 1203 4418 pro
1224 4364 1289 4404 aon-

132 4417 211 4463 ‘areto
228 4419 353 4482 ponatur
370 4412 549 4467 abstractam.
586 4415 658 4467 Vide
676 4431 762 4485 supra
781 4431 842 4483 cap.
861 4417 887 4472 9.
899 4423 908 4441 ²
924 4415 961 4470 D.
