2856 5084
453 292 674 360 EXCURSUS
696 298 720 362 1.
744 294 831 362 adl.
857 303 905 364 10.
927 297 978 364 22.
1227 303 1289 367 357

145 456 180 508 Η.
200 456 321 512 Weiss
345 458 376 508 in
395 459 583 511 conversione
602 459 773 512 Germanica
791 459 982 530 Physicorum
1009 460 1184 517 Aristotelis.
1207 464 1285 534 Lips.

147 530 223 582 1829.
243 527 278 578 11.
299 529 328 580 P.
348 528 376 580 P.
398 529 449 596 qui
467 529 558 581 vertit
577 545 678 581 vocem
699 521 845 598 ἐντελέχεια
862 528 1150 588 Wirklichkeit.
1171 532 1287 598 [Nach

146 597 208 649 der
225 596 331 652 Arist.
352 597 593 667 Philosophie
613 599 759 652 enth'alt
777 602 831 654 die
849 600 1001 652 Materia
1019 601 1078 653 fiir
1096 601 1174 653 sich
1191 603 1286 657 blois

113 706 115 709 a
145 666 204 718 die
228 667 476 752 Miiglichkeit
500 669 564 720 der
586 669 717 740 Dings,
753 687 788 722 so
811 671 881 724 wie
905 669 963 722 die
990 668 1095 722 Form
1122 673 1182 724 fiir
1208 673 1286 725 sich

144 736 242 789 blois
261 755 320 790 ein
339 737 544 791 Gedachtes
563 740 619 791 ist.
641 736 806 808 Ἐντελέχεια
824 741 871 792 ist
891 740 947 791 die
965 738 1151 794 wirkende
1169 742 1285 808 Kraft,

144 807 229 859 oder
256 809 335 861 eine
353 807 779 884 'I'biitigkeit,wodurch
805 817 880 862 erst
906 810 965 862 ein
983 807 1050 860 Diu
1102 811 1287 865 vollkom·

144 893 221 928 men
238 877 330 932 wird
349 877 452 941 (Buhle
477 881 508 928 in
526 878 661 931 Erschs
679 880 821 948 Encyel.
840 880 902 932 Art.
927 828 1116 933 Aristotefes:
1146 881 1287 934 selbst-

144 946 306 1021 th'a'tiges
331 948 480 1016 Princip
504 949 568 1000 der
597 949 849 1022 Bewegung.)]
891 948 993 1005 Exstat
1020 950 1090 1002 item
1114 949 1305 1014 Dissertatio¹

142 1016 186 1068 Jo.
207 1015 326 1080 Pascite,
346 1035 417 1086 quae
436 1019 622 1071 inscribitur:
653 1019 811 1071 Entelerlu'a
829 1035 882 1070 oon
899 1025 925 1069 et
944 1035 1010 1070 crux
1028 1019 1283 1088 Metopltysicorutn.

141 1088 287 1171 Viteberg.
310 1090 393 1142 1684:
417 1088 594 1140 Schneiderus
619 1098 647 1140 et
665 1090 809 1143 Poesooius
834 1091 864 1140 in
884 1088 998 1142 Lexicis
1017 1091 1133 1143 Graecis
1152 1100 1286 1146 accurate

141 1158 222 1208 aiunt
241 1157 475 1232 drstinguendum
502 1175 560 1210 esse
579 1160 659 1211 inter
681 1158 837 1225 ἐνδελέχεια
856 1167 885 1211 et
904 1156 1064 1225 ἐντελέχεια,
1093 1176 1181 1230 eaque
1200 1178 1285 1214 vcca-

141 1228 208 1278 bula
235 1245 292 1280 esse
320 1237 348 1280 et
372 1229 480 1280 diversi
508 1229 629 1301 originis
657 1239 686 1282 et
709 1230 838 1282 diversae
864 1228 1092 1302 significationis.
1138 1231 1285 1284 Posterior

140 1298 238 1368 laudnt
255 1297 372 1349 Naecbia'
389 1297 620 1367 disputationem,
639 1317 723 1368 quam
742 1317 826 1368 supra
845 1298 1049 1366 excerpsimus.
1069 1298 1284 1354 contraeorum
1343 1338 1344 1342 ,

141 1369 311 1420 sententiam
338 1369 506 1436 nuperrime
533 1370 632 1436 paucis
659 1370 772 1420 locutus
796 1378 839 1420 est
856 1368 1064 1420 Doederleiniue
1088 1369 1119 1419 in
1138 1370 1212 1422 libro
1232 1371 1284 1439 qui

140 1437 312 1490 inscribitur
338 1438 577 1490 Lateinische
607 1437 812 1508 Synonyme
846 1438 916 1489 und
943 1438 1235 1512 Etymologieen
1258 1441 1280 1492 1.

139 1525 167 1575 p.
187 1511 245 1562 22:
272 1545 290 1572 „
298 1506 465 1574 ἐντελέχειαν
484 1525 542 1560 esse
560 1508 780 1562 Aristotelicum
797 1508 977 1574 vocabulum,
1002 1525 1058 1576 quo
1078 1509 1180 1577 quinta
1199 1527 1282 1578 quao-

117 1579 204 1629 dam
227 1585 329 1630 natura
354 1578 403 1630 vel
428 1577 563 1645 quintum
589 1578 764 1632 elementum
782 1578 806 1628 si
827 1579 971 1644 nificetur,
999 1594 1056 1646 quo
1081 1580 1195 1631 animus
1215 1596 1282 1632 con·

140 1656 206 1708 stet,
235 1649 321 1717 idque
345 1666 360 1699 a
382 1646 520 1700 Cicerone
539 1649 629 1701 latine
647 1648 729 1701 reddi
755 1597 851 1700 seriis
875 1647 952 1713 quast
974 1649 1100 1713 quaedam
1125 1649 1283 1702 continuata

137 1719 217 1769 motio
236 1724 262 1769 et
277 1716 417 1783 peremn's:
447 1716 526 1769 nihil
544 1719 637 1800 igitur
660 1717 778 1770 differre
802 1719 883 1768 illam
911 1733 1011 1769 vocem
1030 1735 1046 1768 a
1064 1718 1212 1771 Platonica
1238 1719 1282 1772 tu-

137 1794 253 1857 τρεχείᾳ,
281 1805 336 1856 qua
358 1786 470 1839 solertia
497 1787 693 1862 significetur,
721 1796 749 1840 et
776 1797 854 1840 recte
880 1789 949 1839 item
968 1787 1220 1841 Hemsterhusium
1247 1789 1282 1843 ad

137 1858 296 1910 buciacum
315 1858 346 1919 (1.
367 1859 404 1921 c.)
423 1858 537 1922 dixisse,
565 1858 670 1910 merito
690 1858 776 1910 verba
796 1853 945 1926 ἐνδελέχεια
964 1866 993 1909 et
1011 1856 1156 1926 ἐντελέχεια
1174 1876 1191 1911 a
1209 1859 1282 1913 Gre-

136 1929 218 2002 gorio
246 1926 397 1979 Corinthio'
424 1928 538 1978 nonnisi
563 1927 684 1979 dialecto
709 1926 864 1996 distinqui:
894 1928 1013 2032 eiusque
1036 1928 1081 1979 rei
1103 1928 1196 1980 inesse
1220 1931 1281 1981 for·

136 2009 211 2050 tasse
230 1999 317 2050 etiam
335 1998 491 2071 vestigium
511 1999 542 2047 in
560 1998 654 2049 verbis
673 1995 955 2067 τρέχεινεῐδραμεῖν
983 1995 1027 2061 ).“
1056 1995 1148 2049 Nobis
1164 1998 1282 2066 quidem

136 2086 169 2122 re
187 2069 275 2138 probe
293 2066 450 2137 ponderata
468 2085 483 2117 a
501 2067 623 2122 Naeckii
641 2063 770 2135 partibus
790 2067 920 2119 standum
938 2066 1062 2131 videtur,
1082 2065 1114 2118 ab
1123 2065 1280 2121 Aristotele

135 2156 194 2191 non
214 2138 305 2190 solum
324 2139 497 2207 scripturam
515 2139 593 2189 vocis
612 2138 747 2204 antiquae
766 2133 912 2204 ἐνδελέχειαν
939 2135 1127 2199 (continuatio,
1152 2138 1279 2202 perenni-

119 2212 189 2274 ,1αε)
208 2216 346 2260 mutatam
366 2225 434 2272 esse,
461 2208 509 2260 sed
528 2207 613 2260 etiam
632 2207 881 2282 significationem,
910 2223 975 2258 cum
1001 2222 1105 2259 novam
1123 2207 1278 2280 originem,

135 2281 168 2332 ab
187 2277 285 2336 ἐντελὲς
309 2285 337 2328 et
356 2279 419 2346 ἔχω,
446 2278 609 2341 subiecerit,
636 2293 754 2344 eamque
774 2283 860 2329 actum
879 2283 904 2327 et
924 2276 1113 2341 perfectionem
1140 2292 1200 2328 esse
1225 2293 1279 2329 vo-

135 2350 232 2402 luerit.
272 2347 424 2400 Kiibnerus
443 2365 458 2398 a
478 2347 618 2399 Cicerone
637 2349 768 2399 confusas
787 2365 847 2398 esse
865 2345 938 2398 dicit
964 2345 1032 2399 duas
1053 2345 1175 2398 Graecas
1192 2362 1278 2400 voces

134 2419 300 2488 ἐντελέχειαν
318 2426 347 2469 et
365 2415 546 2484 ἐνδελέχειαν,
565 2418 614 2469 vel
632 2423 711 2468 certe
729 2418 880 2485 utriusque
897 2416 1022 2467 nominis
1036 2415 1278 2489 significationem

133 2492 165 2542 in
183 2506 270 2541 unam
289 2505 348 2540 esse
368 2489 568 2550 coniunctam,
588 2489 652 2538 cum
673 2483 819 2552 ἐντελέχεια
836 2484 953 2538 denotet
969 2493 1075 2551 actum,
1099 2485 1161 2538 vim
1182 2485 1277 2538 effica-

133 2577 207 2624 cem,
233 2558 412 2627 principium
435 2557 549 2631 agendi,
574 2553 726 2622 ἐνδελέχειαν
744 2563 838 2608 autem
856 2555 1113 2620 continuationem,
1141 2556 1277 2623 perenni-

133 2639 230 2683 tatem.
250 2630 350 2696 Neque
369 2628 463 2679 minus
485 2628 511 2679 ei
530 2628 560 2678 in
580 2643 612 2678 eo
631 2626 733 2678 Cicero
753 2626 868 2678 videtur
886 2625 981 2694 lapsus
1000 2640 1068 2689 esse,
1089 2622 1164 2695 quod
1182 2625 1277 2678 animo

132 2700 289 2752 motionem
313 2698 345 2750 ab
364 2697 519 2750 Aristotele
545 2695 683 2748 tributam
709 2695 795 2760 dicat,
825 2711 896 2746 cum
915 2703 1027 2747 constet
1051 2694 1131 2746 hunc
1148 2693 1277 2763 philoso-

130 2770 224 2839 phum
243 2784 358 2820 omnem
376 2775 486 2820 motum
506 2767 603 2818 animo
622 2766 787 2840 denegasse:
808 2761 974 2833 ἐντελέχειαν
997 2773 1094 2816 autem
1112 2763 1147 2816 de
1164 2763 1277 2817 Aristo-

131 2840 201 2892 telis
220 2839 361 2890 sententia
380 2855 440 2890 esse
462 2839 595 2900 formam,
624 2853 694 2903 quae
722 2851 826 2902 corpus
845 2835 972 2887 inanime
999 2834 1100 2887 reddat
1116 2835 1276 2887 animatum

131 2909 308 2975 rationisque
328 2923 424 2973 erpere
443 2904 568 2968 [volebat
586 2905 710 2958 scribere
726 2902 888 2970 particeps}

201 2996 308 3060 Restat,
328 3002 360 3047 ut
379 2994 412 3046 de
430 2992 554 3046 lectione
572 2992 631 3043 lo'ci
648 2992 742 3045 nostri
761 2991 901 3058 dicamus,
930 2990 1023 3060 qualis
1048 2990 1164 3058 quidem
1187 2970 1275 3043 sitin

130 3067 213 3119 libris
234 3067 351 3134 scriptis
371 3071 398 3114 et
417 3062 511 3124 editis,
536 3070 570 3112 ut
598 3060 668 3113 huic
692 3061 881 3130 disputationi
902 3060 991 3112 finem
1018 3060 1167 3129 imponere
1186 3060 1276 3130 possi·

129 3155 201 3190 mus,
239 3136 279 3186 Et
301 3134 408 3187 habent
433 3132 549 3200 quidem
562 3131 767 3184 'endelecheiam
795 3129 882 3184 Colo.
907 3129 977 3206 Reg.
1003 3131 1077 3185 Mon.
1098 3135 1123 3184 1.
1148 3130 1220 3202 Eud.
1240 3130 1272 3207 A.

131 3267 355 3281 ,ἀμ

165 3327 193 3395 *)
212 3329 278 3382 Teti
301 3330 325 3380 it
343 3327 431 3380 etiam
449 3334 581 3378 nostrum
599 3326 697 3377 locum
716 3325 750 3377 n.
770 3325 900 3379 Κλεινίαν
918 3322 1031 3387 Quaest.
1052 3322 1129 3375 Tull.
1149 3323 1171 3374 1.
1192 3339 1220 3390 p.
1230 3325 1272 3378 86.

217 3400 252 3453 ad
296 3416 370 3452 usco.
391 3398 414 3451 1.
436 3398 476 3450 17.
498 3400 546 3451 4οτ
565 3395 614 3447 ubi
632 3394 703 3447 haec
719 3403 794 3459 sunt,
813 3397 872 3447 buc
882 3393 1037 3446 facientia:
1062 3393 1145 3443 Hunc
1173 3391 1219 3456 [de
1230 3389 1275 3444 ἐν·

217 3468 333 3538 τελεχία]
353 3468 450 3519 locum
469 3466 493 3518 si
511 3475 590 3519 recte
609 3461 809 3534 explicaveris,
835 3463 922 3516 facile
939 3470 1035 3531 potest
1054 3462 1192 3535 intelligi,
1217 3477 1274 3530 quo

216 3541 256 3591 sit
274 3539 327 3591 ille
346 3552 444 3590 errore
462 3536 573 3600 ductus,
601 3537 651 3603 qui
670 3536 799 3603 quintam
818 3535 900 3586 illam
919 3539 1051 3584 naturam
1080 3532 1135 3584 sibi
1154 3548 1275 3601 persua·

217 3609 285 3669 serit
304 3623 363 3660 esse
382 3623 397 3657 a
417 3605 555 3659 Cicerone
572 3605 740 3656 nutrientem.
779 3605 873 3670 Quum
892 3604 969 3656 enim
996 3599 1075 3653 hunc
1101 3601 1199 3672 locum
1216 3616 1276 3673 non

206 3686 296 3732 ‚reete
321 3675 538 3740 considerasset,
563 3677 672 3727 factum
698 3683 750 3738 est,
776 3682 808 3726 ut
833 3674 916 3726 illam
935 3678 1067 3724 naturam
1096 3671 1188 3741 ipsam
1208 3687 1274 3723 cum

217 3748 311 3800 animo
330 3745 527 3809 confunderet,
548 3747 598 3815 qui
618 3763 653 3797 ex
671 3760 703 3797 ea
720 3749 852 3797 constare
871 3744 1006 3795 dicitur.·
1026 3740 1106 3806 Quod
1124 3741 1182 3792 nisi
1202 3748 1274 3794 esset
1315 3776 1317 3779 -

216 3820 334 3877 factum,
361 3814 563 3879 intellexisset,
588 3816 701 3883 opinor,
728 3815 860 3883 quintam
888 3813 971 3865 illam
994 3811 1110 3879 quidem
1140 3818 1274 3862 naturam

214 3903 327 3939 vacasse
346 3885 471 3948 nomine,
490 3887 567 3953 quod
586 3883 687 3937 Cicero
706 3892 807 3953 aperte
825 3883 962 3944 declarat,
990 3881 1040 3932 sed
1054 3879 1189 3930 ,animum
1210 3886 1274 3930 tan·

214 3966 285 4020 tum,
315 3953 365 4024 qui
387 3960 427 4005 ex'
441 3954 493 4006 illa
512 3962 666 4017 constaret,
690 3953 800 4006 dictum
818 3969 880 4006 esso
904 3949 1078 4018 ἐντελέχειαν.
1116 3947 1201 4001 Unde
1217 3946 1273 4000 boc

214 4025 375 4079 necessario
394 4025 599 4092 consequitur,
615 4025 701 4076 etiam
714 4023 745 4087 ‘§.
765 4026 809 4077 41.
828 4028 908 4073 recte
927 4020 1012 4072 istam
1040 4018 1171 4087 quintam
1190 4025 1272 4069 natu-

214 4113 277 4149 ram
305 4110 371 4147 non‘
386 4095 563 4148 nominatam
586 4093 654 4154 dici,
677 4099 761 4162 atque
784 4095 895 4144 frustra
925 4097 954 4142 et
972 4088 1054 4142 nulla
1072 4087 1183 4140 ratione
1203 4102 1273 4139 non·

212 4166 309 4218 nullos
331 4165 508 4232 interpretes
534 4162 724 4227 contendisse,
750 4179 811 4213 eam
835 4160 997 4227 ἐντελεχείας
1021 4173 1127 4210 nomen
1155 4156 1270 4210 habere.

213 4237 273 4287 lam
296 4235 356 4287 vid.
382 4235 469 4287 etiam
487 4232 538 4286 Ad.
560 4232 654 4286 Stahr.
684 4232 715 4283 in
743 4230 844 4284 Jahnii
868 4229 981 4282 Annall.
1002 4226 1108 4280 Philol.
1140 4235 1169 4300 et
1187 4226 1270 4279 Paeti.

207 4308 290 4360 1834.
311 4308 336 4359 4.
356 4323 386 4375 p.
407 4307 460 4360 398
479 4322 521 4373 sq.
558 4303 612 4356 Est
630 4302 671 4353 ibi
689 4303 760 4354 haec
779 4299 939 4367 ἐντελεχείας
957 4298 1103 4352 definitio:
1119 4299 1190 4352 'esse
1209 4313 1271 4350 eam

214 4390 268 4427 eum
284 4381 389 4444 statum,
408 4391 458 4443 quo
477 4375 541 4444 quid
557 4374 595 4427 od
608 4370 798 4440 perfectionem
813 4370 965 4438 perductum
984 4374 1033 4422 eat.
