2856 5084
186 282 226 345 n
382 275 614 344 otonnonns
635 243 882 347 russonum.
895 279 1127 345 n1srornr.

185 444 434 518 immortalitati
468 445 729 524 anteponendus.
788 445 893 508 Cuius
930 447 1040 529 igitur
1078 445 1190 525 potius
1221 436 1342 526 opibus

162 538 334 610 putamur,
376 547 474 609 quam
508 530 597 590 tuis?
629 549 711 610 quae
746 534 779 589 ct
804 531 894 590 vitae
920 528 1197 608 tranquillitatem
1218 529 1360 612 largita¹

137 605 164 661 6-
186 612 282 671 nobis
304 631 350 686 es,
374 611 407 672 et
427 620 596 672 terrorem
618 613 737 671 mortis
759 612 934 674 sustulisti.
971 610 1022 670 Ac
1040 609 1250 690 philosophia
1271 613 1342 691 qui-

187 690 276 770 dem,
298 701 427 754 tantum
448 693 543 755 abest
561 701 602 754 ut
622 691 824 809 proindesac
846 693 886 753 de
909 692 1081 752 hominum
1104 701 1155 753 est
1174 694 1246 754 vita
1272 712 1341 753 tne-

185 879 239 930 Est
258 879 336 931 enim
363 879 395 930 in
413 896 446 930 ea
470 879 648 931 contrarium
667 880 810 950 superiori
828 877 1034 948 respondens.“
1052 879 1145 946 ‚Brut
1183 879 1343 943 „Tuentur

187 948 244 1001 hoc
261 949 466 1008 ¹communibus
490 949 601 1001 viribus
625 950 696 1002 Pall.
722 951 867 1019 quinque:
905 950 966 1031 ipse
988 951 1086 1009 bamb.
1113 949 1145 1000 in
1164 949 1207 1000 ed.
1234 958 1340 1019 poster.

186 1019 266 1074 MSS.
287 1019 418 1080 Suffridi.
454 1021 621 1073 Victoriana
637 1036 708 1072 varo
723 1035 833 1086 paene
854 1026 926 1073 tote
949 1023 1024 1074 imm.
1050 1020 1119 1072 alias
1143 1019 1260 1088 quidam
1278 1021 1340 1072 cod.

185 1091 427 1158 perpetuitati
452 1098 484 1143 et
508 1093 580 1148 imm.
604 1090 752 1144 absurde.“
777 1087 859 1144 Gett.
897 1091 984 1144 Deest
1007 1096 1034 1145 et
1056 1097 1121 1143 ante
1140 1106 1174 1142 ee
1199 1090 1231 1142 in
1249 1091 1342 1143 tribus

187 1162 257 1213 Oxx.
279 1170 308 1213 et
326 1162 410 1214 Vind.
433 1165 457 1215 1.
495 1162 555 1214 Mr.
670 1159 674 1167 ¹

237 1233 390 1299 ιΡοοοειιιιί
408 1231 629 1299 immortalitate]
666 1236 716 1285 ills.
737 1230 836 1284 Calon.
862 1229 947 1282 habet
972 1228 1155 1299 perpetuitati
1176 1235 1203 1283 et
1228 1227 1344 1283 immor-

187 1301 298 1354 talitali
302 1320 311 1366 ς
331 1321 416 1373 quain
434 1302 590 1355 lectionem
609 1303 738 1373 probasse
750 1303 798 1354 Fr.
808 1301 982 1366 Fabricium,
1001 1301 1192 1354 vehementer
1210 1301 1344 1371 equidem

185 1373 297 1424 rniror:
317 1390 384 1424 uam
402 1390 495 1424 unum
513 1381 591 1425 certe
611 1373 689 1426 diem
705 1391 744 1434 ex
761 1371 961 1442 philosophiae
979 1373 1141 1442 praeceptis
1156 1380 1260 1436 actum,
1277 1387 1344 1438 per-

184 1442 320 1510 petuitati
346 1449 372 1494 et
393 1440 608 1508 immortalitati,
632 1443 681 1495 vel
703 1452 737 1494 ut
756 1443 807 1494 alii
831 1441 916 1495 Codd.
941 1456 1000 1493 non
1024 1443 1118 1494 minus
1140 1442 1239 1512 inepte
1264 1441 1342 1507 dant,

188 1529 277 1581 ppene
296 1512 349 1565 toli
367 1513 588 1573 immortalitati,
617 1530 652 1565 ex
670 1513 772 1565 iisdem
790 1512 949 1582 praeceptis
975 1521 1063 1578 actae,
1090 1529 1146 1565 non
1168 1521 1344 1582 anteponen-

186 1583 256 1650 dum
281 1584 393 1636 censuit
416 1583 540 1636 Tullius.
575 1584 797 1658 Elegantissime
822 1590 865 1635 est
888 1590 1005 1652 recepta
1021 1582 1119 1649 lectio,
1146 1600 1232 1652 quam
1251 1581 1344 1633 nostri

188 1654 306 1722 quidem
324 1655 497 1708 confirmant
514 1654 609 1719 lllssti3
629 1670 683 1707 nec
702 1663 763 1707 erat
782 1671 835 1707 cur
853 1652 961 1705 ainicus
978 1654 1080 1707 Ursini
1104 1662 1259 1723 reponeret
1280 1666 1345 1720 pec-

187 1726 280 1778 cantia
298 1723 519 1779 immortalitati.
555 1725 597 1777 De
615 1742 647 1777 re
666 1724 726 1794 ipsa
751 1725 792 1776 sic
810 1723 975 1775 Posidonius
999 1725 1075 1794 apud
1093 1722 1231 1777 Senecam
1248 1722 1342 1792 Epist.

187 1796 342 1848 LXXVIII.
384 1795 550 1860 Uentidios,
570 1795 676 1866 inquit,
700 1793 841 1846 lentinum
863 1793 1039 1847 eruditorum
1060 1794 1124 1862 plus
1145 1800 1233 1861 patet,
1261 1809 1344 1860 quam

187 1866 496 1935 imperitilongiseima
514 1871 601 1918 aetas.
639 1865 694 1918 Sed
719 1884 784 1918 cum
811 1864 913 1934 primis
937 1864 994 1916 huc
1018 1865 1089 1917 facit
1115 1864 1196 1917 locus
1214 1863 1344 1917 Philonis

186 1954 205 1988 a
222 1936 319 2007 [lipsio
344 1939 402 1989 iam
424 1936 564 2001 laudatus,
588 1936 637 1988 ubi
669 1936 725 1988 ait:
759 1931 948 2003 Ὑπισγνεΐιαι
972 1934 1004 1987 δὲ
1026 1939 1065 2000 τρῖ
1092 1934 1222 2001 τοιαύτην
1249 1934 1345 2000 ἄγοντι

179 2006 303 2076 ,εἰρήνην
326 2005 413 2061 καλὸν
437 2002 532 2076 γήρας,
557 2004 589 2060 ου’
619 2001 708 2072 δήπου
732 1990 932 2075 ποιυχρᾶνιον,
956 2002 1021 2058 oillei
1041 2004 1072 2058 zo
1091 2001 1158 2073 μετὰ
1182 2006 1344 2074 φρονήσεως

189 2082 251 2144 ζῇν·
271 2074 365 2148 τὸγὰρ
380 2075 519 2150 εὐήμερον
536 2081 674 2136 πολυετίας
692 2082 823 2145 κρεῖττον,
842 2078 900 2143 riom
918 2080 962 2128 καὶ
979 2073 1148 2146 βραχύτερον
1167 2077 1227 2144 φῶς
1245 2071 1344 2130 σκότου
1402 2134 1404 2138 Α

190 2151 318 2204 αἰωνίου·
337 2156 406 2217 μίαν
423 2151 478 2218 peip
496 2148 605 2217 ἡμέραν
623 2149 747 2217 ὑγιεινῶς
765 2147 824 2201 elas
842 2141 983 2217 προφήτης
1002 2144 1071 2216 ἀνὴρ
1082 2141 1232 2209 βούλεσθαι
1244 2152 1345 2214 βιῶναι

188 2220 259 2287 μετὰ
278 2220 383 2291 ἀρετῆς,
403 2219 419 2289 ἢ
438 2227 526 2290 μυρία
545 2221 589 2286 ἔτι]
608 2217 638 2276 ἐν
655 2225 720 2288 σκιᾷ
738 2224 790 2271 τοῦ
811 2217 946 2281 θανάτου,
966 2218 1048 2270 aazia
1065 2213 1116 2271 τὸν
1134 2220 1242 2287 φαῦλον
1256 2217 1344 2269 αἰνιτ-

95 2299 97 2304 ’
188 2284 308 2356 τόμενος“
327 2295 398 2359 βίον.
436 2293 540 2344 Exstat
563 2291 594 2343 in
621 2290 697 2342 libro
722 2293 786 2360 περὶ
809 2296 860 2342 τοῦ
882 2287 957 2350 eisd
983 2293 1040 2341 mir
1062 2291 1150 2342 retur
1173 2282 1345 2358 πραγμάτων

189 2362 367 2432 κληρονόμος.
387 2361 453 2439 pag.
473 2365 534 2418 407.
555 2362 587 2413 F.
608 2360 651 2413 ed.
672 2360 779 2414 Gener.
818 2360 855 2413 D.

258 2436 424 2501 peccanti
448 2431 671 2497 immortalitati]
713 2430 872 2495 „Ridicula
895 2429 970 2482 mihi
1000 2419 1119 2483 videtur
1143 2429 1346 2484 immortalitas

186 2517 314 2570 peccans.
352 2506 423 2555 Pace
446 2503 540 2578 igitur
562 2502 671 2554 Davisii
694 2519 760 2553 cum
785 2517 817 2554 eo
835 2500 900 2553 viro
925 2501 1027 2553 critico
1046 2502 1130 2566 facio,
1160 2500 1211 2571 qui
1229 2500 1344 2573 legebat

187 2573 357 2640 peccautie.“
375 2572 463 2626 Bauli.
500 2572 597 2626 Nihili
616 2589 674 2624 csse
691 2571 830 2624 Bouherii
853 2571 1082 2640 reprobationem
1103 2571 1237 2643 vulgatae
1261 2588 1344 2624 neino

190 2659 249 2694 non
267 2644 358 2696 videt.
396 2645 479 2696 Locis
507 2643 654 2696 aDavisio
678 2643 799 2695 laudatis
825 2641 894 2694 adde
912 2641 1019 2711 Julian.
1038 2641 1131 2711 Epist.
1152 2644 1197 2694 17:
1231 2640 1345 2706 inseror

188 2712 242 2781 peip
269 2710 362 2780 ὀλίγον
385 2710 477 2781 ὀρθῶς
499 2713 516 2778 ἢ
542 2714 631 2768 πολὺν
655 2719 744 2774 κακῶς
768 2715 871 2784 πρᾶξαι
887 2711 1001 2782 χρόνον.
1028 2712 1077 2764 ubi
1096 2720 1226 2764 nostrum
1244 2712 1342 2764 locum

189 2785 316 2837 contulit
333 2784 477 2853 lleylerus
495 2784 526 2835 in
543 2784 597 2836 Ed.
617 2786 692 2854 Epp.
713 2785 772 2836 Jul.
799 2783 942 2868 (lllogunt.
964 2784 1041 2847 1818.
1059 2783 1098 2847 8.)
1123 2800 1152 2851 p.
1171 2785 1224 2837 134
1243 2800 1282 2852 sq.
1309 2783 1343 2833 V.

133 2885 136 2894 ·
189 2856 279 2906 etiam
297 2853 507 2925 Wyttenbach.
528 2855 561 2906 ad
579 2855 722 2923 Plutarch.
744 2854 856 2906 Gonsol.
869 2872 900 2905 ιιι
915 2853 1048 2924 Apollon.
1068 2870 1096 2923 p.
1112 2856 1173 2907 111.
1184 2853 1215 2904 B.
1236 2851 1344 2928 lP·⁷5.9·

190 2926 234 2978 ed.
255 2926 318 2993 0x.]
338 2946 366 2996 p.
387 2928 430 2980 61.
450 2926 484 2977 T.
504 2927 542 2978 11.
563 2923 771 2994 Et.1.tps.'.-
793 2922 947 2976 scribitur
963 2940 1050 2991 paene
1069 2924 1124 2977 toti
1150 2924 1182 2974 in
1199 2940 1257 2975 uno
1277 2923 1344 2976 Cod.

192 2997 244 3049 Ox.
263 2998 359 3050 veteri
379 3015 422 3067 ap.
439 2996 504 3048 Car.
525 2994 625 3065 Steph·
644 2995 716 3047 Edd.
735 3004 808 3050 vett.
828 3003 894 3046 ante
914 2995 1010 3046 Laiub.
1030 3012 1095 3058 sec,
1119 3002 1238 3062 excepta
1255 2997 1283 3046 P.
1311 2995 1346 3045 l'n

134 3101 136 3107 ,
190 3083 250 3118 uno
270 3069 321 3120 Ox.
344 3077 385 3119 est
402 3068 545 3136 peccandi,
565 3067 595 3117 in
614 3066 681 3119 cod.
703 3066 775 3119 Gud.
794 3081 878 3133 pene
896 3067 965 3124 toti
982 3063 1178 3128 mortalitati,
1197 3064 1228 3114 in
1246 3063 1344 3115 Duisb.

109 3193 111 3200 ¹
189 3145 224 3188 ut
248 3137 280 3188 in
299 3137 359 3190 Col.
381 3137 626 3206 perpetuitati
651 3143 684 3190 el
707 3135 934 3202 immortalilali3
962 3135 1084 3211 inAug.
1104 3135 1290 3202 demittetur,
1314 3136 1346 3187 in
1389 3164 1396 3178 ι

192 3207 267 3260 Gud.
286 3211 311 3262 1.
333 3216 374 3260 est
392 3209 531 3275 peccati
548 3207 766 3260 immortalitati.
804 3208 862 3258 Mr.
1375 3221 1377 3225 ⁴

264 3278 351 3332 Cuius
368 3279 462 3346 igilur
478 3278 570 3344 potius
589 3278 684 3345 opibus
702 3277 827 3343 utamur]
856 3276 969 3345 „Palat
989 3295 1044 3331 sec.
1063 3278 1143 3331 cuius
1160 3278 1255 3346 igitur
1273 3275 1347 3345 opi-

190 3349 383 3416 busmangis
401 3357 519 3414 utemur,
540 3365 617 3419 quam
635 3349 740 3401 luis?“
760 3345 841 3404 cett.
870 3347 981 3399 Habent
998 3349 1092 3414 magis
1109 3365 1163 3417 pro
1179 3348 1274 3416 potius
1291 3349 1346 3401 duo

117 3469 122 3477 ,,
192 3421 263 3473 Oxx.
285 3420 337 3472 ·ln
357 3419 431 3473 Gud.
450 3420 535 3470 Vind.
558 3421 628 3474 1.1.
655 3427 697 3471 est
720 3420 831 3471 alamur
858 3418 966 3486 opibus.
1003 3421 1069 3471 Μοιι
1087 3418 1160 3471 Gud.
1184 3423 1206 3472 1.
1226 3437 1242 3470 a
1262 3423 1286 3473 1.
1306 3437 1345 3470 m.

191 3507 263 3559 quae
285 3493 369 3554 oilae,
401 3490 450 3542 sed
472 3490 576 3544 vocula
601 3494 632 3541 el
658 3489 737 3543 inter
762 3506 861 3541 versus
879 3489 1020 3558 adscripta
1045 3496 1096 3542 est.
1135 3488 1201 3541 Cod.
1222 3489 1295 3540 Gud.
1315 3490 1347 3540 in

191 3578 270 3629 seqq.
291 3563 369 3614 nobie
388 3559 496 3629 largita
514 3577 550 3614 ee.
581 3562 656 3614 Mon.
679 3564 702 3616 1.
722 3559 890 3614 substulisti.
911 3559 984 3613 Gud.
1004 3562 1031 3614 1.
1050 3556 1149 3612 mortis
1168 3558 1267 3612 nodis
1285 3575 1348 3612 eus-

192 3631 291 3684 tulisti.
331 3633 389 3684 Mr.

263 3702 312 3755 Ac
326 3700 504 3772 philosophia
522 3700 643 3774 quidem]
679 3702 751 3755 Dedi
770 3701 814 3755 Ac
830 3719 896 3754 cum
914 3701 983 3752 Dav.
1003 3699 1074 3752 Ern.
1095 3698 1180 3754 Scha.
1200 3701 1290 3753 Nobb.
1312 3719 1348 3754 ex

104 3813 107 3821 .
192 3772 278 3824 Godd.
299 3775 368 3896 liei.
398 3774 471 3838 (sine
495 3776 589 3840 dubio,
615 3791 788 3845 quamquam
813 3771 929 3826 collatio
948 3778 1044 3824 nostra
1067 3772 1154 3836 tacet)
1180 3773 1253 3826 Gud.
1275 3776 1299 3827 l.
1319 3776 1345 3827 1.

191 3845 279 3896 lllarb.
299 3846 339 3897 Re
365 3844 389 3895 d.
410 3846 506 3903 Duisb.
531 3849 606 3898 Mon.
628 3850 651 3899 l.
676 3845 763 3897 Palat.
784 3861 839 3896 sec.
860 3851 953 3913 quart».
982 3842 1076 3912 quint.
1104 3843 1194 3910 Vatic.
1215 3842 1298 3897 Vind.
1319 3845 1344 3896 1.

192 3913 219 3977 (a
240 3920 253 3969 l
284 3934 334 3980 tn,
361 3914 452 3969 altera
474 3919 562 3970 erasit
580 3918 616 3980 c.)
641 3919 667 3970 1.
688 3916 779 3966 tribus
799 3915 869 3970 Oxx.
889 3931 979 3987 marg.
998 3914 1112 3970 Lambh.
1139 3923 1168 3966 ct
1187 3913 1274 3968 Goth.
1311 3913 1346 3964 ln

191 3985 278 4038 Codd.
299 3987 372 4040 Gud.
393 3985 467 4061 Aug.
488 3996 531 4042 est
548 3988 574 4040 Α
592 3984 776 4054 philosophia,
796 3986 827 4037 in
845 4001 903 4037 uuo
923 3984 972 4036 Ox.
997 3983 1046 4037 Ac
1063 4000 1080 4036 a
1096 3983 1197 4053 philos.
1224 3986 1298 4034 lllon.
1321 3987 1345 4037 l.

192 4057 302 4125 quidem
320 4061 350 4110 ia
368 4065 480 4112 lantum.
517 4060 559 4110 De
577 4057 699 4109 formula
719 4074 753 4109 ac
769 4068 804 4094 ·-
824 4055 935 4126 quidem
951 4056 1010 4108 vid.
1029 4057 1138 4110 Handii·
1153 4053 1310 4121 Tursellin.
1321 4055 1344 4107 1.

191 4142 220 4194 P·
242 4129 294 4181 502
313 4146 353 4196 sq.
390 4131 425 4182 In
443 4130 566 4199 reliquis
584 4130 667 4180 libris
687 4136 729 4182 est
751 4125 793 4178 Aa
830 4127 890 4178 Mr.
1034 4172 1037 4179 ,
1196 4180 1200 4186 ,
1270 4147 1273 4156 =

261 4200 412 4265 proinde
430 4216 463 4253 aa
486 4202 520 4254 de
542 4199 686 4254 lominum
709 4204 751 4250 eat
770 4196 830 4250 vita
853 4194 971 4260 merita]
1007 4195 1139 4252 Proinde*
1155 4197 1261 4250 habent
1280 4214 1347 4266 qua-

191 4274 260 4319 tuor
283 4268 368 4322 Codd.
395 4273 467 4325 Oxx.
492 4273 562 4347 Ileg.
587 4271 660 4324 Gud.
683 4273 706 4327 l.
726 4271 752 4324 1.
778 4266 868 4322 liehd.
894 4268 991 4324 Duisb.
1019 4268 1091 4322 Gud.
1120 4271 1194 4320 lllon.
1217 4273 1241 4323 1.
1261 4268 1347 4319 Vind.

194 4340 218 4390 1.
239 4341 264 4392 2.
283 4341 370 4393 llllarb.
392 4351 422 4394 et
439 4341 562 4393 Palatini
581 4340 720 4409 quatuor3
738 4340 866 4408 itemque
884 4339 957 4391 Edd.
976 4339 1009 4390 V.
1029 4338 1097 4393 Rob.
1123 4338 1222 4408 steph.
1248 4339 1346 4391 Herw.

194 4407 285 4462 Gebh.
305 4428 385 4492 seqq.
404 4411 522 4480 Reliqui
537 4410 671 4480 perinde..
693 4413 790 4472 lllonet
809 4411 857 4466 Or.
878 4409 935 4463 iam
954 4409 1102 4465 Ciceronis
1119 4418 1212 4465 aetate
1227 4408 1346 4480 proinde
