2856 5084
193 277 259 345 288
466 324 469 331 ·
546 277 759 345 alcusam
784 273 992 341 usurum

193 437 286 493 enims
315 438 391 495 Nam
417 440 491 497 ailae
513 441 635 496 miserae
656 457 733 495 more
753 438 819 508 fiais
844 457 903 495 esse
919 440 1042 496 uidetur.-
1069 439 1180 496 Morti
1186 457 1216 507 ε,
1246 439 1275 496 si
1294 451 1336 496 eet

192 509 237 562 mi
241 525 371 577 rerum,
391 515 457 578 finis
474 529 536 566 esee
553 512 645 573 nullae
660 517 763 580 potest.
798 512 880 578 Vide,
900 529 972 582 quae
990 514 1113 565 diximus
1132 512 1167 564 ad
1184 513 1208 576 1,
1227 515 1253 570 8.

261 579 333 634 ibid.
371 583 446 638 Quid
465 584 514 645 ille
538 584 597 635 duze
611 581 749 636 leonidas
772 582 852 647 dicii,
877 584 992 658 Pergite
1014 583 1109 636 animo
1133 584 1220 648 forti,
1248 582 1338 637 Lace-

191 651 345 706 daemonii:
371 651 454 709 lodie
477 654 551 720 apud
572 653 689 718 Inferna,
708 653 832 718 fortasse
857 653 1058 719 accendimus]
1105 654 1177 706 Male
1204 670 1275 706 vero
1301 656 1340 706 sit

192 722 338 777 codicibus
356 723 566 792 Manuscriptis,
583 724 635 790 qui
653 739 751 776 omnes
769 725 801 777 in
819 726 938 778 scelesta
962 725 1017 777 hac
1035 733 1064 778 et
1087 725 1279 776 contaminata
1298 726 1341 777 le-

191 795 290 849 ctione
305 794 481 864 -ccnspirant
518 792 577 856 Quo
596 793 675 845 enim
689 796 862 862 pergerent?
882 796 984 865 quibus
1003 795 1033 847 id
1050 812 1142 846 unum
1159 797 1340 864 propositum

192 875 266 930 erat,
295 865 392 918 locum
415 870 584 932 occupatum
606 865 707 929 tutari,
737 874 766 917 et
790 869 888 926 Persas
909 867 978 917 illac
1000 866 1170 917 transituros
1197 866 1336 934 opperiri.

192 936 267 1002 Quid
285 946 380 990 autem
397 934 471 987 illud
491 931 606 1001 pergite
629 935 663 986 ad
689 937 904 989 caenationem?
928 937 977 988 ubi
996 936 1177 988 antitheton?
1205 936 1254 987 ubi
1272 953 1339 987 acn-

191 1011 279 1060 men?
314 1009 433 1059 Crucem
458 1003 614 1076 sane'fixit
632 1004 839 1075 interpretibus
856 1007 928 1059 haec
945 1007 1047 1058 lectio:
1077 1006 1184 1076 quippe
1209 1007 1259 1074 qui
1287 1022 1338 1057 no-

192 1078 335 1130 tissimum
359 1084 396 1129 et‘
410 1073 639 1146 vulgatissimum
663 1076 841 1131 Graecorum
867 1076 1077 1151 apophthegm
1109 1085 1168 1128 tam
1196 1094 1284 1145 prave
1309 1085 1338 1128 et

190 1164 326 1217 perverse
343 1165 361 1198 a
378 1146 516 1199 Cicerone
534 1144 680 1197 redditum
696 1148 745 1199 vel
762 1149 902 1217 suspicari
922 1149 1000 1200 nefas
1019 1149 1172 1200 duxerunt.
1210 1148 1255 1199 Tu
1274 1148 1339 1215 qui-

190 1217 266 1282 dem,
285 1216 362 1286 quod
377 1233 444 1271 eane
457 1214 582 1278 nollem,
600 1217 734 1270 librarios
751 1236 767 1270 a
786 1218 871 1288 culpa
889 1219 1002 1284 liberas,
1021 1217 1134 1270 auctori
1152 1217 1208 1286 ipsi
1226 1218 1338 1270 crimen

189 1286 322 1361 affingiu
339 1287 420 1356 quasi
437 1283 682 1358 ἀριστοποιεῖσθαι,
701 1289 776 1357 quod
794 1289 870 1341 nihil
888 1289 967 1342 aliud
985 1307 1070 1357 qnam
1088 1287 1229 1356 prandere
1248 1289 1338 1361 signi-

189 1359 269 1424 ficat,
298 1357 350 1410 ille
367 1357 635 1428 erroreplusquam
653 1359 762 1428 puerili
780 1376 833 1429 pro
851 1354 1004 1431 ἀριστεύειν
1022 1361 1082 1411 sive
1105 1360 1219 1424 fortiter
1242 1360 1338 1424 facere

187 1428 350 1498 accepisset.
387 1429 463 1481 Bene
479 1445 559 1493 vero,
580 1431 657 1497 quod
674 1447 732 1483 non
749 1431 870 1499 primus,
889 1431 938 1484 sed
961 1438 1025 1500 post
1042 1429 1149 1482 Aldum
1167 1431 1337 1493 Manutium,

188 1498 336 1557 Ciceronis
357 1514 454 1551 manes
478 1507 537 1551 tam
564 1501 693 1571 graviter
714 1501 838 1562 violasti.
875 1501 929 1566 Qui
953 1509 1050 1553 autem
1073 1509 1132 1552 tam
1155 1500 1285 1568 turpiter
1307 1517 1337 1552 se

141 1614 149 1630 ,
187 1569 254 1623 dare
271 1569 378 1639 potuit,
398 1570 497 1638 quise
517 1570 626 1622 Graece
644 1571 809 1625 luculenter
828 1571 902 1625 scire
920 1572 1006 1624 toties
1019 1571 1182 1640 profitetur,
1203 1571 1253 1638 qui
1272 1571 1338 1639 plu-

187 1657 234 1695 res
252 1641 374 1704 Graecos
394 1640 427 1691 in
445 1641 524 1707 unni
542 1641 695 1694 literarum
713 1658 820 1714 genere
838 1643 1043 1695 versutissimas
1062 1641 1139 1693 domi
1158 1640 1258 1704 alebat,
1287 1642 1337 1693 cui

184 1727 301 1780 semper
319 1727 335 1762 a
352 1728 438 1762 manu
458 1713 555 1764 aderat
572 1712 642 1764 Tiro
661 1713 781 1764 libertus
800 1713 950 1781 utriusque
968 1711 1108 1765 sermonis
1126 1711 1339 1779 peritissimus?

187 1780 279 1847 Quid?
305 1798 426 1834 nemone
445 1799 544 1834 eorum
563 1782 665 1851 quibus
690 1783 836 1849 recitabat,
861 1784 963 1853 quibus
987 1781 1120 1834 mittebat
1144 1781 1252 1850 scripta
1275 1800 1335 1846 sua,

186 1867 249 1905 non.
262 1851 377 1916 Brutus,
396 1869 454 1906 non
473 1852 596 1918 Atticus,
614 1861 726 1906 mature
743 1853 894 1908 admonere
912 1856 1043 1923 poterat?
1077 1853 1185 1903 Verum
1205 1860 1277 1905 estc:
1308 1861 1337 1904 et

187 1922 248 1992 ipse
267 1923 375 1976 Graece
393 1924 524 1978 indoctus
542 1925 573 1977 id
590 1924 754 1989 nesciverit,
773 1925 850 1994 quod
866 1923 952 1994 pueri
970 1924 1002 1974 in
1020 1922 1132 1977 Scholis
1152 1921 1338 1975 declamitan-

187 2001 230 2047 tes
248 2001 311 2045 tum
330 1995 470 2060 sciebant;
502 2003 530 2047 et
552 1994 638 2047 eunici
657 1995 846 2048 dormitantes
869 2011 986 2047 monere
1013 1993 1205 2068 neglexerint.
1244 1992 1336 2058 Quid?

186 2081 224 2117 an
240 2080 299 2117 non
317 2065 465 2118 indoctum
483 2065 578 2129 modo,
602 2067 649 2118 sed
668 2075 697 2118 et
714 2065 851 2119 stolidum
868 2065 1069 2136 stupidumque
1095 2064 1254 2147 fingemus?
1282 2073 1338 2117 sto-

154 2174 156 2185 .
186 2135 263 2189 fidus
282 2136 359 2189 enim
379 2146 408 2191 et
424 2135 510 2206 plane
528 2136 677 2205 plumbeus
695 2137 786 2188 fuerit
803 2153 918 2189 necesse
938 2144 988 2202 est,
1008 2135 1059 2203 qui
1068 2136 1208 2188 Leonidae
1228 2135 1338 2186 dictum

186 2213 236 2259 aut
254 2207 295 2260 sic
313 2209 446 2272 verterit,
470 2215 519 2259 aut
537 2207 579 2260 sic
602 2224 719 2259 versum
736 2207 941 2260 collaudaverit
947 2224 957 2270 ,·
984 2207 1035 2275 qui
1051 2206 1163 2259 etiamsi
1190 2206 1222 2256 in
1241 2223 1338 2258 exeru-

185 2276 262 2346 plari
286 2277 397 2333 Graeco
424 2271 579 2347 ἄριστεύετε
603 2278 676 2330 male
700 2277 841 2347 scriptum
871 2295 929 2332 esse
952 2277 1093 2351 fingamus
1120 2293 1173 2346 pro
1199 2277 1334 2341 ἀριστᾶτε,

182 2347 245 2401 'non
263 2348 324 2420 ipse
341 2367 395 2421 per
413 2369 442 2404 se
460 2348 491 2401 vi
509 2348 598 2418 ipsius
616 2348 773 2401 sententiae
793 2356 922 2401 erratum
949 2347 1181 2418 deprehenderit.
1220 2348 1337 2412 Quidvis

186 2419 281 2493 igitur
298 2428 444 2474 tentemus
463 2420 568 2489 potius,
596 2427 626 2471 et
644 2428 745 2470 notum
764 2419 963 2473 Libraricrum
989 2426 1136 2488 stuporem
1164 2419 1336 2483 incusemus,

185 2507 272 2558 quam
289 2499 323 2543 ut
340 2491 491 2566 ingenium
509 2488 602 2542 omnis
627 2489 691 2542 aevi
718 2490 978 2559 praeclarissimum
995 2497 1055 2541 tam
1078 2489 1204 2561 pudendi
1229 2490 1337 2542 erroris

186 2560 382 2614 insimuletur.
412 2561 462 2627 [Et
480 2568 513 2611 tu
531 2559 649 2628 quidem
666 2559 730 2612 iure
748 2561 854 2613 merito
873 2561 959 2612 bonos
978 2559 1045 2612 illos
1062 2561 1150 2624 viros,
1175 2559 1226 2627 qui
1244 2560 1336 2615 Pran-

187 2632 247 2685 dele
264 2630 357 2685 ummo
374 2631 448 2698 forti
465 2628 653 2693 substituunt,
680 2629 733 2682 sibi
751 2648 835 2682 suum
853 2629 959 2683 habere
986 2629 1147 2699 permittis:
1178 2629 1235 2680 hoc
1258 2632 1338 2684 enim

186 2702 235 2755 vel
252 2703 312 2772 ipsa
330 2711 445 2773 recepta
467 2701 593 2754 lectione
618 2708 661 2752 est
683 2699 818 2770 ineptius.
854 2701 927 2754 Vide
945 2708 1051 2764 autem,
1077 2700 1101 2751 si
1120 2715 1171 2752 nos
1189 2700 1266 2753 forte
1285 2702 1340 2752 ali-
1404 2729 1411 2737 ·

187 2773 257 2843 quid
274 2774 365 2848 magis
384 2774 455 2826 scite
475 2771 678 2846 excogitemus.
714 2772 853 2836 Primum,
880 2770 915 2824 de
933 2770 1076 2823 sententia
1099 2769 1209 2822 abunde
1228 2781 1339 2824 constat

187 2863 223 2896 ex
240 2842 305 2896 aliis
324 2844 485 2897 auctoribus
504 2859 571 2894 oum
589 2841 706 2894 Graecis
724 2850 787 2893 tum
805 2841 926 2906 Latinis,
953 2857 1024 2911 quos
1043 2840 1104 2909 ipse
1122 2840 1157 2892 ad
1173 2849 1271 2911 partes
1291 2843 1339 2894 ad-

186 2931 283 2968 vocas:
303 2915 333 2967 id
350 2917 443 2969 solum
461 2911 573 2987 negotii
590 2920 688 2975 restat,
706 2921 740 2975 ut
759 2911 897 2966 eiusmodi
914 2911 1001 2963 verba
1026 2911 1183 2965 sententiae
1202 2912 1338 2981 adapten-

187 2995 244 3051 tur,
263 3003 335 3106 puae
353 2985 388 3039 ad
406 2985 554 3057 vulgatam
572 2983 744 3052 scripturam
762 3000 849 3053 quam
866 2983 999 3053 proxime
1017 2983 1159 3035 accedant.
1197 2983 1271 3038 Quid
1288 2985 1339 3038 ille

186 3058 245 3109 dua
288 3056 403 3109 aonidae
421 3055 510 3109 dicit?
541 3052 654 3119 Pergite
680 3053 774 3107 animo
795 3053 877 3119 forti,
902 3052 1132 3106 Lacedaemonii:
1163 3050 1245 3107 bodie
1262 3056 1338 3122 apud

185 3129 294 3194 inferos
312 3129 432 3192 fortasse
449 3126 631 3179 caenabimue.
667 3124 724 3178 Ubi
742 3123 816 3177 illud
841 3124 909 3178 dicit
932 3124 1138 3244 interpolatum
1155 3125 1281 3190 videtur,
1310 3133 1339 3177 et

187 3215 223 3251 ex
239 3196 332 3273 glossa
349 3199 523 3266 proiectum.
551 3194 651 3247 Scribo
670 3195 773 3269 igitur,
794 3195 929 3249 Quidille
944 3195 1002 3247 dua
1036 3194 1169 3247 aonidae?
1188 3203 1222 3246 ut
1239 3196 1337 3265 paullo

186 3263 592 3337 ante‚1aquoeSimonidea:
618 3274 647 3318 et
671 3265 713 3317 ita
729 3266 840 3335 passim.
879 3265 987 3318 Deinde
1012 3282 1046 3318 ex
1069 3265 1130 3316 illis
1149 3264 1266 3334 Pergite
1290 3268 1337 3320 aio

185 3341 257 3404 forti
273 3338 345 3392 haec
364 3338 501 3402 extundo,
520 3343 549 3388 et
567 3344 661 3388 totum
678 3337 775 3388 locum
793 3338 835 3389 sic
854 3337 995 3405 concipio,
1015 3335 1165 3402 Prandete,
1185 3338 1235 3402 ait,
1251 3355 1266 3390 a
1276 3339 1337 3402 for·

186 3417 230 3475 tes
247 3409 474 3462 Lacedaemonii:
494 3406 577 3460 lodie
595 3409 671 3474 apud
687 3406 796 3472 inferos
814 3408 936 3473 fortusse
954 3407 1138 3460 caenabimue.
1172 3407 1244 3461 Sane
1263 3408 1336 3460 illud

186 3483 308 3548 oroma
332 3483 364 3534 in
388 3479 553 3534 hortatione
576 3479 706 3548 apprime
736 3479 881 3534 convenit.
924 3479 1009 3532 Nosti
1035 3479 1110 3531 illud
1133 3479 1240 3532 Teucri
1264 3481 1338 3549 apud

185 3554 347 3620 Horatium,

351 3625 373 3679 0
392 3627 491 3690 fortes,
509 3623 659 3692 peioraque
676 3623 757 3691 paesi
851 3669 856 3680 ,

421 3697 533 3748 Mecum.
550 3711 633 3762 saepe
650 3695 715 3761 uiri,
740 3709 811 3747 nuuc
832 3693 897 3746 uiuo
912 3694 1009 3760 pellite
1026 3710 1117 3747 curas.

186 3771 217 3824 Si
236 3770 287 3839 qui
303 3775 400 3820 autem
420 3768 486 3832 sint,
506 3767 607 3836 quibus
625 3782 683 3818 non
699 3765 796 3836 placet
815 3773 849 3818 ut
866 3765 898 3817 τὸ
918 3766 987 3820 dicit
1006 3767 1108 3818 invitis
1124 3764 1268 3818 codicibus
1288 3767 1339 3817 eii-

186 3842 289 3902 ciatur‚
310 3841 345 3890 iis
364 3839 443 3891 aliud
461 3839 627 3890 exhibemus
644 3837 700 3888 hoc
719 3835 815 3887 modo:
851 3836 923 3891 Quid
950 3837 999 3890 ille
1017 3837 1074 3889 dua
1092 3834 1232 3889 Leonidae
1251 3835 1339 3889 dicit?

185 3912 384 3975 Prandeamas,
410 3927 427 3963 o
453 3911 544 3974 fortes
568 3907 793 3960 Lacedaemoniis
828 3907 1069 3974 quemadmodum
1095 3909 1127 3959 ab
1154 3907 1265 3960 Isidoro
1283 3907 1340 3959 hoc

185 3984 296 4036 dictum
319 3984 471 4052 profertur
496 3979 575 4053 Orig.
599 3979 657 4044 XX,
676 3981 703 4033 2.
750 3978 864 4031 Veteres
886 3977 1039 4032 Prandium
1061 3979 1193 4032 vocabant
1216 3978 1340 4032 oninium

184 4055 303 4109 militum
320 4055 412 4107 cibam
430 4058 494 4104 ante
514 4066 649 4120 pugnam:
673 4049 743 4102 unde
761 4055 802 4101 eet
819 4047 891 4102 illud
908 4050 996 4104 Ducis
1014 4052 1175 4118 alloquium,
1194 4049 1340 4103 Pranden-

114 4131 115 4134 ’
187 4142 256 4190 mue,
275 4133 408 4195 tauquam
427 4123 503 4191 apud
520 4121 627 4188 inferos
645 4123 798 4174 caenaturi·
834 4121 980 4173 Neutrum
1004 4139 1039 4174 ex
1063 4121 1110 4175 his
1135 4121 1222 4173 nimis
1248 4120 1339 4193 longe

187 4198 333 4250 aberrata
357 4202 472 4260 recepta
495 4192 629 4248 lectione.
668 4192 723 4257 Qui
751 4192 870 4260 propius
894 4193 966 4261 quid
983 4201 1013 4245 et
1030 4193 1094 4246 veri
1119 4192 1242 4245 similius
1261 4207 1339 4244 com-

186 4267 367 4330 miniscetur,
393 4266 517 4336 palmam
534 4282 589 4334 per
606 4281 651 4316 me
671 4264 790 4317 auferat.
827 4263 861 4316 ld
879 4264 962 4317 modo
981 4265 1072 4315 fixum
1090 4265 1339 4330 constitutumque

188 4339 234 4406 sit,
254 4355 312 4391 non
330 4337 478 4390 Ciceronis
499 4337 551 4388 hic
568 4336 683 4405 culpam
702 4352 771 4401 esse,
797 4335 848 4386 sed
864 4330 1083 4398 librariorum]

257 4406 275 4444 ’⁸‘
294 4409 370 4476 Quae
388 4408 502 4460 uncinis
521 4407 701 4470 inclusimus,
720 4423 752 4459 ea
768 4406 867 4459 omnia
882 4405 1030 4459 Rentleius
1053 4405 1085 4458 in
1103 4407 1181 4460 curis
1199 4404 1341 4468 secundis,
