2856 5084
276 304 317 367 tt
475 301 709 367 CICERONIS
728 258 977 366 absconsa.
1002 299 1235 365 DISPUTAT.

276 466 482 532 nobilitatem
501 486 640 531 coronae
656 476 820 548 peterent,-
856 466 917 530 atti
937 465 1058 529 arcadi
1077 475 1136 528 aut
1154 464 1312 530 vendendi
1337 482 1422 549 quae

276 560 384 616 sla-st
418 552 514 615 iacro
534 551 740 613 ducerentur:
772 559 855 613 esset
876 559 978 613 autem
1007 549 1169 640 quoddam
1183 568 1287 631 genus
1314 568 1421 612 eorum

276 635 371 717 idque
403 635 454 696 oei
487 638 618 696 maxime
651 638 834 715 iugenuam,
868 636 925 715 qui
964 652 1023 694 uec
1050 633 1196 712 plausum
1228 651 1286 694 aec
1311 631 1418 694 lucra

276 727 477 800 quaererent,
498 717 557 780 sed
577 718 701 780 uisendi
730 736 829 781 caasa
855 719 1011 794 venirent,
1039 715 1254 796 studioseque
1269 719 1421 796 perspice

277 810 357 874 reat,
379 801 457 883 quid
479 809 632 882 ageretur
653 809 683 861 et
705 819 767 882 quo
788 799 900 861 modo:
927 801 1000 861 item
1021 817 1081 860 aas
1100 801 1194 879 quasi
1214 800 1250 861 iu
1274 809 1414 861 mercat

286 928 344 935 ..-

275 987 395 1043 Meni
423 982 510 1041 habet
537 991 562 1038 et
590 1002 643 1056 pro
671 992 735 1050 aut;
763 1002 828 1038 cum
856 985 916 1036 illis
936 984 1007 1038 Pall.
1030 985 1142 1039 faciunt
1165 984 1220 1038 duo
1247 986 1316 1039 Oxx.
1342 987 1422 1042 codd

276 1057 352 1111 cua.
371 1052 503 1111 etDuisb.
523 1057 629 1109 habent
647 1055 783 1109 vendendi
801 1061 833 1107 et
853 1055 969 1109 emendi.
990 1055 1056 1111 eoa
1067 1055 1186 1113 Vinia
1208 1057 1264 1110 alii
1281 1056 1422 1113 uendendi

274 1128 310 1181 In
328 1119 406 1200 seqq.
427 1136 491 1196 post
509 1128 589 1198 idque
606 1124 704 1182 Duisb.
725 1127 835 1180 omittit
853 1127 911 1191 ael,·
931 1127 1004 1180 Gud.
1024 1130 1049 1182 2.
1069 1144 1136 1180 cum
1160 1126 1267 1180 duobus
1286 1127 1356 1181 Oxx.
1382 1147 1419 1181 ex

273 1197 356 1251 hibet
373 1198 518 1270 ingenium
535 1215 589 1269 pro
607 1200 766 1265 iugenuam.
804 1200 870 1250 Mox
887 1200 1023 1253 uenissent
1045 1214 1098 1268 pro
1123 1197 1249 1271 venirent
1274 1217 1348 1251 unus
1367 1199 1417 1252 Ox.

273 1268 348 1320 alius
367 1268 571 1337 studiosique;
591 1269 663 1319 alius
678 1284 730 1336 per
736 1268 874 1334 ficereal.
894 1268 979 1322 Vind.
992 1272 1014 1323 1.
1026 1268 1276 1331 studiosacmisso
1286 1285 1346 1340 que.
1367 1270 1421 1324 Mr

344 1341 402 1392 Ita
421 1354 471 1391 aas
489 1339 569 1406 quasi
586 1339 617 1391 in
634 1346 825 1394 mercatum
843 1341 990 1408 quadam
1007 1340 1216 1395 celebritate
1234 1356 1268 1392 er
1286 1340 1356 1393 urbe
1374 1342 1418 1403 ali

275 1408 338 1478 qua]
375 1410 444 1474 „Ita
462 1409 603 1482 scriptum
621 1409 712 1462 estin
731 1409 865 1480 antiquo:
894 1427 960 1463 cum
988 1411 1020 1463 in
1038 1410 1104 1463 aliis
1122 1411 1161 1463 sit
1186 1411 1255 1464 ilem
1273 1416 1301 1464 et
1318 1428 1407 1464 merc

275 1479 384 1543 catus.“
424 1478 522 1536 Ursiu.
1187 1479 1189 1492 '

343 1550 432 1604 Item
458 1567 509 1606 aas
536 1552 617 1622 quasi
639 1548 671 1604 ire
697 1557 875 1604 mercatus
908 1552 1083 1620 quasdam
1116 1549 1368 1606 celebritatem
1395 1569 1428 1606 ea

274 1621 340 1677 urbe
359 1621 466 1691 aliqua]
504 1621 577 1690 „Sic
595 1621 668 1696 legit
686 1619 796 1676 Nonius
824 1622 861 1686 [5,
881 1624 924 1679 ib·
944 1640 972 1692 p.
992 1625 1112 1677 Mercer·
1132 1625 1195 1677 431.
1214 1626 1258 1678 20.
1278 1642 1305 1674 v.
1326 1623 1420 1692 mera]

275 1692 358 1760 cuius
375 1691 575 1747 auctoritatem
600 1701 711 1745 secutus
734 1692 775 1744 sio
803 1693 942 1747 edendum
960 1693 1072 1747 curavi.
1095 1691 1206 1757 [absunt
1231 1693 1303 1747 haec
1321 1712 1337 1747 a
1355 1696 1398 1746 Bu

274 1761 331 1814 le'io
359 1762 392 1816 de
418 1762 492 1814 Vitis
518 1771 546 1816 et
570 1762 694 1817 Moribus
718 1761 905 1835 Philosopph.
930 1771 959 1816 et
981 1765 1073 1816 Poett.
1096 1763 1148 1817 fol.
1170 1766 1211 1818 18.
1242 1764 1310 1817 edit.
1350 1766 1418 1819 rinc

274 1831 409 1897 Klein.]“
431 1830 556 1889 lambio.
583 1831 674 1898 [Idem
699 1833 731 1885 in
754 1835 831 1886 curis
855 1850 908 1886 sec.
934 1833 1057 1886 addidit:
1090 1835 1190 1897 „Nam
1207 1833 1279 1888 libri
1298 1783 1375 1890 Mis.
1397 1855 1428 1890 e·

273 1903 387 1977 vulgati
412 1903 519 1956 habent
547 1904 577 1957 ia
600 1910 754 1957 aeercatus
779 1904 915 1972 quadam
938 1903 1116 1957 celebritate:
1141 1904 1317 1972 mendose.“]
1366 1908 1421 1973 „1

274 1983 373 2026 nostro
390 1973 446 2029 MS.
467 1983 509 2028 est
526 1983 561 2028 ut
578 1975 653 2046 apud
671 1974 831 2030 Nonium.“
850 1976 910 2029 Fra.
931 1974 1014 2028 Febr.
1052 1975 1143 2040 „Non
1168 1974 1253 2029 video
1279 1993 1333 2029 cur
1356 1978 1428 2032 hae

274 2044 362 2096 lectio
380 2045 476 2097 Nonio
520 2045 647 2111 radosta,
673 2045 810 2099 Lambino
830 2044 932 2098 deinde
958 2045 1085 2114 probata,
1111 2045 1232 2098 reiicula
1260 2048 1389 2116 quibusd
1405 2074 1421 2095 tt

273 2131 331 2169 esse
350 2114 461 2167 debeat:
488 2063 558 2179 iilis,
585 2124 619 2167 ut
641 2115 758 2169 fastidio
782 2131 832 2167 suo
850 2124 969 2187 parcant
987 2131 1095 2190 oggero
1122 2116 1324 2171 anctoritatem
1342 2119 1420 2172 Febr

202 2219 208 2229 -
272 2202 307 2239 ec
329 2185 455 2241 vatican.
493 2187 568 2237 Nam
596 2195 675 2239 certe
698 2187 832 2260 vulgatae
860 2201 918 2238 non
944 2189 1028 2255 potui
1054 2187 1249 2256 adquiescere:
1283 2189 1366 2257 quasi
1397 2207 1428 2244 ss

272 2264 411 2310 mercatus
428 2257 564 2325 quandam
583 2256 770 2324 celebritatem
789 2273 823 2308 ea
840 2256 909 2308 urbe
927 2255 1032 2326 aliqua·
1069 2257 1193 2312 Palatia.
1220 2265 1318 2312 tamen
1342 2260 1408 2331 qu⁰.

272 2322 422 2396 tus'quasi
444 2329 473 2381 iu
498 2327 666 2381 mercatum
694 2327 829 2397 quadam
846 2326 1047 2380 celebritate.“
1066 2325 1148 2382 Gabi.
1186 2327 1243 2378 Vul
1264 2339 1310 2382 ata
1336 2331 1427 2385 lectio

272 2398 330 2451 fui-t
348 2399 467 2464 quadam
483 2399 656 2453 celebritate.
676 2399 706 2451 id
724 2398 862 2451 attentius
879 2396 996 2453 debebat
1014 2408 1115 2451 notare
1132 2398 1253 2454 velGeb
1276 2401 1361 2454 ardus
1379 2421 1415 2457 ve

273 2468 505 2540 typographusf‘
542 2468 659 2524 Graecae.

342 2541 389 2593 lta
413 2557 462 2593 uos
485 2538 567 2609 quasi
586 2539 616 2593 ite
637 2544 773 2593 mercatus
796 2539 935 2615 quamdam
959 2536 1142 2594 celebritatem
1166 2556 1201 2593 ex
1223 2541 1291 2594 urbe
1318 2538 1416 2612 aliqua

194 2637 203 2653 ·
273 2609 323 2665 Sic
339 2610 452 2662 Nonius
470 2611 501 2661 in
518 2626 605 2664 merx.
643 2609 716 2663 Aliis
735 2611 801 2664 item
820 2626 882 2674 aas,
918 2609 967 2663 sic
985 2607 1162 2684 Pythagoras
1180 2620 1276 2666 autem
1294 2612 1330 2664 ad
1348 2632 1391 2667 su
1406 2638 1421 2662 ι.

273 2684 336 2751 aspi
353 2684 399 2747 τῆς
416 2682 653 2749 paramonarius
671 2681 834 2745 doctrinam.
849 2680 980 2750 respicit,
999 2680 1032 2733 de
1052 2697 1108 2751 qua
1117 2683 1178 2735 fuse
1197 2682 1283 2736 Conr-
1304 2682 1385 2738 Ritte
1406 2710 1411 2729 s

272 2749 373 2807 husius
393 2752 424 2802 in
440 2751 639 2822 Porphyrium
656 2751 713 2806 Vit.
734 2751 819 2820 Pyth.
839 2750 861 2816 ᾗ.
883 2753 924 2806 19.
944 2752 991 2806 45„
1024 2750 1062 2803 D.

342 2823 388 2876 Ita
405 2821 465 2887 reos]
502 2823 575 2888 „lta
593 2839 646 2891 pro
664 2821 731 2875 item
748 2823 826 2876 dedit
844 2821 986 2876 Davisius.
1005 2821 1085 2875 bene.
1110 2820 1159 2874 Sic
1178 2828 1207 2873 et
1225 2819 1283 2875 MS.
1304 2823 1428 2884 Gueli.‘

272 2893 341 2947 Era.
379 2894 500 2976 „Vulgo
518 2894 594 2956 item,
614 2891 894 2967 quod'mutarienon
921 2891 1049 2947 debebat.
1083 2892 1265 2965 Frequenter
1289 2884 1368 2950 ciim
1395 2896 1426 2953 id

234 2966 304 3029 sin
323 2973 536 3036 comparatione
555 2962 696 3018 diciturf‘
730 2962 842 3019 Nisseee.

342 3037 361 3088 1
365 3042 427 3089 tem
451 3033 518 3101 aas]
555 3032 740 3087 Commendat
766 3033 883 3104 quidem
909 3033 976 3090 Biss.
1000 3032 1190 3105 scriptionem
1211 3035 1255 3090 ita
1287 3051 1321 3089 eo
1351 3043 1428 3108 quot

271 3106 345 3176 apud
362 3104 555 3157 Iamblichum
573 3100 808 3176 antecedentia:
825 3101 880 3175 mia
898 3105 1050 3177 respondet
1069 3104 1139 3159 aira
1159 3103 1204 3172 δή,
1231 3104 1319 3158 sich.
1339 3106 1360 3158 l.
1382 3109 1419 3161 it

82 3171 88 3180 ’
179 3223 184 3232 ,
272 3176 409 3245 respiciat
432 3175 467 3227 ad
491 3173 566 3227 illic:
590 3175 751 3230 cicentem
772 3176 945 3247 respondere
969 3177 1010 3229 ait
1036 3176 1218 3230 antecedenti
1243 3175 1333 3298 quasi.
1370 3177 1420 3232 Se

271 3246 369 3299 dicere
388 3263 454 3299 eum
472 3246 582 3315 aliquid
601 3245 804 3313 existimarem,
832 3246 857 3298 si
874 3245 916 3298 ila
940 3255 1017 3299 esset¹
1030 3245 1061 3297 in
1084 3247 1201 3316 optimis
1224 3247 1249 3299 li
1267 3248 1322 3299 ris:
1348 3266 1428 3301 nun

271 3318 378 3382 eadem,
399 3316 527 3386 qua‘illc
544 3316 618 3380 vult,
637 3316 780 3370 sententia
796 3317 882 3370 facile
900 3318 963 3369 fero
983 3317 1014 3370 in
1032 3316 1146 3386 apodosi
1169 3318 1237 3370 item
1254 3335 1322 3370 cum
1338 3318 1401 3374 Wo

191 3420 192 3425 =
270 3389 319 3452 fio,
339 3387 490 3440 schefer.
510 3403 575 3438 cum
593 3387 754 3441 Goerenzio
780 3387 816 3440 ad
834 3387 894 3443 cic.
921 3387 956 3440 de
974 3387 1060 3439 Fian-
1080 3387 1133 3442 111.
1156 3390 1198 3443 14.
1218 3390 1261 3444 48.
1291 3388 1340 3440 ubi
1367 3399 1427 3447 estt

270 3466 308 3510 ut
327 3460 409 3522 enias,
429 3459 477 3525 qui
494 3456 617 3510 demersi
633 3463 696 3517 suat
716 3489 750 3501 -
770 3480 817 3511 -.·
836 3458 918 3512 item
954 3457 984 3510 ui
999 3457 1139 3524 processit
1159 3467 1215 3512 cet.
1252 3459 1292 3511 Et
1319 3458 1428 3514 haben

270 3531 337 3580 item
361 3527 447 3584 eota.
472 3529 541 3601 Reg.
571 3529 645 3582 Gud·
664 3533 689 3585 1.
708 3528 734 3581 2.
759 3529 846 3582 Marb.
873 3475 971 3587 miii.
1001 3531 1076 3582 Mon.
1100 3533 1127 3585 1.,
1151 3531 1180 3589 2
1206 3537 1237 3584 et
1260 3538 1326 3582 octo
1352 3529 1425 3585 Oxx.

272 3597 354 3650 Solus
373 3598 447 3651 Gud.
467 3600 579 3653 omittit
597 3617 660 3653 eam
676 3615 787 3652 vocem.
824 3600 885 3654 Mr-
924 3622 929 3634 ¹

343 3690 425 3757 quati
444 3719 475 3730 -
495 3689 549 3755 sic]
586 3689 677 3761 Huius
707 3696 870 3742 structurae
899 3687 1031 3757 exemplo
1057 3685 1143 3741 affert
1170 3687 1275 3745 Ochsn.¹
1299 3689 1361 3743 cie.
1390 3690 1427 3747 de

270 3757 337 3814 Sen.
358 3764 405 3816 llt
424 3758 616 3827 Regaaadam
634 3767 802 3827 tanquam
818 3764 916 3817 caetra
934 3759 1075 3824 morbum,
1099 3760 1154 3812 sic
1177 3766 1275 3813 cantra
1303 3768 1427 3816 senectu-

271 3835 341 3895 iem3
359 3829 394 3886 de
413 3831 477 3885 Sen.
498 3835 540 3889 to.
562 3839 636 3888 extr.
657 3830 738 3898 quasi
753 3845 845 3898 pcata,
865 3829 908 3882 sic
925 3829 1029 3894 uitam3
1046 3830 1080 3882 de
1098 3831 1211 3884 invent.
1232 3831 1256 3882 1.
1275 3833 1307 3884 3:
1328 3840 1359 3886 ttt
1376 3831 1427 3888 ito·

120 3888 122 3892 ⁸
226 3967 229 3969 Α
269 3903 356 3956 mines
375 3936 407 3946 -
428 3903 531 3973 quasi
549 3919 584 3961 ea
603 3902 767 3955 -turbida
785 3902 990 3968 tempestatem
1004 3908 1128 3969 partum
1154 3900 1201 3955 sic
1218 3917 1253 3954 ea
1271 3927 1305 3938 -
1323 3905 1425 3959 rumai·

268 3980 348 4028 tussa
371 3977 431 4030 uita
456 3991 486 4027 se
512 3973 542 4027 ia
567 3974 691 4028 studium
712 3972 829 4045 aliquod
856 3972 999 4024 traderent
1018 3971 1147 4042 quietam.
1184 3972 1255 4026 Ati.
1275 3974 1353 4032 Lasl.
1375 3979 1425 4036 123

269 4043 564 4113 montaniacum
581 4047 657 4114 equis
674 4043 798 4108 tardatis,
817 4043 859 4096 sie
877 4043 1017 4096 amicitiis
1036 4071 1069 4080 —
1088 4044 1148 4096 Mr.
1407 4050 1417 4081 ·'

339 4134 370 4186 ia
386 4141 540 4189 mercatus
559 4132 712 4203 quamdam
731 4131 942 4199 celebritatem]
979 4131 1023 4184 Ita
1046 4132 1123 4185 edidi
1148 4149 1184 4185 ex
1202 4132 1308 4200 Nonio,
1335 4133 1423 4188 cota.

269 4204 329 4258 Cat.
357 4215 481 4275 quatuor
508 4205 577 4258 Oxx.
608 4203 681 4258 Gud.
701 4205 726 4258 2
752 4202 849 4255 Duisb.
870 4203 943 4256 Gud.
964 4206 1041 4256 Mon.
1062 4207 1086 4257 1.
1107 4203 1190 4256 Vinci·
1210 4206 1236 4260 2.
1265 4221 1332 4256 cum
1349 4204 1423 4258 Edi.

270 4277 366 4328 Lamb.
395 4276 486 4331 Gebh.
510 4291 588 4343 seqq.
633 4274 778 4327 scribitur
802 4275 994 4328 immersatue
1021 4272 1157 4343 quandam
1190 4274 1365 4329 celeritate
1391 4276 1424 4329 in

262 4345 336 4410 Cod.
361 4343 546 4410 Marb.‚›ita
565 4359 618 4396 uos
642 4361 713 4398 eum
738 4347 770 4399 ie
795 4344 963 4399 mercatii's
989 4344 1125 4412 quadam
1149 4347 1324 4400 celebritate
1354 4345 1422 4400 coa.

270 4416 361 4492 Augu
380 4422 546 4471 aureatam
562 4415 648 4471 habet
665 4415 755 4470 acha.
774 4432 840 4470 cum
857 4433 916 4470 uno
933 4417 984 4472 ox.
1004 4423 1034 4469 et
1051 4415 1135 4469 Vind.
1155 4420 1186 4484 13
1214 4417 1356 4487 quadem
1377 4432 1423 4472 ce·
