<?xml version="1.0" encoding="UTF-8"?>
<!DOCTYPE html PUBLIC "-//W3C//DTD XHTML 1.0 Transitional//EN"
    "http://www.w3.org/TR/xhtml1/DTD/xhtml1-transitional.dtd">
<html xmlns="http://www.w3.org/1999/xhtml" xml:lang="en" lang="en">
 <head>
  <title>
</title>
<meta http-equiv="Content-Type" content="text/html;charset=utf-8" />
  <meta name='ocr-system' content='tesseract 3.04.00' />
  <meta name='ocr-capabilities' content='ocr_page ocr_carea ocr_par ocr_line ocrx_word'/>
</head>
<body>
  <div class='ocr_page' id='page_1' title='image "./mtulliiciceroni02davigoog/mtulliiciceroni02davigoog_0024.png"; bbox 0 0 2856 5084; ppageno 0'>
   <div class='ocr_carea' id='block_1_1' title="bbox 551 260 1301 369">
    <p class='ocr_par' dir='ltr' id='par_1_1' title="bbox 551 260 1301 369">
     <span class='ocr_line' id='line_1_1' title="bbox 551 260 1301 369; baseline 0.004 -45"><span class='ocrx_word' id='word_1_1' title='bbox 551 260 852 369; x_wconf 6' lang='lat' dir='ltr'><strong>muletam</strong></span> <span class='ocrx_word' id='word_1_2' title='bbox 1197 330 1200 334; x_wconf 67' lang='grc'><em>,</em></span> <span class='ocrx_word' id='word_1_3' title='bbox 1259 263 1301 328; x_wconf 76' lang='lat' dir='ltr'><strong>la</strong></span> 
     </span>
    </p>
   </div>
   <div class='ocr_carea' id='block_1_2' title="bbox 135 423 1302 833">
    <p class='ocr_par' dir='ltr' id='par_1_2' title="bbox 135 423 1302 833">
     <span class='ocr_line' id='line_1_2' title="bbox 149 423 1302 509; baseline 0.002 -24"><span class='ocrx_word' id='word_1_4' title='bbox 149 424 273 486; x_wconf 89' lang='lat' dir='ltr'><strong>tiorum</strong></span> <span class='ocrx_word' id='word_1_5' title='bbox 294 443 534 507; x_wconf 78' lang='lat' dir='ltr'><strong>causarumque</strong></span> <span class='ocrx_word' id='word_1_6' title='bbox 554 425 714 508; x_wconf 86' lang='lat' dir='ltr'><strong>cuiusque</strong></span> <span class='ocrx_word' id='word_1_7' title='bbox 746 426 798 487; x_wconf 88' lang='lat' dir='ltr'><strong>rei</strong></span> <span class='ocrx_word' id='word_1_8' title='bbox 825 423 1029 509; x_wconf 71' lang='lat' dir='ltr'><strong>eugubium,</strong></span> <span class='ocrx_word' id='word_1_9' title='bbox 1055 423 1120 486; x_wconf 88' lang='lat' dir='ltr'><strong>bec</strong></span> <span class='ocrx_word' id='word_1_10' title='bbox 1146 424 1302 508; x_wconf 85' lang='lat' dir='ltr'><strong>pulcher-</strong></span> 
     </span>
     <span class='ocr_line' id='line_1_3' title="bbox 135 507 1302 589; baseline 0 -21"><span class='ocrx_word' id='word_1_11' title='bbox 135 510 270 578; x_wconf 83' lang='lat' dir='ltr'><strong>rimum</strong></span> <span class='ocrx_word' id='word_1_12' title='bbox 294 527 414 568; x_wconf 89' lang='lat' dir='ltr'><strong>nomen</strong></span> <span class='ocrx_word' id='word_1_13' title='bbox 436 507 524 588; x_wconf 87' lang='lat' dir='ltr'><strong>apud</strong></span> <span class='ocrx_word' id='word_1_14' title='bbox 543 510 698 589; x_wconf 86' lang='lat' dir='ltr'><strong>antiquos</strong></span> <span class='ocrx_word' id='word_1_15' title='bbox 725 509 973 589; x_wconf 78' lang='lat' dir='ltr'><strong>assequebatur.</strong></span> <span class='ocrx_word' id='word_1_16' title='bbox 1023 507 1139 588; x_wconf 85' lang='lat' dir='ltr'><strong>ltaque</strong></span> <span class='ocrx_word' id='word_1_17' title='bbox 1166 510 1302 569; x_wconf 69' lang='lat' dir='ltr'><strong>et&#39;illos</strong></span> 
     </span>
     <span class='ocr_line' id='line_1_4' title="bbox 147 582 1302 674; baseline 0.001 -24"><span class='ocrx_word' id='word_1_18' title='bbox 147 598 285 670; x_wconf 85' lang='lat' dir='ltr'><strong>septem,</strong></span> <span class='ocrx_word' id='word_1_19' title='bbox 311 591 411 668; x_wconf 90' lang='lat' dir='ltr'><strong>quia</strong></span> <span class='ocrx_word' id='word_1_20' title='bbox 440 589 577 650; x_wconf 83' lang='lat' dir='ltr'><strong>Graecis</strong></span> <span class='ocrx_word' id='word_1_21' title='bbox 605 582 719 674; x_wconf 81' lang='grc' dir='ltr'><em>σοφοί,</em></span> <span class='ocrx_word' id='word_1_22' title='bbox 749 593 957 670; x_wconf 86' lang='lat' dir='ltr'><strong>sapientcsa</strong></span> <span class='ocrx_word' id='word_1_23' title='bbox 989 593 1112 650; x_wconf 68' lang='lat' dir='ltr'><strong>normis</strong></span> <span class='ocrx_word' id='word_1_24' title='bbox 1138 599 1172 650; x_wconf 88' lang='lat' dir='ltr'><strong>et</strong></span> <span class='ocrx_word' id='word_1_25' title='bbox 1204 591 1302 652; x_wconf 90' lang='lat' dir='ltr'><strong>habe-</strong></span> 
     </span>
     <span class='ocr_line' id='line_1_5' title="bbox 146 671 1300 758; baseline 0.002 -27"><span class='ocrx_word' id='word_1_26' title='bbox 146 671 269 732; x_wconf 87' lang='lat' dir='ltr'><strong>bantur</strong></span> <span class='ocrx_word' id='word_1_27' title='bbox 291 679 325 744; x_wconf 82' lang='lat' dir='ltr'><strong>ct</strong></span> <span class='ocrx_word' id='word_1_28' title='bbox 346 671 617 757; x_wconf 69' lang='lat' dir='ltr'><strong>nominabantur,</strong></span> <span class='ocrx_word' id='word_1_29' title='bbox 640 681 674 733; x_wconf 88' lang='lat' dir='ltr'><strong>ct</strong></span> <span class='ocrx_word' id='word_1_30' title='bbox 695 673 809 733; x_wconf 89' lang='lat' dir='ltr'><strong>multis</strong></span> <span class='ocrx_word' id='word_1_31' title='bbox 830 679 908 734; x_wconf 91' lang='lat' dir='ltr'><strong>ante</strong></span> <span class='ocrx_word' id='word_1_32' title='bbox 928 671 1073 733; x_wconf 85' lang='lat' dir='ltr'><strong>saeculis</strong></span> <span class='ocrx_word' id='word_1_33' title='bbox 1092 672 1300 758; x_wconf 76' lang='lat' dir='ltr'><strong>Lycurgum,</strong></span> 
     </span>
     <span class='ocr_line' id='line_1_6' title="bbox 136 753 1301 833; baseline 0.003 -20"><span class='ocrx_word' id='word_1_34' title='bbox 136 756 240 822; x_wconf 67' lang='lat' dir='ltr'><strong>‚cuius</strong></span> <span class='ocrx_word' id='word_1_35' title='bbox 264 753 471 833; x_wconf 80' lang='lat' dir='ltr'><strong>temporibus</strong></span> <span class='ocrx_word' id='word_1_36' title='bbox 500 753 670 815; x_wconf 82' lang='lat' dir='ltr'><strong>Homerus</strong></span> <span class='ocrx_word' id='word_1_37' title='bbox 699 755 927 827; x_wconf 83' lang='lat' dir='ltr'><strong>ctiam·suisse</strong></span> <span class='ocrx_word' id='word_1_38' title='bbox 954 761 1033 815; x_wconf 88' lang='lat' dir='ltr'><strong>ante</strong></span> <span class='ocrx_word' id='word_1_39' title='bbox 1061 753 1147 814; x_wconf 88' lang='lat' dir='ltr'><strong>hanc</strong></span> <span class='ocrx_word' id='word_1_40' title='bbox 1177 753 1301 816; x_wconf 87' lang='lat' dir='ltr'><strong>Urbem</strong></span> 
     </span>
    </p>
   </div>
   <div class='ocr_carea' id='block_1_3' title="bbox 142 953 1300 1029">
    <p class='ocr_par' dir='ltr' id='par_1_3' title="bbox 142 953 1300 1029">
     <span class='ocr_line' id='line_1_7' title="bbox 142 953 1300 1029; baseline 0 -20"><span class='ocrx_word' id='word_1_41' title='bbox 142 956 281 1026; x_wconf 81' lang='lat' dir='ltr'><strong>probante</strong></span> <span class='ocrx_word' id='word_1_42' title='bbox 299 956 342 1011; x_wconf 87' lang='lat' dir='ltr'><strong>cl.</strong></span> <span class='ocrx_word' id='word_1_43' title='bbox 362 955 510 1008; x_wconf 86' lang='lat' dir='ltr'><strong>Bentleio:</strong></span> <span class='ocrx_word' id='word_1_44' title='bbox 530 971 596 1006; x_wconf 90' lang='lat' dir='ltr'><strong>nam</strong></span> <span class='ocrx_word' id='word_1_45' title='bbox 614 954 704 1029; x_wconf 79' lang='lat' dir='ltr'><strong>vulgo</strong></span> <span class='ocrx_word' id='word_1_46' title='bbox 722 954 800 1008; x_wconf 83' lang='lat' dir='ltr'><strong>deest</strong></span> <span class='ocrx_word' id='word_1_47' title='bbox 818 953 940 1009; x_wconf 81' lang='lat' dir='ltr'><strong>secunda</strong></span> <span class='ocrx_word' id='word_1_48' title='bbox 962 971 1031 1022; x_wconf 84' lang='lat' dir='ltr'><strong>rex,</strong></span> <span class='ocrx_word' id='word_1_49' title='bbox 1054 973 1109 1009; x_wconf 88' lang='lat' dir='ltr'><strong>uec</strong></span> <span class='ocrx_word' id='word_1_50' title='bbox 1134 973 1197 1010; x_wconf 87' lang='lat' dir='ltr'><strong>eam</strong></span> <span class='ocrx_word' id='word_1_51' title='bbox 1214 955 1300 1011; x_wconf 79' lang='lat' dir='ltr'><strong>Oedi·</strong></span> 
     </span>
    </p>
   </div>
   <div class='ocr_carea' id='block_1_4' title="bbox 143 1026 1302 1242">
    <p class='ocr_par' dir='ltr' id='par_1_4' title="bbox 143 1026 1302 1242">
     <span class='ocr_line' id='line_1_8' title="bbox 145 1026 1302 1165; baseline 0.001 -15"><span class='ocrx_word' id='word_1_52' title='bbox 145 1043 191 1080; x_wconf 53' lang='grc' dir='ltr'>ω</span> <span class='ocrx_word' id='word_1_53' title='bbox 210 1026 470 1165; x_wconf 42' lang='lat' dir='ltr'><strong>{bzbbbimngum</strong></span> <span class='ocrx_word' id='word_1_54' title='bbox 485 1093 724 1165; x_wconf 71' lang='lat' dir='ltr'><strong>humanarumque</strong></span> <span class='ocrx_word' id='word_1_55' title='bbox 742 1091 847 1159; x_wconf 86' lang='lat' dir='ltr'><strong>rerum]</strong></span> <span class='ocrx_word' id='word_1_56' title='bbox 868 1092 970 1148; x_wconf 85' lang='lat' dir='ltr'><strong>Abieci</strong></span> <span class='ocrx_word' id='word_1_57' title='bbox 987 1095 1207 1151; x_wconf 83' lang='lat' dir='ltr'><strong>Lambinianum</strong></span> <span class='ocrx_word' id='word_1_58' title='bbox 1225 1097 1302 1151; x_wconf 84' lang='lat' dir='ltr'><strong>illud</strong></span> 
     </span>
     <span class='ocr_line' id='line_1_9' title="bbox 143 1163 1300 1242; baseline 0 -23"><span class='ocrx_word' id='word_1_59' title='bbox 143 1181 205 1219; x_wconf 84' lang='lat' dir='ltr'><strong>cum</strong></span> <span class='ocrx_word' id='word_1_60' title='bbox 231 1165 382 1219; x_wconf 77' lang='lat' dir='ltr'><strong>a-Davisio</strong></span> <span class='ocrx_word' id='word_1_61' title='bbox 407 1173 567 1236; x_wconf 87' lang='lat' dir='ltr'><strong>receptum,</strong></span> <span class='ocrx_word' id='word_1_62' title='bbox 591 1165 668 1237; x_wconf 84' lang='lat' dir='ltr'><strong>quod</strong></span> <span class='ocrx_word' id='word_1_63' title='bbox 692 1165 791 1217; x_wconf 90' lang='lat' dir='ltr'><strong>nullus</strong></span> <span class='ocrx_word' id='word_1_64' title='bbox 807 1163 893 1234; x_wconf 88' lang='lat' dir='ltr'><strong>plane</strong></span> <span class='ocrx_word' id='word_1_65' title='bbox 917 1164 994 1219; x_wconf 88' lang='lat' dir='ltr'><strong>liber</strong></span> <span class='ocrx_word' id='word_1_66' title='bbox 1011 1168 1149 1242; x_wconf 81' lang='lat' dir='ltr'><strong>agnoscit,</strong></span> <span class='ocrx_word' id='word_1_67' title='bbox 1176 1176 1214 1220; x_wconf 37' lang='lat' dir='ltr'><strong>etr</strong></span> <span class='ocrx_word' id='word_1_68' title='bbox 1224 1167 1300 1220; x_wconf 84' lang='lat' dir='ltr'><strong>abest</strong></span> 
     </span>
    </p>
   </div>
   <div class='ocr_carea' id='block_1_5' title="bbox 143 1233 1386 1309">
    <p class='ocr_par' dir='ltr' id='par_1_5' title="bbox 143 1233 1386 1309">
     <span class='ocr_line' id='line_1_10' title="bbox 143 1233 1386 1309; baseline 0.002 -21"><span class='ocrx_word' id='word_1_69' title='bbox 143 1237 285 1290; x_wconf 89' lang='lat' dir='ltr'><strong>incolumi</strong></span> <span class='ocrx_word' id='word_1_70' title='bbox 303 1253 433 1291; x_wconf 86' lang='lat' dir='ltr'><strong>sermone</strong></span> <span class='ocrx_word' id='word_1_71' title='bbox 458 1245 487 1289; x_wconf 86' lang='lat' dir='ltr'><strong>ct</strong></span> <span class='ocrx_word' id='word_1_72' title='bbox 511 1237 661 1289; x_wconf 88' lang='lat' dir='ltr'><strong>sententia.</strong></span> <span class='ocrx_word' id='word_1_73' title='bbox 699 1235 801 1288; x_wconf 85' lang='lat' dir='ltr'><strong>Cicero</strong></span> <span class='ocrx_word' id='word_1_74' title='bbox 820 1235 854 1288; x_wconf 89' lang='lat' dir='ltr'><strong>de</strong></span> <span class='ocrx_word' id='word_1_75' title='bbox 872 1235 958 1289; x_wconf 87' lang='lat' dir='ltr'><strong>Finn.</strong></span> <span class='ocrx_word' id='word_1_76' title='bbox 978 1236 1018 1289; x_wconf 85' lang='lat'><strong>11.</strong></span> <span class='ocrx_word' id='word_1_77' title='bbox 1045 1240 1086 1292; x_wconf 77' lang='lat'><strong>12.</strong></span> <span class='ocrx_word' id='word_1_78' title='bbox 1106 1241 1155 1292; x_wconf 76' lang='lat'><strong>372</strong></span> <span class='ocrx_word' id='word_1_79' title='bbox 1185 1233 1299 1292; x_wconf 73' lang='lat' dir='ltr'><strong>diuina·</strong></span> <span class='ocrx_word' id='word_1_80' title='bbox 1382 1298 1386 1309; x_wconf 27' lang='grc' dir='ltr'>ι</span> 
     </span>
    </p>
   </div>
   <div class='ocr_carea' id='block_1_6' title="bbox 98 1305 1300 2709">
    <p class='ocr_par' dir='ltr' id='par_1_6' title="bbox 139 1305 1300 1798">
     <span class='ocr_line' id='line_1_11' title="bbox 143 1305 1299 1376; baseline 0.002 -18"><span class='ocrx_word' id='word_1_81' title='bbox 143 1323 208 1359; x_wconf 88' lang='lat' dir='ltr'><strong>rum</strong></span> <span class='ocrx_word' id='word_1_82' title='bbox 226 1307 462 1375; x_wconf 73' lang='lat' dir='ltr'><strong>humanarumque</strong></span> <span class='ocrx_word' id='word_1_83' title='bbox 479 1323 574 1358; x_wconf 88' lang='lat' dir='ltr'><strong>rerum</strong></span> <span class='ocrx_word' id='word_1_84' title='bbox 591 1305 719 1371; x_wconf 79' lang='lat' dir='ltr'><strong>scientia,</strong></span> <span class='ocrx_word' id='word_1_85' title='bbox 744 1321 813 1374; x_wconf 86' lang='lat' dir='ltr'><strong>quae</strong></span> <span class='ocrx_word' id='word_1_86' title='bbox 832 1311 924 1373; x_wconf 77' lang='lat' dir='ltr'><strong>potest</strong></span> <span class='ocrx_word' id='word_1_87' title='bbox 947 1307 1086 1375; x_wconf 76' lang='lat' dir='ltr'><strong>appellari</strong></span> <span class='ocrx_word' id='word_1_88' title='bbox 1112 1309 1169 1360; x_wconf 80' lang='lat' dir='ltr'><strong>rite</strong></span> <span class='ocrx_word' id='word_1_89' title='bbox 1186 1308 1299 1376; x_wconf 78' lang='lat' dir='ltr'><strong>supien-</strong></span> 
     </span>
     <span class='ocr_line' id='line_1_12' title="bbox 142 1375 1300 1450; baseline 0.003 -21"><span class='ocrx_word' id='word_1_90' title='bbox 142 1379 207 1431; x_wconf 64' lang='lat' dir='ltr'><strong>ria.</strong></span> <span class='ocrx_word' id='word_1_91' title='bbox 220 1377 290 1430; x_wconf 87' lang='lat' dir='ltr'><strong>Add.</strong></span> <span class='ocrx_word' id='word_1_92' title='bbox 310 1375 533 1447; x_wconf 79' lang='lat' dir='ltr'><strong>Wyttenbachii</strong></span> <span class='ocrx_word' id='word_1_93' title='bbox 551 1379 705 1445; x_wconf 87' lang='lat' dir='ltr'><strong>Praecepta</strong></span> <span class='ocrx_word' id='word_1_94' title='bbox 722 1375 828 1428; x_wconf 82' lang='lat' dir='ltr'><strong>Philus.</strong></span> <span class='ocrx_word' id='word_1_95' title='bbox 848 1377 971 1450; x_wconf 78' lang='lat' dir='ltr'><strong>Logicae</strong></span> <span class='ocrx_word' id='word_1_96' title='bbox 988 1379 1116 1440; x_wconf 86' lang='lat' dir='ltr'><strong>Prooem.</strong></span> <span class='ocrx_word' id='word_1_97' title='bbox 1140 1377 1163 1442; x_wconf 67' lang='lat'><strong>5.</strong></span> <span class='ocrx_word' id='word_1_98' title='bbox 1185 1382 1209 1433; x_wconf 92' lang='lat'><strong>1.</strong></span> <span class='ocrx_word' id='word_1_99' title='bbox 1234 1379 1300 1432; x_wconf 83' lang='lat' dir='ltr'><strong>Ple·</strong></span> 
     </span>
     <span class='ocr_line' id='line_1_13' title="bbox 141 1445 1299 1520; baseline 0.003 -22"><span class='ocrx_word' id='word_1_100' title='bbox 141 1448 218 1501; x_wconf 84' lang='lat' dir='ltr'><strong>xiaci</strong></span> <span class='ocrx_word' id='word_1_101' title='bbox 245 1448 384 1511; x_wconf 79' lang='lat' dir='ltr'><strong>Lexicon,</strong></span> <span class='ocrx_word' id='word_1_102' title='bbox 416 1445 628 1516; x_wconf 86' lang='lat' dir='ltr'><strong>hilosophicum</strong></span> <span class='ocrx_word' id='word_1_103' title='bbox 646 1464 674 1515; x_wconf 87' lang='lat' dir='ltr'><strong>p.</strong></span> <span class='ocrx_word' id='word_1_104' title='bbox 696 1449 720 1501; x_wconf 87' lang='lat'><strong>1.</strong></span> <span class='ocrx_word' id='word_1_105' title='bbox 740 1463 780 1516; x_wconf 84' lang='lat' dir='ltr'><strong>sq.</strong></span> <span class='ocrx_word' id='word_1_106' title='bbox 804 1447 951 1520; x_wconf 78' lang='lat' dir='ltr'><strong>Biittiger:</strong></span> <span class='ocrx_word' id='word_1_107' title='bbox 983 1447 1092 1502; x_wconf 86' lang='lat' dir='ltr'><strong>Ideen</strong></span> <span class='ocrx_word' id='word_1_108' title='bbox 1115 1467 1140 1500; x_wconf 80' lang='lat' dir='ltr'><strong>z.</strong></span> <span class='ocrx_word' id='word_1_109' title='bbox 1160 1451 1299 1503; x_wconf 84' lang='lat' dir='ltr'><strong>Kanet-</strong></span> 
     </span>
     <span class='ocr_line' id='line_1_14' title="bbox 140 1464 1299 1592; baseline 0.003 -22"><span class='ocrx_word' id='word_1_110' title='bbox 140 1517 372 1592; x_wconf 81' lang='lat' dir='ltr'><strong>mythologie</strong></span> <span class='ocrx_word' id='word_1_111' title='bbox 395 1464 419 1574; x_wconf 56' lang='lat' dir='ltr'>F</span> <span class='ocrx_word' id='word_1_112' title='bbox 444 1536 473 1587; x_wconf 93' lang='lat' dir='ltr'><strong>p.</strong></span> <span class='ocrx_word' id='word_1_113' title='bbox 494 1519 554 1572; x_wconf 77' lang='lat'><strong>155.</strong></span> <span class='ocrx_word' id='word_1_114' title='bbox 587 1514 680 1585; x_wconf 87' lang='lat' dir='ltr'><strong>Supra</strong></span> <span class='ocrx_word' id='word_1_115' title='bbox 704 1515 752 1572; x_wconf 78' lang='lat' dir='ltr'><strong>tv,</strong></span> <span class='ocrx_word' id='word_1_116' title='bbox 778 1519 821 1571; x_wconf 79' lang='lat'><strong>26.</strong></span> <span class='ocrx_word' id='word_1_117' title='bbox 842 1520 892 1571; x_wconf 83' lang='lat'><strong>57:</strong></span> <span class='ocrx_word' id='word_1_118' title='bbox 924 1519 1094 1586; x_wconf 82' lang='lat' dir='ltr'><strong>sapientiem</strong></span> <span class='ocrx_word' id='word_1_119' title='bbox 1118 1534 1178 1572; x_wconf 80' lang='lat' dir='ltr'><strong>ecee</strong></span> <span class='ocrx_word' id='word_1_120' title='bbox 1202 1535 1299 1573; x_wconf 86' lang='lat' dir='ltr'><strong>rerum</strong></span> 
     </span>
     <span class='ocr_line' id='line_1_15' title="bbox 142 1585 1298 1660; baseline 0.003 -20"><span class='ocrx_word' id='word_1_121' title='bbox 142 1588 303 1642; x_wconf 81' lang='lat' dir='ltr'><strong>diuinorum</strong></span> <span class='ocrx_word' id='word_1_122' title='bbox 321 1595 349 1642; x_wconf 86' lang='lat' dir='ltr'><strong>et</strong></span> <span class='ocrx_word' id='word_1_123' title='bbox 366 1588 550 1660; x_wconf 76' lang='lat' dir='ltr'><strong>humanarum</strong></span> <span class='ocrx_word' id='word_1_124' title='bbox 567 1585 728 1650; x_wconf 79' lang='lat' dir='ltr'><strong>scientiam,</strong></span> <span class='ocrx_word' id='word_1_125' title='bbox 748 1585 990 1658; x_wconf 79' lang='lat' dir='ltr'><strong>cognitionemque,</strong></span> <span class='ocrx_word' id='word_1_126' title='bbox 1015 1607 1083 1659; x_wconf 87' lang='lat' dir='ltr'><strong>quoe</strong></span> <span class='ocrx_word' id='word_1_127' title='bbox 1100 1589 1231 1658; x_wconf 81' lang='lat' dir='ltr'><strong>cuiusque</strong></span> <span class='ocrx_word' id='word_1_128' title='bbox 1253 1591 1298 1644; x_wconf 78' lang='lat' dir='ltr'><strong>rei</strong></span> 
     </span>
     <span class='ocr_line' id='line_1_16' title="bbox 140 1657 1298 1714; baseline 0.003 -3"><span class='ocrx_word' id='word_1_129' title='bbox 140 1675 226 1713; x_wconf 82' lang='lat' dir='ltr'><strong>ceusu</strong></span> <span class='ocrx_word' id='word_1_130' title='bbox 243 1660 295 1712; x_wconf 82' lang='lat' dir='ltr'><strong>rit:</strong></span> <span class='ocrx_word' id='word_1_131' title='bbox 316 1659 365 1711; x_wconf 88' lang='lat' dir='ltr'><strong>ubi</strong></span> <span class='ocrx_word' id='word_1_132' title='bbox 384 1658 442 1713; x_wconf 80' lang='lat' dir='ltr'><strong>rid.</strong></span> <span class='ocrx_word' id='word_1_133' title='bbox 462 1676 527 1710; x_wconf 90' lang='lat' dir='ltr'><strong>aun.</strong></span> <span class='ocrx_word' id='word_1_134' title='bbox 547 1666 639 1710; x_wconf 88' lang='lat' dir='ltr'><strong>nostr.</strong></span> <span class='ocrx_word' id='word_1_135' title='bbox 663 1657 698 1709; x_wconf 89' lang='lat' dir='ltr'><strong>ln</strong></span> <span class='ocrx_word' id='word_1_136' title='bbox 716 1658 784 1712; x_wconf 86' lang='lat' dir='ltr'><strong>Cod.</strong></span> <span class='ocrx_word' id='word_1_137' title='bbox 806 1657 880 1711; x_wconf 81' lang='lat' dir='ltr'><strong>Gud.</strong></span> <span class='ocrx_word' id='word_1_138' title='bbox 901 1658 1040 1712; x_wconf 84' lang='lat' dir='ltr'><strong>scribitur</strong></span> <span class='ocrx_word' id='word_1_139' title='bbox 1067 1659 1229 1713; x_wconf 78' lang='lat' dir='ltr'><strong>diuinorum</strong></span> <span class='ocrx_word' id='word_1_140' title='bbox 1250 1676 1298 1714; x_wconf 90' lang='lat' dir='ltr'><strong>re-</strong></span> 
     </span>
     <span class='ocr_line' id='line_1_17' title="bbox 139 1726 679 1798; baseline 0.006 -16"><span class='ocrx_word' id='word_1_141' title='bbox 139 1747 203 1783; x_wconf 85' lang='lat' dir='ltr'><strong>rum</strong></span> <span class='ocrx_word' id='word_1_142' title='bbox 220 1726 461 1798; x_wconf 72' lang='lat' dir='ltr'><strong>humanorumque.</strong></span> <span class='ocrx_word' id='word_1_143' title='bbox 498 1729 562 1794; x_wconf 83' lang='lat' dir='ltr'><strong>Mr.</strong></span> <span class='ocrx_word' id='word_1_144' title='bbox 677 1781 679 1785; x_wconf 79' lang='grc'>,</span> 
     </span>
    </p>

    <p class='ocr_par' dir='ltr' id='par_1_7' title="bbox 98 1796 1297 2274">
     <span class='ocr_line' id='line_1_18' title="bbox 213 1796 1297 1868; baseline -0.001 -14"><span class='ocrx_word' id='word_1_145' title='bbox 213 1801 418 1868; x_wconf 80' lang='lat' dir='ltr'><strong>Caesarumque</strong></span> <span class='ocrx_word' id='word_1_146' title='bbox 442 1800 572 1868; x_wconf 79' lang='lat' dir='ltr'><strong>cuiusque</strong></span> <span class='ocrx_word' id='word_1_147' title='bbox 593 1797 640 1851; x_wconf 82' lang='lat' dir='ltr'><strong>rei</strong></span> <span class='ocrx_word' id='word_1_148' title='bbox 662 1796 835 1865; x_wconf 74' lang='lat' dir='ltr'><strong>cognitione]</strong></span> <span class='ocrx_word' id='word_1_149' title='bbox 872 1799 1035 1863; x_wconf 86' lang='lat' dir='ltr'><strong>„Geuuina</strong></span> <span class='ocrx_word' id='word_1_150' title='bbox 1058 1799 1147 1854; x_wconf 89' lang='lat' dir='ltr'><strong>lectio</strong></span> <span class='ocrx_word' id='word_1_151' title='bbox 1164 1800 1297 1855; x_wconf 79' lang='lat' dir='ltr'><strong>victorio</strong></span> 
     </span>
     <span class='ocr_line' id='line_1_19' title="bbox 98 1869 1297 1943; baseline 0.003 -21"><span class='ocrx_word' id='word_1_152' title='bbox 98 1919 102 1927; x_wconf 74' lang='grc'>,</span> <span class='ocrx_word' id='word_1_153' title='bbox 139 1871 279 1943; x_wconf 83' lang='lat' dir='ltr'><strong>primum,</strong></span> <span class='ocrx_word' id='word_1_154' title='bbox 299 1871 400 1923; x_wconf 86' lang='lat' dir='ltr'><strong>deiude</strong></span> <span class='ocrx_word' id='word_1_155' title='bbox 418 1869 556 1922; x_wconf 85' lang='lat' dir='ltr'><strong>Lambino</strong></span> <span class='ocrx_word' id='word_1_156' title='bbox 574 1878 701 1937; x_wconf 83' lang='lat' dir='ltr'><strong>recepte,</strong></span> <span class='ocrx_word' id='word_1_157' title='bbox 720 1870 779 1921; x_wconf 90' lang='lat' dir='ltr'><strong>iam</strong></span> <span class='ocrx_word' id='word_1_158' title='bbox 796 1869 920 1938; x_wconf 79' lang='lat' dir='ltr'><strong>arnplius</strong></span> <span class='ocrx_word' id='word_1_159' title='bbox 938 1871 971 1923; x_wconf 89' lang='lat' dir='ltr'><strong>in</strong></span> <span class='ocrx_word' id='word_1_160' title='bbox 988 1887 1199 1940; x_wconf 86' lang='lat' dir='ltr'><strong>supervacuum</strong></span> <span class='ocrx_word' id='word_1_161' title='bbox 1218 1887 1297 1926; x_wconf 70' lang='lat' dir='ltr'><strong>certu-</strong></span> 
     </span>
     <span class='ocr_line' id='line_1_20' title="bbox 139 1939 1297 2010; baseline 0.001 -17"><span class='ocrx_word' id='word_1_162' title='bbox 139 1941 259 2010; x_wconf 88' lang='lat' dir='ltr'><strong>probata</strong></span> <span class='ocrx_word' id='word_1_163' title='bbox 276 1959 293 1992; x_wconf 89' lang='lat' dir='ltr'><strong>a</strong></span> <span class='ocrx_word' id='word_1_164' title='bbox 311 1950 435 2010; x_wconf 88' lang='lat' dir='ltr'><strong>quatuor</strong></span> <span class='ocrx_word' id='word_1_165' title='bbox 452 1939 572 1994; x_wconf 87' lang='lat' dir='ltr'><strong>Palatin.</strong></span> <span class='ocrx_word' id='word_1_166' title='bbox 592 1939 679 2006; x_wconf 86' lang='lat' dir='ltr'><strong>(solus</strong></span> <span class='ocrx_word' id='word_1_167' title='bbox 697 1949 790 2008; x_wconf 81' lang='lat' dir='ltr'><strong>quart.</strong></span> <span class='ocrx_word' id='word_1_168' title='bbox 810 1940 973 2010; x_wconf 83' lang='lat' dir='ltr'><strong>paullulum</strong></span> <span class='ocrx_word' id='word_1_169' title='bbox 998 1940 1069 1994; x_wconf 82' lang='lat' dir='ltr'><strong>abit:</strong></span> <span class='ocrx_word' id='word_1_170' title='bbox 1094 1956 1297 2009; x_wconf 82' lang='lat' dir='ltr'><strong>causarumque</strong></span> 
     </span>
     <span class='ocr_line' id='line_1_21' title="bbox 141 2009 1295 2083; baseline 0 -19"><span class='ocrx_word' id='word_1_171' title='bbox 141 2013 221 2064; x_wconf 83' lang='lat' dir='ltr'><strong>cuius</strong></span> <span class='ocrx_word' id='word_1_172' title='bbox 238 2011 348 2081; x_wconf 80' lang='lat' dir='ltr'><strong>reique)</strong></span> <span class='ocrx_word' id='word_1_173' title='bbox 367 2013 391 2065; x_wconf 88' lang='lat' dir='ltr'><strong>F</strong></span> <span class='ocrx_word' id='word_1_174' title='bbox 392 2012 450 2064; x_wconf 87' lang='lat' dir='ltr'><strong>abr.</strong></span> <span class='ocrx_word' id='word_1_175' title='bbox 470 2009 598 2063; x_wconf 85' lang='lat' dir='ltr'><strong>Vatican.</strong></span> <span class='ocrx_word' id='word_1_176' title='bbox 617 2010 707 2083; x_wconf 75' lang='lat' dir='ltr'><strong>vulgo</strong></span> <span class='ocrx_word' id='word_1_177' title='bbox 725 2017 782 2063; x_wconf 90' lang='lat' dir='ltr'><strong>tum</strong></span> <span class='ocrx_word' id='word_1_178' title='bbox 799 2019 865 2076; x_wconf 77' lang='lat' dir='ltr'><strong>aute</strong></span> <span class='ocrx_word' id='word_1_179' title='bbox 884 2013 1014 2080; x_wconf 81' lang='lat' dir='ltr'><strong>cuiusque</strong></span> <span class='ocrx_word' id='word_1_180' title='bbox 1029 2011 1192 2064; x_wconf 81' lang='lat' dir='ltr'><strong>exturbat.“</strong></span> <span class='ocrx_word' id='word_1_181' title='bbox 1210 2009 1295 2065; x_wconf 77' lang='lat' dir='ltr'><strong>Gebb-</strong></span> 
     </span>
     <span class='ocr_line' id='line_1_22' title="bbox 139 2078 1295 2156; baseline 0 -22"><span class='ocrx_word' id='word_1_182' title='bbox 139 2078 230 2156; x_wconf 79' lang='lat' dir='ltr'><strong>„Ego</strong></span> <span class='ocrx_word' id='word_1_183' title='bbox 248 2094 364 2152; x_wconf 86' lang='lat' dir='ltr'><strong>quoque</strong></span> <span class='ocrx_word' id='word_1_184' title='bbox 382 2079 418 2135; x_wconf 70' lang='lat' dir='ltr'><strong>ex</strong></span> <span class='ocrx_word' id='word_1_185' title='bbox 437 2080 565 2151; x_wconf 80' lang='lat' dir='ltr'><strong>Gryphii</strong></span> <span class='ocrx_word' id='word_1_186' title='bbox 584 2081 744 2150; x_wconf 87' lang='lat' dir='ltr'><strong>exemplari</strong></span> <span class='ocrx_word' id='word_1_187' title='bbox 771 2089 802 2133; x_wconf 90' lang='lat' dir='ltr'><strong>et</strong></span> <span class='ocrx_word' id='word_1_188' title='bbox 820 2081 944 2134; x_wconf 88' lang='lat' dir='ltr'><strong>Victorii</strong></span> <span class='ocrx_word' id='word_1_189' title='bbox 968 2082 1094 2136; x_wconf 85' lang='lat' dir='ltr'><strong>editione</strong></span> <span class='ocrx_word' id='word_1_190' title='bbox 1116 2090 1175 2135; x_wconf 84' lang='lat' dir='ltr'><strong>tum</strong></span> <span class='ocrx_word' id='word_1_191' title='bbox 1201 2091 1295 2134; x_wconf 87' lang='lat' dir='ltr'><strong>sustu-</strong></span> 
     </span>
     <span class='ocr_line' id='line_1_23' title="bbox 138 2149 1293 2274; baseline 0.001 -71"><span class='ocrx_word' id='word_1_192' title='bbox 138 2151 172 2274; x_wconf 51' lang='lat'>}</span> <span class='ocrx_word' id='word_1_193' title='bbox 197 2169 255 2205; x_wconf 90' lang='lat' dir='ltr'><strong>nou</strong></span> <span class='ocrx_word' id='word_1_194' title='bbox 279 2152 404 2206; x_wconf 49' lang='lat' dir='ltr'><strong>etiosam*</strong></span> <span class='ocrx_word' id='word_1_195' title='bbox 417 2149 510 2214; x_wconf 79' lang='lat' dir='ltr'><strong>selum</strong></span> <span class='ocrx_word' id='word_1_196' title='bbox 532 2167 646 2223; x_wconf 77' lang='lat' dir='ltr'><strong>rocem,</strong></span> <span class='ocrx_word' id='word_1_197' title='bbox 673 2151 723 2204; x_wconf 83' lang='lat' dir='ltr'><strong>sed</strong></span> <span class='ocrx_word' id='word_1_198' title='bbox 745 2150 893 2204; x_wconf 84' lang='lat' dir='ltr'><strong>Ciceronis</strong></span> <span class='ocrx_word' id='word_1_199' title='bbox 918 2153 1092 2206; x_wconf 82' lang='lat' dir='ltr'><strong>sententiam</strong></span> <span class='ocrx_word' id='word_1_200' title='bbox 1118 2153 1293 2206; x_wconf 82' lang='lat' dir='ltr'><strong>turbantem.</strong></span> 
     </span>
    </p>

    <p class='ocr_par' dir='ltr' id='par_1_8' title="bbox 166 2228 283 2278">
     <span class='ocr_line' id='line_1_24' title="bbox 166 2228 283 2278; baseline 0.034 -4"><span class='ocrx_word' id='word_1_201' title='bbox 166 2228 254 2276; x_wconf 82' lang='lat' dir='ltr'><strong>rutae.</strong></span> <span class='ocrx_word' id='word_1_202' title='bbox 280 2270 283 2278; x_wconf 85' lang='grc'><em>,</em></span> 
     </span>
    </p>

    <p class='ocr_par' dir='ltr' id='par_1_9' title="bbox 137 2289 1294 2709">
     <span class='ocr_line' id='line_1_25' title="bbox 209 2289 1292 2360; baseline 0 -16"><span class='ocrx_word' id='word_1_203' title='bbox 209 2299 264 2346; x_wconf 85' lang='lat' dir='ltr'><strong>tum</strong></span> <span class='ocrx_word' id='word_1_204' title='bbox 289 2289 440 2346; x_wconf 79' lang='lat' dir='ltr'><strong>initiorum</strong></span> <span class='ocrx_word' id='word_1_205' title='bbox 464 2306 668 2360; x_wconf 70' lang='lat' dir='ltr'><strong>causarumque·</strong></span> <span class='ocrx_word' id='word_1_206' title='bbox 689 2292 819 2360; x_wconf 80' lang='lat' dir='ltr'><strong>maiusque</strong></span> <span class='ocrx_word' id='word_1_207' title='bbox 841 2290 901 2358; x_wconf 84' lang='lat' dir='ltr'><strong>rei]</strong></span> <span class='ocrx_word' id='word_1_208' title='bbox 936 2295 1012 2345; x_wconf 84' lang='lat' dir='ltr'><strong>Mon.</strong></span> <span class='ocrx_word' id='word_1_209' title='bbox 1034 2297 1059 2347; x_wconf 92' lang='lat'><strong>1.</strong></span> <span class='ocrx_word' id='word_1_210' title='bbox 1087 2292 1197 2345; x_wconf 88' lang='lat' dir='ltr'><strong>omittit</strong></span> <span class='ocrx_word' id='word_1_211' title='bbox 1224 2297 1292 2344; x_wconf 80' lang='lat' dir='ltr'><strong>ium.</strong></span> 
     </span>
     <span class='ocr_line' id='line_1_26' title="bbox 137 2360 1294 2431; baseline 0.002 -18"><span class='ocrx_word' id='word_1_212' title='bbox 137 2362 218 2428; x_wconf 85' lang='lat' dir='ltr'><strong>Unus</strong></span> <span class='ocrx_word' id='word_1_213' title='bbox 237 2364 287 2417; x_wconf 88' lang='lat' dir='ltr'><strong>Ox.</strong></span> <span class='ocrx_word' id='word_1_214' title='bbox 307 2363 420 2416; x_wconf 83' lang='lat' dir='ltr'><strong>omittit</strong></span> <span class='ocrx_word' id='word_1_215' title='bbox 440 2379 533 2416; x_wconf 87' lang='lat' dir='ltr'><strong>rerum</strong></span> <span class='ocrx_word' id='word_1_216' title='bbox 551 2370 608 2415; x_wconf 88' lang='lat' dir='ltr'><strong>tum</strong></span> <span class='ocrx_word' id='word_1_217' title='bbox 626 2360 774 2416; x_wconf 80' lang='lat' dir='ltr'><strong>initiorum</strong></span> <span class='ocrx_word' id='word_1_218' title='bbox 792 2377 998 2431; x_wconf 82' lang='lat' dir='ltr'><strong>causarumque,</strong></span> <span class='ocrx_word' id='word_1_219' title='bbox 1025 2362 1080 2414; x_wconf 86' lang='lat' dir='ltr'><strong>due</strong></span> <span class='ocrx_word' id='word_1_220' title='bbox 1104 2362 1211 2415; x_wconf 85' lang='lat' dir='ltr'><strong>habeut</strong></span> <span class='ocrx_word' id='word_1_221' title='bbox 1228 2377 1294 2415; x_wconf 85' lang='lat' dir='ltr'><strong>cuu-</strong></span> 
     </span>
     <span class='ocr_line' id='line_1_27' title="bbox 138 2431 1294 2506; baseline 0 -21"><span class='ocrx_word' id='word_1_222' title='bbox 138 2448 244 2498; x_wconf 78' lang='lat' dir='ltr'><strong>aurum,</strong></span> <span class='ocrx_word' id='word_1_223' title='bbox 263 2435 367 2487; x_wconf 88' lang='lat' dir='ltr'><strong>omisso</strong></span> <span class='ocrx_word' id='word_1_224' title='bbox 386 2449 443 2503; x_wconf 82' lang='lat' dir='ltr'><strong>qne.</strong></span> <span class='ocrx_word' id='word_1_225' title='bbox 463 2434 497 2486; x_wconf 89' lang='lat' dir='ltr'><strong>lu</strong></span> <span class='ocrx_word' id='word_1_226' title='bbox 517 2432 590 2485; x_wconf 82' lang='lat' dir='ltr'><strong>Gud.</strong></span> <span class='ocrx_word' id='word_1_227' title='bbox 611 2434 637 2487; x_wconf 79' lang='lat'><strong>2.</strong></span> <span class='ocrx_word' id='word_1_228' title='bbox 657 2432 769 2506; x_wconf 70' lang='lat' dir='ltr'><strong>legitur</strong></span> <span class='ocrx_word' id='word_1_229' title='bbox 787 2431 846 2484; x_wconf 80' lang='lat' dir='ltr'><strong>tum</strong></span> <span class='ocrx_word' id='word_1_230' title='bbox 864 2435 1043 2487; x_wconf 79' lang='lat' dir='ltr'><strong>vitiorum.</strong></span> <span class='ocrx_word' id='word_1_231' title='bbox 1064 2432 1147 2485; x_wconf 76' lang='lat' dir='ltr'><strong>Vinci.</strong></span> <span class='ocrx_word' id='word_1_232' title='bbox 1162 2437 1187 2487; x_wconf 93' lang='lat'><strong>1.</strong></span> <span class='ocrx_word' id='word_1_233' title='bbox 1208 2433 1294 2485; x_wconf 84' lang='lat' dir='ltr'><strong>eruit·</strong></span> 
     </span>
     <span class='ocr_line' id='line_1_28' title="bbox 137 2501 1294 2574; baseline -0.001 -18"><span class='ocrx_word' id='word_1_234' title='bbox 137 2503 176 2556; x_wconf 91' lang='lat' dir='ltr'><strong>tit</strong></span> <span class='ocrx_word' id='word_1_235' title='bbox 194 2506 246 2560; x_wconf 86' lang='lat' dir='ltr'><strong>rei.</strong></span> <span class='ocrx_word' id='word_1_236' title='bbox 284 2507 350 2557; x_wconf 83' lang='lat' dir='ltr'><strong>Post</strong></span> <span class='ocrx_word' id='word_1_237' title='bbox 369 2519 570 2571; x_wconf 76' lang='lat' dir='ltr'><strong>causarumque</strong></span> <span class='ocrx_word' id='word_1_238' title='bbox 588 2502 694 2554; x_wconf 88' lang='lat' dir='ltr'><strong>addunt</strong></span> <span class='ocrx_word' id='word_1_239' title='bbox 712 2510 772 2555; x_wconf 85' lang='lat' dir='ltr'><strong>tum</strong></span> <span class='ocrx_word' id='word_1_240' title='bbox 788 2502 861 2554; x_wconf 87' lang='lat' dir='ltr'><strong>Edd.</strong></span> <span class='ocrx_word' id='word_1_241' title='bbox 880 2510 952 2554; x_wconf 82' lang='lat' dir='ltr'><strong>vett.</strong></span> <span class='ocrx_word' id='word_1_242' title='bbox 980 2511 1046 2556; x_wconf 90' lang='lat' dir='ltr'><strong>ante</strong></span> <span class='ocrx_word' id='word_1_243' title='bbox 1066 2502 1157 2557; x_wconf 76' lang='lat' dir='ltr'><strong>Gcbln</strong></span> <span class='ocrx_word' id='word_1_244' title='bbox 1182 2501 1294 2574; x_wconf 89' lang='lat' dir='ltr'><strong>plerae-</strong></span> 
     </span>
     <span class='ocr_line' id='line_1_29' title="bbox 137 2572 1291 2646; baseline -0.003 -18"><span class='ocrx_word' id='word_1_245' title='bbox 137 2591 204 2642; x_wconf 86' lang='lat' dir='ltr'><strong>que,</strong></span> <span class='ocrx_word' id='word_1_246' title='bbox 229 2574 357 2646; x_wconf 84' lang='lat' dir='ltr'><strong>exceptis</strong></span> <span class='ocrx_word' id='word_1_247' title='bbox 384 2578 414 2630; x_wconf 90' lang='lat' dir='ltr'><strong>P.</strong></span> <span class='ocrx_word' id='word_1_248' title='bbox 433 2577 466 2626; x_wconf 82' lang='lat' dir='ltr'><strong>V.</strong></span> <span class='ocrx_word' id='word_1_249' title='bbox 490 2573 558 2627; x_wconf 88' lang='lat' dir='ltr'><strong>Rob.</strong></span> <span class='ocrx_word' id='word_1_250' title='bbox 577 2572 677 2644; x_wconf 81' lang='lat' dir='ltr'><strong>steph.</strong></span> <span class='ocrx_word' id='word_1_251' title='bbox 707 2574 805 2628; x_wconf 85' lang='lat' dir='ltr'><strong>llerw.</strong></span> <span class='ocrx_word' id='word_1_252' title='bbox 831 2573 911 2626; x_wconf 82' lang='lat' dir='ltr'><strong>Brut.</strong></span> <span class='ocrx_word' id='word_1_253' title='bbox 940 2573 1025 2633; x_wconf 76' lang='lat' dir='ltr'><strong>Leod.</strong></span> <span class='ocrx_word' id='word_1_254' title='bbox 1052 2573 1132 2644; x_wconf 77' lang='lat' dir='ltr'><strong>sylb.</strong></span> <span class='ocrx_word' id='word_1_255' title='bbox 1170 2574 1206 2627; x_wconf 89' lang='lat' dir='ltr'><strong>ln</strong></span> <span class='ocrx_word' id='word_1_256' title='bbox 1224 2574 1291 2627; x_wconf 83' lang='lat' dir='ltr'><strong>Cod.</strong></span> 
     </span>
     <span class='ocr_line' id='line_1_30' title="bbox 139 2643 638 2709; baseline 0.004 -12"><span class='ocrx_word' id='word_1_257' title='bbox 139 2644 214 2709; x_wconf 77' lang='lat' dir='ltr'><strong>Gud.</strong></span> <span class='ocrx_word' id='word_1_258' title='bbox 232 2650 259 2705; x_wconf 89' lang='lat' dir='ltr'><strong>l.</strong></span> <span class='ocrx_word' id='word_1_259' title='bbox 280 2654 322 2699; x_wconf 82' lang='lat' dir='ltr'><strong>cst</strong></span> <span class='ocrx_word' id='word_1_260' title='bbox 340 2645 440 2698; x_wconf 79' lang='lat' dir='ltr'><strong>cuiue</strong></span> <span class='ocrx_word' id='word_1_261' title='bbox 457 2643 510 2697; x_wconf 77' lang='lat' dir='ltr'><strong>rei.</strong></span> <span class='ocrx_word' id='word_1_262' title='bbox 548 2644 606 2698; x_wconf 86' lang='lat' dir='ltr'><strong>Mr.</strong></span> <span class='ocrx_word' id='word_1_263' title='bbox 633 2692 638 2699; x_wconf 89' lang='lat'><strong>.</strong></span> 
     </span>
    </p>
   </div>
   <div class='ocr_carea' id='block_1_7' title="bbox 133 2728 1296 3303">
    <p class='ocr_par' dir='ltr' id='par_1_10' title="bbox 133 2728 1296 3303">
     <span class='ocr_line' id='line_1_31' title="bbox 208 2728 1296 2802; baseline 0.003 -18"><span class='ocrx_word' id='word_1_264' title='bbox 208 2733 305 2802; x_wconf 82' lang='lat' dir='ltr'><strong>ltaque</strong></span> <span class='ocrx_word' id='word_1_265' title='bbox 325 2739 352 2787; x_wconf 83' lang='lat' dir='ltr'><strong>et</strong></span> <span class='ocrx_word' id='word_1_266' title='bbox 370 2734 437 2788; x_wconf 82' lang='lat' dir='ltr'><strong>illes</strong></span> <span class='ocrx_word' id='word_1_267' title='bbox 454 2739 569 2800; x_wconf 81' lang='lat' dir='ltr'><strong>reptem,</strong></span> <span class='ocrx_word' id='word_1_268' title='bbox 589 2733 635 2796; x_wconf 79' lang='lat' dir='ltr'><strong>qut</strong></span> <span class='ocrx_word' id='word_1_269' title='bbox 653 2746 671 2784; x_wconf 89' lang='lat' dir='ltr'><strong>e</strong></span> <span class='ocrx_word' id='word_1_270' title='bbox 690 2728 819 2796; x_wconf 82' lang='lat' dir='ltr'><strong>Graecia]</strong></span> <span class='ocrx_word' id='word_1_271' title='bbox 855 2731 923 2787; x_wconf 74' lang='lat' dir='ltr'><strong>(lod.</strong></span> <span class='ocrx_word' id='word_1_272' title='bbox 949 2735 1024 2787; x_wconf 87' lang='lat' dir='ltr'><strong>Mon.</strong></span> <span class='ocrx_word' id='word_1_273' title='bbox 1046 2737 1070 2788; x_wconf 91' lang='lat'><strong>1.</strong></span> <span class='ocrx_word' id='word_1_274' title='bbox 1103 2733 1201 2801; x_wconf 79' lang='lat' dir='ltr'><strong>ltaque</strong></span> <span class='ocrx_word' id='word_1_275' title='bbox 1219 2733 1296 2798; x_wconf 58' lang='lat' dir='ltr'><strong>illem</strong></span> 
     </span>
     <span class='ocr_line' id='line_1_32' title="bbox 137 2801 1293 2872; baseline 0 -16"><span class='ocrx_word' id='word_1_276' title='bbox 137 2803 242 2856; x_wconf 84' lang='lat' dir='ltr'><strong>emisso</strong></span> <span class='ocrx_word' id='word_1_277' title='bbox 260 2809 302 2866; x_wconf 86' lang='lat' dir='ltr'><strong>et;</strong></span> <span class='ocrx_word' id='word_1_278' title='bbox 321 2821 393 2856; x_wconf 89' lang='lat' dir='ltr'><strong>unus</strong></span> <span class='ocrx_word' id='word_1_279' title='bbox 411 2806 461 2859; x_wconf 77' lang='lat' dir='ltr'><strong>Ox.</strong></span> <span class='ocrx_word' id='word_1_280' title='bbox 482 2810 507 2856; x_wconf 88' lang='lat' dir='ltr'><strong>et</strong></span> <span class='ocrx_word' id='word_1_281' title='bbox 526 2805 561 2857; x_wconf 80' lang='lat' dir='ltr'><strong>in</strong></span> <span class='ocrx_word' id='word_1_282' title='bbox 581 2801 657 2867; x_wconf 81' lang='lat' dir='ltr'><strong>illos,</strong></span> <span class='ocrx_word' id='word_1_283' title='bbox 676 2803 765 2855; x_wconf 84' lang='lat' dir='ltr'><strong>Rebd.</strong></span> <span class='ocrx_word' id='word_1_284' title='bbox 785 2802 896 2855; x_wconf 87' lang='lat' dir='ltr'><strong>omittit</strong></span> <span class='ocrx_word' id='word_1_285' title='bbox 914 2809 1027 2872; x_wconf 81' lang='lat' dir='ltr'><strong>septem.</strong></span> <span class='ocrx_word' id='word_1_286' title='bbox 1052 2804 1139 2856; x_wconf 82' lang='lat' dir='ltr'><strong>Marb.</strong></span> <span class='ocrx_word' id='word_1_287' title='bbox 1165 2819 1183 2854; x_wconf 88' lang='grc' dir='ltr'><em>α</em></span> <span class='ocrx_word' id='word_1_288' title='bbox 1202 2804 1293 2857; x_wconf 85' lang='lat' dir='ltr'><strong>Grae-</strong></span> 
     </span>
     <span class='ocr_line' id='line_1_33' title="bbox 137 2870 1294 2944; baseline 0 -18"><span class='ocrx_word' id='word_1_289' title='bbox 137 2873 182 2927; x_wconf 76' lang='lat' dir='ltr'><strong>cia</strong></span> <span class='ocrx_word' id='word_1_290' title='bbox 200 2875 307 2926; x_wconf 69' lang='lat' dir='ltr'><strong>orel</strong></span> <span class='ocrx_word' id='word_1_291' title='bbox 325 2875 422 2944; x_wconf 90' lang='lat' dir='ltr'><strong>(supra</strong></span> <span class='ocrx_word' id='word_1_292' title='bbox 439 2875 493 2927; x_wconf 90' lang='lat' dir='ltr'><strong>lin.</strong></span> <span class='ocrx_word' id='word_1_293' title='bbox 512 2874 588 2942; x_wconf 70' lang='lat' dir='ltr'><strong>gn),</strong></span> <span class='ocrx_word' id='word_1_294' title='bbox 607 2873 704 2924; x_wconf 88' lang='lat' dir='ltr'><strong>Duisb.</strong></span> <span class='ocrx_word' id='word_1_295' title='bbox 718 2874 812 2934; x_wconf 52' lang='grc' dir='ltr'><em>ὈΟΦΙ</em></span> <span class='ocrx_word' id='word_1_296' title='bbox 833 2870 930 2942; x_wconf 89' lang='lat' dir='ltr'><strong>(supra</strong></span> <span class='ocrx_word' id='word_1_297' title='bbox 947 2875 999 2926; x_wconf 92' lang='lat' dir='ltr'><strong>lin.</strong></span> <span class='ocrx_word' id='word_1_298' title='bbox 1020 2875 1082 2938; x_wconf 65' lang='lat' dir='ltr'><strong>seri)</strong></span> <span class='ocrx_word' id='word_1_299' title='bbox 1107 2873 1146 2926; x_wconf 78' lang='lat' dir='ltr'><strong>ia</strong></span> <span class='ocrx_word' id='word_1_300' title='bbox 1173 2879 1294 2928; x_wconf 61' lang='lat' dir='ltr'><strong>estma-</strong></span> 
     </span>
     <span class='ocr_line' id='line_1_34' title="bbox 133 2942 1291 3018; baseline -0.002 -20"><span class='ocrx_word' id='word_1_301' title='bbox 133 2946 253 3011; x_wconf 74' lang='lat' dir='ltr'><strong>pientes,</strong></span> <span class='ocrx_word' id='word_1_302' title='bbox 277 2948 352 2998; x_wconf 82' lang='lat' dir='ltr'><strong>Mon.</strong></span> <span class='ocrx_word' id='word_1_303' title='bbox 374 2949 398 3000; x_wconf 93' lang='lat' dir='ltr'><strong>l.</strong></span> <span class='ocrx_word' id='word_1_304' title='bbox 423 2943 526 3012; x_wconf 74' lang='lat' dir='ltr'><strong>cepti</strong></span> <span class='ocrx_word' id='word_1_305' title='bbox 550 2947 697 3011; x_wconf 80' lang='lat' dir='ltr'><strong>sepientes,</strong></span> <span class='ocrx_word' id='word_1_306' title='bbox 720 2942 793 3018; x_wconf 79' lang='lat' dir='ltr'><strong>Aug.</strong></span> <span class='ocrx_word' id='word_1_307' title='bbox 820 2944 894 3010; x_wconf 71' lang='lat' dir='ltr'><strong>sesi</strong></span> <span class='ocrx_word' id='word_1_308' title='bbox 911 2944 931 2996; x_wconf 81' lang='lat' dir='ltr'><strong>i.</strong></span> <span class='ocrx_word' id='word_1_309' title='bbox 960 2945 1115 3013; x_wconf 64' lang='lat' dir='ltr'><strong>sapientem</strong></span> <span class='ocrx_word' id='word_1_310' title='bbox 1139 2961 1212 2995; x_wconf 85' lang='lat' dir='ltr'><strong>uuus</strong></span> <span class='ocrx_word' id='word_1_311' title='bbox 1238 2945 1291 2997; x_wconf 80' lang='lat' dir='ltr'><strong>Ox.</strong></span> 
     </span>
     <span class='ocr_line' id='line_1_35' title="bbox 136 3014 1293 3090; baseline 0.003 -24"><span class='ocrx_word' id='word_1_312' title='bbox 136 3015 202 3071; x_wconf 83' lang='lat' dir='ltr'><strong>leco</strong></span> <span class='ocrx_word' id='word_1_313' title='bbox 220 3016 299 3069; x_wconf 82' lang='lat' dir='ltr'><strong>vocis</strong></span> <span class='ocrx_word' id='word_1_314' title='bbox 319 3017 443 3070; x_wconf 85' lang='lat' dir='ltr'><strong>Graecae</strong></span> <span class='ocrx_word' id='word_1_315' title='bbox 461 3017 594 3074; x_wconf 85' lang='lat' dir='ltr'><strong>lacunam</strong></span> <span class='ocrx_word' id='word_1_316' title='bbox 612 3014 706 3066; x_wconf 88' lang='lat' dir='ltr'><strong>habet.</strong></span> <span class='ocrx_word' id='word_1_317' title='bbox 743 3014 779 3066; x_wconf 90' lang='lat' dir='ltr'><strong>ln</strong></span> <span class='ocrx_word' id='word_1_318' title='bbox 798 3015 871 3067; x_wconf 85' lang='lat' dir='ltr'><strong>Gud.</strong></span> <span class='ocrx_word' id='word_1_319' title='bbox 893 3018 919 3068; x_wconf 93' lang='lat'><strong>1.</strong></span> <span class='ocrx_word' id='word_1_320' title='bbox 946 3015 1058 3090; x_wconf 84' lang='lat' dir='ltr'><strong>legitur</strong></span> <span class='ocrx_word' id='word_1_321' title='bbox 1077 3015 1177 3082; x_wconf 85' lang='lat' dir='ltr'><strong>ltaque</strong></span> <span class='ocrx_word' id='word_1_322' title='bbox 1201 3016 1293 3082; x_wconf 77' lang='lat' dir='ltr'><strong>apud</strong></span> 
     </span>
     <span class='ocr_line' id='line_1_36' title="bbox 136 3085 1291 3155; baseline -0.003 -13"><span class='ocrx_word' id='word_1_323' title='bbox 136 3085 341 3155; x_wconf 66' lang='lat' dir='ltr'><strong>Hieremiam</strong></span> <span class='ocrx_word' id='word_1_324' title='bbox 369 3087 401 3139; x_wconf 87' lang='lat' dir='ltr'><strong>iu</strong></span> <span class='ocrx_word' id='word_1_325' title='bbox 419 3086 508 3140; x_wconf 81' lang='lat' dir='ltr'><strong>Rehd.</strong></span> <span class='ocrx_word' id='word_1_326' title='bbox 537 3085 676 3153; x_wconf 75' lang='lat' dir='ltr'><strong>cupienter</strong></span> <span class='ocrx_word' id='word_1_327' title='bbox 702 3091 735 3136; x_wconf 83' lang='lat' dir='ltr'><strong>et</strong></span> <span class='ocrx_word' id='word_1_328' title='bbox 754 3101 773 3137; x_wconf 86' lang='lat' dir='ltr'><strong>u</strong></span> <span class='ocrx_word' id='word_1_329' title='bbox 797 3085 938 3139; x_wconf 75' lang='lat' dir='ltr'><strong>aeserta</strong></span> <span class='ocrx_word' id='word_1_330' title='bbox 962 3085 1139 3150; x_wconf 73' lang='lat' dir='ltr'><strong>habebantur,</strong></span> <span class='ocrx_word' id='word_1_331' title='bbox 1168 3085 1241 3138; x_wconf 88' lang='lat' dir='ltr'><strong>Gud.</strong></span> <span class='ocrx_word' id='word_1_332' title='bbox 1262 3095 1291 3139; x_wconf 91' lang='lat' dir='ltr'><strong>et</strong></span> 
     </span>
     <span class='ocr_line' id='line_1_37' title="bbox 135 3154 1293 3222; baseline 0.002 -13"><span class='ocrx_word' id='word_1_333' title='bbox 135 3156 233 3209; x_wconf 83' lang='lat' dir='ltr'><strong>Duisb.</strong></span> <span class='ocrx_word' id='word_1_334' title='bbox 254 3158 438 3211; x_wconf 73' lang='lat' dir='ltr'><strong>omittuntct</strong></span> <span class='ocrx_word' id='word_1_335' title='bbox 456 3166 521 3210; x_wconf 88' lang='lat' dir='ltr'><strong>ante</strong></span> <span class='ocrx_word' id='word_1_336' title='bbox 540 3154 725 3218; x_wconf 73' lang='lat' dir='ltr'><strong>habebamur,-</strong></span> <span class='ocrx_word' id='word_1_337' title='bbox 743 3156 774 3208; x_wconf 89' lang='lat' dir='ltr'><strong>in</strong></span> <span class='ocrx_word' id='word_1_338' title='bbox 793 3156 867 3208; x_wconf 80' lang='lat' dir='ltr'><strong>Gud.</strong></span> <span class='ocrx_word' id='word_1_339' title='bbox 889 3159 912 3211; x_wconf 92' lang='lat'><strong>1.</strong></span> <span class='ocrx_word' id='word_1_340' title='bbox 933 3167 974 3211; x_wconf 87' lang='lat' dir='ltr'><strong>est</strong></span> <span class='ocrx_word' id='word_1_341' title='bbox 992 3156 1182 3222; x_wconf 74' lang='lat' dir='ltr'><strong>habeantur,</strong></span> <span class='ocrx_word' id='word_1_342' title='bbox 1202 3165 1232 3210; x_wconf 91' lang='lat' dir='ltr'><strong>et</strong></span> <span class='ocrx_word' id='word_1_343' title='bbox 1248 3157 1293 3211; x_wconf 83' lang='lat' dir='ltr'><strong>sic</strong></span> 
     </span>
     <span class='ocr_line' id='line_1_38' title="bbox 134 3226 1291 3303; baseline 0.001 -23"><span class='ocrx_word' id='word_1_344' title='bbox 134 3226 225 3280; x_wconf 80' lang='lat' dir='ltr'><strong>etiam</strong></span> <span class='ocrx_word' id='word_1_345' title='bbox 244 3227 311 3281; x_wconf 84' lang='lat' dir='ltr'><strong>God.</strong></span> <span class='ocrx_word' id='word_1_346' title='bbox 330 3229 400 3303; x_wconf 78' lang='lat' dir='ltr'><strong>Reg.</strong></span> <span class='ocrx_word' id='word_1_347' title='bbox 439 3229 477 3280; x_wconf 86' lang='lat' dir='ltr'><strong>Et</strong></span> <span class='ocrx_word' id='word_1_348' title='bbox 495 3228 537 3280; x_wconf 89' lang='lat' dir='ltr'><strong>sic</strong></span> <span class='ocrx_word' id='word_1_349' title='bbox 555 3227 720 3296; x_wconf 86' lang='lat' dir='ltr'><strong>saepissime</strong></span> <span class='ocrx_word' id='word_1_350' title='bbox 737 3226 771 3278; x_wconf 91' lang='lat' dir='ltr'><strong>hi</strong></span> <span class='ocrx_word' id='word_1_351' title='bbox 789 3226 875 3282; x_wconf 81' lang='lat' dir='ltr'><strong>codd.</strong></span> <span class='ocrx_word' id='word_1_352' title='bbox 889 3229 982 3286; x_wconf 59' lang='lat' dir='ltr'><strong>,etiam</strong></span> <span class='ocrx_word' id='word_1_353' title='bbox 1007 3228 1039 3280; x_wconf 87' lang='lat' dir='ltr'><strong>iu</strong></span> <span class='ocrx_word' id='word_1_354' title='bbox 1057 3226 1203 3281; x_wconf 88' lang='lat' dir='ltr'><strong>erroribus</strong></span> <span class='ocrx_word' id='word_1_355' title='bbox 1223 3244 1291 3281; x_wconf 88' lang='lat' dir='ltr'><strong>con·</strong></span> 
     </span>
    </p>
   </div>
   <div class='ocr_carea' id='block_1_8' title="bbox 135 3297 1357 3355">
    <p class='ocr_par' dir='ltr' id='par_1_11' title="bbox 135 3297 1357 3355">
     <span class='ocr_line' id='line_1_39' title="bbox 135 3297 1357 3355; baseline -0.001 -4"><span class='ocrx_word' id='word_1_356' title='bbox 135 3297 245 3351; x_wconf 88' lang='lat' dir='ltr'><strong>cinunt.</strong></span> <span class='ocrx_word' id='word_1_357' title='bbox 267 3299 340 3353; x_wconf 77' lang='lat' dir='ltr'><strong>Gucl</strong></span> <span class='ocrx_word' id='word_1_358' title='bbox 361 3300 520 3355; x_wconf 78' lang='lat' dir='ltr'><strong>2..omittit</strong></span> <span class='ocrx_word' id='word_1_359' title='bbox 537 3298 624 3350; x_wconf 83' lang='lat' dir='ltr'><strong>verba</strong></span> <span class='ocrx_word' id='word_1_360' title='bbox 650 3303 677 3350; x_wconf 87' lang='lat' dir='ltr'><strong>et</strong></span> <span class='ocrx_word' id='word_1_361' title='bbox 702 3297 922 3351; x_wconf 76' lang='lat' dir='ltr'><strong>nominabantur.</strong></span> <span class='ocrx_word' id='word_1_362' title='bbox 959 3299 1068 3352; x_wconf 86' lang='lat' dir='ltr'><strong>Laudat</strong></span> <span class='ocrx_word' id='word_1_363' title='bbox 1094 3305 1224 3349; x_wconf 89' lang='lat' dir='ltr'><strong>nestrum</strong></span> <span class='ocrx_word' id='word_1_364' title='bbox 1247 3299 1292 3351; x_wconf 89' lang='lat' dir='ltr'><strong>le-</strong></span> <span class='ocrx_word' id='word_1_365' title='bbox 1355 3350 1357 3355; x_wconf 86' lang='grc'>,</span> 
     </span>
    </p>
   </div>
   <div class='ocr_carea' id='block_1_9' title="bbox 115 3368 1290 3654">
    <p class='ocr_par' dir='ltr' id='par_1_12' title="bbox 115 3368 1290 3654">
     <span class='ocr_line' id='line_1_40' title="bbox 135 3368 1290 3440; baseline 0.001 -20"><span class='ocrx_word' id='word_1_366' title='bbox 135 3385 214 3434; x_wconf 77' lang='lat' dir='ltr'><strong>curn,</strong></span> <span class='ocrx_word' id='word_1_367' title='bbox 232 3369 280 3423; x_wconf 79' lang='lat' dir='ltr'><strong>sat</strong></span> <span class='ocrx_word' id='word_1_368' title='bbox 297 3370 455 3440; x_wconf 85' lang='lat' dir='ltr'><strong>scriptione</strong></span> <span class='ocrx_word' id='word_1_369' title='bbox 473 3388 489 3423; x_wconf 88' lang='lat' dir='ltr'><strong>a</strong></span> <span class='ocrx_word' id='word_1_370' title='bbox 506 3369 590 3422; x_wconf 88' lang='lat' dir='ltr'><strong>libris</strong></span> <span class='ocrx_word' id='word_1_371' title='bbox 608 3368 790 3431; x_wconf 85' lang='lat' dir='ltr'><strong>abhorrente,</strong></span> <span class='ocrx_word' id='word_1_372' title='bbox 818 3369 863 3421; x_wconf 86' lang='lat' dir='ltr'><strong>Jo.</strong></span> <span class='ocrx_word' id='word_1_373' title='bbox 883 3370 1019 3422; x_wconf 82' lang='lat' dir='ltr'><strong>Valousis·</strong></span> <span class='ocrx_word' id='word_1_374' title='bbox 1035 3370 1068 3423; x_wconf 85' lang='lat' dir='ltr'><strong>in</strong></span> <span class='ocrx_word' id='word_1_375' title='bbox 1087 3368 1290 3438; x_wconf 85' lang='lat' dir='ltr'><strong>Compendilo-</strong></span> 
     </span>
     <span class='ocr_line' id='line_1_41' title="bbox 135 3438 1290 3524; baseline 0.001 -34"><span class='ocrx_word' id='word_1_376' title='bbox 135 3439 205 3508; x_wconf 85' lang='lat' dir='ltr'><strong>quio</strong></span> <span class='ocrx_word' id='word_1_377' title='bbox 223 3457 252 3523; x_wconf 89' lang='lat' dir='ltr'><strong>p.</strong></span> <span class='ocrx_word' id='word_1_378' title='bbox 272 3443 332 3497; x_wconf 85' lang='grc'><strong>180.</strong></span> <span class='ocrx_word' id='word_1_379' title='bbox 356 3459 448 3506; x_wconf 85' lang='lat' dir='ltr'><strong>versa,</strong></span> <span class='ocrx_word' id='word_1_380' title='bbox 466 3441 494 3497; x_wconf 89' lang='lat' dir='ltr'><strong>b.</strong></span> <span class='ocrx_word' id='word_1_381' title='bbox 520 3441 574 3492; x_wconf 85' lang='lat' dir='ltr'><strong>ita:</strong></span> <span class='ocrx_word' id='word_1_382' title='bbox 600 3455 697 3493; x_wconf 87' lang='lat' dir='ltr'><strong>nemen</strong></span> <span class='ocrx_word' id='word_1_383' title='bbox 719 3439 877 3522; x_wconf 71' lang='lat' dir='ltr'><strong>supientiae</strong></span> <span class='ocrx_word' id='word_1_384' title='bbox 899 3441 976 3524; x_wconf 69' lang='lat' dir='ltr'><strong>apud</strong></span> <span class='ocrx_word' id='word_1_385' title='bbox 1000 3443 1127 3524; x_wconf 72' lang='lat' dir='ltr'><strong>antiques</strong></span> <span class='ocrx_word' id='word_1_386' title='bbox 1152 3438 1211 3523; x_wconf 77' lang='lat' dir='ltr'><strong>fuit</strong></span> <span class='ocrx_word' id='word_1_387' title='bbox 1225 3440 1290 3506; x_wconf 82' lang='lat' dir='ltr'><strong>pul·</strong></span> 
     </span>
     <span class='ocr_line' id='line_1_42' title="bbox 115 3508 1289 3654; baseline 0.001 -20"><span class='ocrx_word' id='word_1_388' title='bbox 115 3508 1095 3652; x_wconf 52' lang='lat' dir='ltr'><strong>,eiiii?‘statim.·&#39;¹.‘.⁰⁸..t‘.ttt’t..⁹.“t.tirritatam</strong></span> <span class='ocrx_word' id='word_1_389' title='bbox 1110 3515 1289 3654; x_wconf 63' lang='lat' dir='ltr'><strong>iiiii&#39;iai</strong></span> 
     </span>
    </p>
   </div>
   <div class='ocr_carea' id='block_1_10' title="bbox 96 3667 1314 4372">
    <p class='ocr_par' dir='ltr' id='par_1_13' title="bbox 96 3667 1293 4021">
     <span class='ocr_line' id='line_1_43' title="bbox 204 3667 1288 3738; baseline -0.001 -15"><span class='ocrx_word' id='word_1_390' title='bbox 204 3675 230 3724; x_wconf 86' lang='lat' dir='ltr'><strong>et</strong></span> <span class='ocrx_word' id='word_1_391' title='bbox 256 3670 356 3724; x_wconf 69' lang='lat' dir='ltr'><strong>multis</strong></span> <span class='ocrx_word' id='word_1_392' title='bbox 380 3678 444 3723; x_wconf 86' lang='lat' dir='ltr'><strong>unte</strong></span> <span class='ocrx_word' id='word_1_393' title='bbox 469 3672 592 3724; x_wconf 81' lang='lat' dir='ltr'><strong>saeculis</strong></span> <span class='ocrx_word' id='word_1_394' title='bbox 616 3667 787 3738; x_wconf 78' lang='lat' dir='ltr'><strong>Lycurgum]</strong></span> <span class='ocrx_word' id='word_1_395' title='bbox 829 3669 874 3722; x_wconf 85' lang='lat' dir='ltr'><strong>Ad</strong></span> <span class='ocrx_word' id='word_1_396' title='bbox 900 3679 1077 3725; x_wconf 87' lang='lat' dir='ltr'><strong>structuram</strong></span> <span class='ocrx_word' id='word_1_397' title='bbox 1102 3671 1161 3724; x_wconf 84' lang='lat' dir='ltr'><strong>vid.</strong></span> <span class='ocrx_word' id='word_1_398' title='bbox 1181 3671 1288 3724; x_wconf 85' lang='lat' dir='ltr'><strong>Handii</strong></span> 
     </span>
     <span class='ocr_line' id='line_1_44' title="bbox 132 3740 1289 3811; baseline -0.001 -17"><span class='ocrx_word' id='word_1_399' title='bbox 132 3741 292 3795; x_wconf 82' lang='lat' dir='ltr'><strong>Tursellin.</strong></span> <span class='ocrx_word' id='word_1_400' title='bbox 313 3741 337 3792; x_wconf 88' lang='lat' dir='ltr'><strong>l.</strong></span> <span class='ocrx_word' id='word_1_401' title='bbox 355 3760 384 3810; x_wconf 90' lang='lat' dir='ltr'><strong>p.</strong></span> <span class='ocrx_word' id='word_1_402' title='bbox 403 3744 456 3796; x_wconf 71' lang='lat'><strong>372</strong></span> <span class='ocrx_word' id='word_1_403' title='bbox 473 3759 514 3811; x_wconf 88' lang='lat' dir='ltr'><strong>eq.</strong></span> <span class='ocrx_word' id='word_1_404' title='bbox 552 3740 688 3794; x_wconf 51' lang='lat' dir='ltr'><strong>Ad‘hanc</strong></span> <span class='ocrx_word' id='word_1_405' title='bbox 705 3757 775 3793; x_wconf 88' lang='lat' dir='ltr'><strong>vere</strong></span> <span class='ocrx_word' id='word_1_406' title='bbox 795 3748 899 3810; x_wconf 86' lang='lat' dir='ltr'><strong>etseq.</strong></span> <span class='ocrx_word' id='word_1_407' title='bbox 920 3747 986 3794; x_wconf 87' lang='lat' dir='ltr'><strong>ante</strong></span> <span class='ocrx_word' id='word_1_408' title='bbox 1010 3740 1082 3794; x_wconf 81' lang='lat' dir='ltr'><strong>bunc</strong></span> <span class='ocrx_word' id='word_1_409' title='bbox 1104 3743 1198 3794; x_wconf 80' lang='lat' dir='ltr'><strong>urbem</strong></span> <span class='ocrx_word' id='word_1_410' title='bbox 1223 3757 1289 3793; x_wconf 83' lang='lat' dir='ltr'><strong>con·</strong></span> 
     </span>
     <span class='ocr_line' id='line_1_45' title="bbox 133 3809 1286 3880; baseline -0.003 -15"><span class='ocrx_word' id='word_1_411' title='bbox 133 3813 224 3866; x_wconf 78' lang='lat' dir='ltr'><strong>ditem</strong></span> <span class='ocrx_word' id='word_1_412' title='bbox 241 3811 280 3864; x_wconf 85' lang='lat' dir='ltr'><strong>ib.</strong></span> <span class='ocrx_word' id='word_1_413' title='bbox 299 3828 328 3880; x_wconf 81' lang='lat' dir='ltr'><strong>p·</strong></span> <span class='ocrx_word' id='word_1_414' title='bbox 348 3815 409 3866; x_wconf 75' lang='lat'><strong>368.</strong></span> <span class='ocrx_word' id='word_1_415' title='bbox 429 3811 561 3865; x_wconf 81' lang='lat' dir='ltr'><strong>Schmidt</strong></span> <span class='ocrx_word' id='word_1_416' title='bbox 579 3812 612 3862; x_wconf 91' lang='lat' dir='ltr'><strong>in</strong></span> <span class='ocrx_word' id='word_1_417' title='bbox 629 3809 751 3880; x_wconf 81' lang='lat' dir='ltr'><strong>Ephem.</strong></span> <span class='ocrx_word' id='word_1_418' title='bbox 771 3810 910 3864; x_wconf 86' lang='lat' dir='ltr'><strong>Scholast.</strong></span> <span class='ocrx_word' id='word_1_419' title='bbox 931 3813 978 3876; x_wconf 82' lang='lat' dir='ltr'><strong>(A.</strong></span> <span class='ocrx_word' id='word_1_420' title='bbox 999 3811 1028 3865; x_wconf 81' lang='lat' dir='ltr'><strong>S.</strong></span> <span class='ocrx_word' id='word_1_421' title='bbox 1048 3811 1098 3875; x_wconf 69' lang='lat' dir='ltr'><strong>Z)</strong></span> <span class='ocrx_word' id='word_1_422' title='bbox 1127 3815 1204 3868; x_wconf 73' lang='lat'><strong>1826.</strong></span> <span class='ocrx_word' id='word_1_423' title='bbox 1223 3813 1286 3865; x_wconf 73' lang='lat'><strong>259.</strong></span> 
     </span>
     <span class='ocr_line' id='line_1_46' title="bbox 126 3880 1293 3953; baseline -0.004 -18"><span class='ocrx_word' id='word_1_424' title='bbox 126 3901 161 3953; x_wconf 90' lang='lat' dir='ltr'><strong>p.</strong></span> <span class='ocrx_word' id='word_1_425' title='bbox 181 3887 243 3940; x_wconf 82' lang='grc'><strong>413.</strong></span> <span class='ocrx_word' id='word_1_426' title='bbox 264 3914 297 3926; x_wconf 91' lang='lat'>-</span> <span class='ocrx_word' id='word_1_427' title='bbox 318 3882 385 3937; x_wconf 84' lang='lat' dir='ltr'><strong>Gud.</strong></span> <span class='ocrx_word' id='word_1_428' title='bbox 407 3882 480 3934; x_wconf 85' lang='lat' dir='ltr'><strong>Gud.</strong></span> <span class='ocrx_word' id='word_1_429' title='bbox 505 3881 592 3934; x_wconf 87' lang='lat' dir='ltr'><strong>habet</strong></span> <span class='ocrx_word' id='word_1_430' title='bbox 614 3881 706 3935; x_wconf 76' lang='lat' dir='ltr'><strong>ecclia.</strong></span> <span class='ocrx_word' id='word_1_431' title='bbox 742 3881 831 3934; x_wconf 87' lang='lat' dir='ltr'><strong>Marb.</strong></span> <span class='ocrx_word' id='word_1_432' title='bbox 856 3882 1000 3950; x_wconf 76' lang='lat' dir='ltr'><strong>tigurgue,</strong></span> <span class='ocrx_word' id='word_1_433' title='bbox 1026 3882 1098 3934; x_wconf 78' lang='lat' dir='ltr'><strong>Gud.</strong></span> <span class='ocrx_word' id='word_1_434' title='bbox 1118 3884 1144 3934; x_wconf 75' lang='lat'><strong>2.</strong></span> <span class='ocrx_word' id='word_1_435' title='bbox 1170 3880 1293 3952; x_wconf 29' lang='grc' dir='ltr'><strong>ἤματ’-Ι</strong></span> 
     </span>
     <span class='ocr_line' id='line_1_47' title="bbox 96 3948 1254 4021; baseline -0.004 -16"><span class='ocrx_word' id='word_1_436' title='bbox 96 3948 104 3959; x_wconf 80' lang='lat'><strong><em>‘</em></strong></span> <span class='ocrx_word' id='word_1_437' title='bbox 132 3968 213 4021; x_wconf 77' lang='lat' dir='ltr'><strong>guni,</strong></span> <span class='ocrx_word' id='word_1_438' title='bbox 231 3956 305 4007; x_wconf 87' lang='lat' dir='ltr'><strong>Mon.</strong></span> <span class='ocrx_word' id='word_1_439' title='bbox 328 3956 352 4008; x_wconf 91' lang='lat'><strong>1.</strong></span> <span class='ocrx_word' id='word_1_440' title='bbox 373 3951 521 4018; x_wconf 82' lang='lat' dir='ltr'><strong>licurgum.</strong></span> <span class='ocrx_word' id='word_1_441' title='bbox 559 3954 619 4006; x_wconf 91' lang='lat' dir='ltr'><strong>Mr.</strong></span> <span class='ocrx_word' id='word_1_442' title='bbox 1253 4014 1254 4019; x_wconf 9' lang='grc' dir='ltr'><strong>Ἰ</strong></span> 
     </span>
    </p>

    <p class='ocr_par' dir='ltr' id='par_1_14' title="bbox 130 4014 1314 4372">
     <span class='ocr_line' id='line_1_48' title="bbox 203 4014 1314 4094; baseline -0.007 -18"><span class='ocrx_word' id='word_1_443' title='bbox 203 4024 374 4094; x_wconf 82' lang='lat' dir='ltr'><strong>Lycurgum,</strong></span> <span class='ocrx_word' id='word_1_444' title='bbox 407 4025 489 4074; x_wconf 84' lang='lat' dir='ltr'><strong>cur&#39;ua</strong></span> <span class='ocrx_word' id='word_1_445' title='bbox 516 4022 683 4090; x_wconf 70' lang='lat' dir='ltr'><strong>temporibus</strong></span> <span class='ocrx_word' id='word_1_446' title='bbox 707 4022 847 4075; x_wconf 75' lang='lat' dir='ltr'><strong>Homerus</strong></span> <span class='ocrx_word' id='word_1_447' title='bbox 870 4019 957 4074; x_wconf 81' lang='lat' dir='ltr'><strong>etium</strong></span> <span class='ocrx_word' id='word_1_448' title='bbox 981 4019 1072 4084; x_wconf 74' lang='lat' dir='ltr'><strong>fuisse</strong></span> <span class='ocrx_word' id='word_1_449' title='bbox 1090 4047 1123 4059; x_wconf 92' lang='lat'>-</span> <span class='ocrx_word' id='word_1_450' title='bbox 1149 4014 1314 4082; x_wconf 53' lang='lat' dir='ltr'><strong>trutlind&lt;</strong></span> 
     </span>
     <span class='ocr_line' id='line_1_49' title="bbox 133 4086 1287 4158; baseline -0.009 -11"><span class='ocrx_word' id='word_1_451' title='bbox 133 4093 202 4147; x_wconf 79' lang='lat' dir='ltr'><strong>coe.</strong></span> <span class='ocrx_word' id='word_1_452' title='bbox 223 4095 295 4148; x_wconf 84' lang='lat' dir='ltr'><strong>Gud.</strong></span> <span class='ocrx_word' id='word_1_453' title='bbox 323 4094 409 4147; x_wconf 82' lang='lat' dir='ltr'><strong>etium</strong></span> <span class='ocrx_word' id='word_1_454' title='bbox 433 4093 600 4146; x_wconf 79' lang='lat' dir='ltr'><strong>Honrcrum</strong></span> <span class='ocrx_word' id='word_1_455' title='bbox 623 4093 720 4158; x_wconf 69' lang='lat' dir='ltr'><strong>fuisse,</strong></span> <span class='ocrx_word' id='word_1_456' title='bbox 741 4091 831 4146; x_wconf 79' lang='lat' dir='ltr'><strong>Rehd.</strong></span> <span class='ocrx_word' id='word_1_457' title='bbox 857 4091 997 4142; x_wconf 76' lang='lat' dir='ltr'><strong>Homerus</strong></span> <span class='ocrx_word' id='word_1_458' title='bbox 1025 4087 1140 4152; x_wconf 70' lang='lat' dir='ltr'><strong>fuisse</strong></span> <span class='ocrx_word' id='word_1_459' title='bbox 1169 4086 1287 4152; x_wconf 67' lang='lat' dir='ltr'><strong>etiarm</strong></span> 
     </span>
     <span class='ocr_line' id='line_1_50' title="bbox 130 4157 1285 4231; baseline -0.004 -15"><span class='ocrx_word' id='word_1_460' title='bbox 130 4165 217 4217; x_wconf 77' lang='lat' dir='ltr'><strong>Vini.</strong></span> <span class='ocrx_word' id='word_1_461' title='bbox 238 4169 262 4220; x_wconf 93' lang='lat' dir='ltr'><strong>l.</strong></span> <span class='ocrx_word' id='word_1_462' title='bbox 283 4165 449 4218; x_wconf 83' lang='lat' dir='ltr'><strong>Homerum</strong></span> <span class='ocrx_word' id='word_1_463' title='bbox 473 4164 564 4231; x_wconf 72' lang='lat' dir='ltr'><strong>fuisse</strong></span> <span class='ocrx_word' id='word_1_464' title='bbox 585 4168 618 4214; x_wconf 80' lang='lat' dir='ltr'><strong>el</strong></span> <span class='ocrx_word' id='word_1_465' title='bbox 645 4168 715 4215; x_wconf 87' lang='lat' dir='ltr'><strong>unte.</strong></span> <span class='ocrx_word' id='word_1_466' title='bbox 751 4161 890 4214; x_wconf 82' lang='lat' dir='ltr'><strong>Enotavit</strong></span> <span class='ocrx_word' id='word_1_467' title='bbox 909 4158 996 4211; x_wconf 87' lang='lat' dir='ltr'><strong>etiam</strong></span> <span class='ocrx_word' id='word_1_468' title='bbox 1013 4157 1176 4210; x_wconf 86' lang='lat' dir='ltr'><strong>Homerum</strong></span> <span class='ocrx_word' id='word_1_469' title='bbox 1199 4158 1285 4211; x_wconf 82' lang='lat' dir='ltr'><strong>Verb.</strong></span> 
     </span>
     <span class='ocr_line' id='line_1_51' title="bbox 132 4229 1287 4310; baseline -0.004 -24"><span class='ocrx_word' id='word_1_470' title='bbox 132 4235 165 4286; x_wconf 89' lang='lat' dir='ltr'><strong>in</strong></span> <span class='ocrx_word' id='word_1_471' title='bbox 182 4253 273 4310; x_wconf 79' lang='lat' dir='ltr'><strong>marg.</strong></span> <span class='ocrx_word' id='word_1_472' title='bbox 294 4254 330 4289; x_wconf 91' lang='lat' dir='ltr'><strong>ex</strong></span> <span class='ocrx_word' id='word_1_473' title='bbox 348 4235 405 4290; x_wconf 86' lang='lat' dir='ltr'><strong>MS.</strong></span> <span class='ocrx_word' id='word_1_474' title='bbox 424 4235 524 4289; x_wconf 87' lang='lat' dir='ltr'><strong>nescio</strong></span> <span class='ocrx_word' id='word_1_475' title='bbox 543 4247 608 4302; x_wconf 84' lang='lat' dir='ltr'><strong>que.</strong></span> <span class='ocrx_word' id='word_1_476' title='bbox 645 4234 726 4286; x_wconf 88' lang='lat' dir='ltr'><strong>Unus</strong></span> <span class='ocrx_word' id='word_1_477' title='bbox 745 4232 795 4284; x_wconf 88' lang='lat' dir='ltr'><strong>Ox.</strong></span> <span class='ocrx_word' id='word_1_478' title='bbox 812 4229 928 4282; x_wconf 63' lang='lat' dir='ltr'><strong>,omittit</strong></span> <span class='ocrx_word' id='word_1_479' title='bbox 946 4229 1039 4285; x_wconf 82' lang='lat' dir='ltr'><strong>eliam.</strong></span> <span class='ocrx_word' id='word_1_480' title='bbox 1059 4231 1136 4282; x_wconf 87' lang='lat' dir='ltr'><strong>Mon.</strong></span> <span class='ocrx_word' id='word_1_481' title='bbox 1157 4234 1181 4285; x_wconf 90' lang='lat' dir='ltr'><strong>l.</strong></span> <span class='ocrx_word' id='word_1_482' title='bbox 1201 4229 1287 4282; x_wconf 88' lang='lat' dir='ltr'><strong>habet</strong></span> 
     </span>
     <span class='ocr_line' id='line_1_52' title="bbox 131 4297 1285 4372; baseline -0.007 -13"><span class='ocrx_word' id='word_1_483' title='bbox 131 4304 222 4372; x_wconf 66' lang='lat' dir='ltr'><strong>fuisse</strong></span> <span class='ocrx_word' id='word_1_484' title='bbox 241 4304 334 4359; x_wconf 84' lang='lat' dir='ltr'><strong>etium.</strong></span> <span class='ocrx_word' id='word_1_485' title='bbox 362 4308 435 4361; x_wconf 89' lang='lat' dir='ltr'><strong>Gud.</strong></span> <span class='ocrx_word' id='word_1_486' title='bbox 455 4307 674 4360; x_wconf 79' lang='lat' dir='ltr'><strong>constitutam</strong></span> <span class='ocrx_word' id='word_1_487' title='bbox 691 4302 816 4356; x_wconf 76' lang='lat' dir='ltr'><strong>truditur</strong></span> <span class='ocrx_word' id='word_1_488' title='bbox 834 4301 875 4352; x_wconf 79' lang='lat' dir='ltr'><strong>de</strong></span> <span class='ocrx_word' id='word_1_489' title='bbox 892 4297 1018 4353; x_wconf 76' lang='lat' dir='ltr'><strong>heroicis</strong></span> <span class='ocrx_word' id='word_1_490' title='bbox 1036 4298 1123 4354; x_wconf 80' lang='lat' dir='ltr'><strong>etium</strong></span> <span class='ocrx_word' id='word_1_491' title='bbox 1140 4302 1285 4355; x_wconf 81' lang='lat' dir='ltr'><strong>aetatibus.</strong></span> 
     </span>
    </p>
   </div>
   <div class='ocr_carea' id='block_1_11' title="bbox 131 4371 1288 4456">
    <p class='ocr_par' dir='ltr' id='par_1_15' title="bbox 131 4371 1288 4456">
     <span class='ocr_line' id='line_1_53' title="bbox 131 4371 1288 4456; baseline -0.005 -26"><span class='ocrx_word' id='word_1_492' title='bbox 131 4378 176 4431; x_wconf 84' lang='lat' dir='ltr'><strong>Ae</strong></span> <span class='ocrx_word' id='word_1_493' title='bbox 192 4392 256 4431; x_wconf 83' lang='lat' dir='ltr'><strong>rem</strong></span> <span class='ocrx_word' id='word_1_494' title='bbox 275 4377 414 4432; x_wconf 83' lang='lat' dir='ltr'><strong>Orellius:</strong></span> <span class='ocrx_word' id='word_1_495' title='bbox 440 4375 666 4446; x_wconf 85' lang='lat' dir='ltr'><strong>„Groddeckius</strong></span> <span class='ocrx_word' id='word_1_496' title='bbox 684 4390 720 4428; x_wconf 85' lang='lat' dir='ltr'><strong>ex</strong></span> <span class='ocrx_word' id='word_1_497' title='bbox 737 4375 879 4456; x_wconf 76' lang='lat' dir='ltr'><strong>Marmore</strong></span> <span class='ocrx_word' id='word_1_498' title='bbox 896 4371 978 4426; x_wconf 81' lang='lat' dir='ltr'><strong>Pario</strong></span> <span class='ocrx_word' id='word_1_499' title='bbox 1001 4391 1032 4446; x_wconf 89' lang='lat' dir='ltr'><strong>p.</strong></span> <span class='ocrx_word' id='word_1_500' title='bbox 1053 4375 1096 4428; x_wconf 83' lang='lat' dir='ltr'><strong>lo.</strong></span> <span class='ocrx_word' id='word_1_501' title='bbox 1123 4372 1166 4426; x_wconf 86' lang='lat' dir='ltr'><strong>ed.</strong></span> <span class='ocrx_word' id='word_1_502' title='bbox 1192 4372 1288 4446; x_wconf 78' lang='lat' dir='ltr'><strong>Wag-</strong></span> 
     </span>
    </p>
   </div>
   <div class='ocr_carea' id='block_1_12' title="bbox 0 0 1432 5084">
    <p class='ocr_par' dir='ltr' id='par_1_16' title="bbox 0 0 1432 5084">
     <span class='ocr_line' id='line_1_54' title="bbox 0 0 1432 5084; baseline 0 5"><span class='ocrx_word' id='word_1_503' title='bbox 0 0 1432 5084; x_wconf 95' lang='lat' dir='ltr'><strong> </strong></span> 
     </span>
    </p>
   </div>
  </div>
 </body>
</html>
