2856 5084
198 278 262 345 300
550 273 764 340 RlGHARDI
794 277 1002 342 BEN'I'LEII

200 443 307 497 iudicio
325 442 466 513 posterius
485 442 577 496 solum
597 451 639 496 est
656 442 880 502 admittendum:
916 452 949 497 ut
967 443 1045 496 enim
1068 444 1124 498 hoc
1149 461 1234 498 suave
1254 455 1284 498 et
1302 463 1355 499 nu-

199 532 344 570 merosum
364 525 414 581 est,
434 522 463 568 et
482 515 586 568 iustam
604 531 749 568 caesuram
767 515 852 568 facit:
884 515 924 568 ita
948 515 1024 569 illud
1042 525 1142 571 contra
1161 518 1291 572 scabrum
1310 527 1355 574 est

200 594 230 639 et
247 585 725 719 uipi’iiiubbdiieibasiiblininostri
743 663 819 712 certe
837 656 1070 726 omnes'babent.)

272 727 344 780 ibid.
380 730 487 793 Mater,
506 734 533 780 te
550 729 666 798 appello,
686 735 714 780 tu
733 743 804 798 pune
820 745 918 782 curum
936 746 1030 784 somno
1048 741 1180 800 suspenso
1200 734 1288 797 tenus,

288 863 290 866 Ι
382 799 473 867 Neque
491 803 519 851 te
536 801 592 853 rnes'
608 798 739 853 miseret.-
771 815 858 868 surge
875 808 901 854 et
918 801 1006 870 sepeli
1023 808 1125 856 nolunt.

159 879 163 883 ”
203 871 242 923 Et
260 872 485 941 snoxsequitur,
948 905 951 911 -

379 941 463 1013 prius
481 956 563 1009 quam
580 944 660 1008 ferae
676 944 879 1013 volucresque]
916 945 1020 995 Versus
1038 952 1104 995 sunt
1121 943 1294 1010 Trochaici3
1324 957 1354 999 et

203 1011 324 1080 proinde
342 1013 383 1066 sic
401 1014 436 1065 ad
453 1030 587 1066 numeros
604 1029 668 1065 suos
685 1014 836 1088 redigendi
855 1022 929 1080 sunt,
948 1022 1034 1083 atque
1047 1015 1134 1066 etiam
1148 1017 1354 1069 connectendi:

383 1085 526 1137 Materte
544 1085 663 1153 appello,
684 1101 755 1153 quae
774 1100 872 1139 curum
889 1101 984 1138 sorano
1002 1100 1165 1154 suspensam
1182 1081 1211 1151 ²⁸³)
1231 1087 1317 1152 levus,

380 1154 476 1224 Neque
493 1161 521 1207 te
537 1153 594 1208 mei
604 1155 773 1207 miseretur:
792 1170 881 1224 surge
899 1162 927 1209 et
944 1157 1033 1225 sepeli
1049 1162 1146 1210 natum
1161 1164 1253 1222 tuum,
1271 1157 1355 1226 prius

381 1228 468 1283 Quum
485 1226 565 1290 ferae
588 1227 764 1295 columesque
781 1255 814 1269 -

202 1295 299 1349 Primo
325 1302 374 1363 lu,
404 1297 480 1366 quod
503 1314 618 1350 versum
636 1304 745 1361 onerat,
774 1304 803 1348 et
827 1296 913 1366 plane
936 1296 1075 1350 redundat
1102 1297 1275 1349 eiiciendum
1294 1307 1352 1352 estt

203 1383 296 1435 neque
313 1384 379 1420 sane
401 1366 524 1419 habetur
546 1367 576 1418 iu
595 1366 767 1418 editionibus
784 1365 852 1420 Aldi
879 1376 909 1420 et
930 1367 1073 1420 Lambini.
1109 1367 1197 1433 Adde,
1226 1369 1303 1438 quod
1328 1375 1354 1421 te

202 1437 444 1505 praedicendum
461 1438 556 1506 potius
573 1437 675 1501 fuerit,
695 1455 780 1505 quana
798 1443 829 1490 tu
848 1454 916 1506 quae
933 1433 996 1505 **).
1029 1437 1140 1491 Deinde
1158 1439 1221 1513 lege
1239 1455 1355 1506 suspen-

202 1521 265 1559 sum
282 1525 319 1560 ex
335 1508 533 1578 Porphyrione
553 1507 711 1561 Scholiasta
728 1515 827 1561 vetere
845 1510 881 1561 ad
898 1508 1011 1561 Horatii
1029 1508 1120 1561 Serm.
1140 1510 1179 1572 ll,
1196 1513 1221 1564 3.
1242 1512 1294 1577 qui
1313 1510 1354 1561 sic

200 1593 317 1630 versum
338 1578 417 1645 hunc
439 1578 550 1631 laudat:
579 1578 749 1645 Suspensum
773 1586 869 1630 autem
896 1580 1032 1654 intellige
1050 1579 1182 1644 dilutam,
1210 1579 1354 1632 intermis-

202 1662 272 1701 sam.
308 1646 347 1701 At
364 1649 439 1700 illud
456 1664 581 1719 nespeuso
597 1664 702 1714 somno,
721 1648 798 1700 nihil
815 1650 895 1703 aliud
912 1658 964 1715 est,
989 1667 1076 1718 quam
1093 1648 1215 1702 sollicito
1233 1655 1259 1702 et
1272 1652 1355 1718 pavi·

202 1719 253 1783 do;
271 1718 346 1772 unde
364 1721 505 1773 sententia
523 1721 581 1788 ipsa
600 1736 697 1773 secum
714 1727 837 1796 pugnat:
869 1737 964 1789 neque
986 1720 1064 1777 enim
1089 1719 1227 1772 eiusmodi
1252 1736 1354 1773 somno

200 1805 269 1842 curo
287 1791 378 1844 leuari
393 1798 497 1861 potest.
529 1791 615 1842 Tuum
632 1798 728 1842 autem
746 1807 782 1843 ex
799 1791 966 1843 coniectura
984 1789 1156 1855 addidimus,
1176 1807 1233 1858 quo
1250 1808 1352 1844 versus

200 1860 360 1930 suppletur,
379 1862 403 1912 si
420 1861 516 1914 veteri
535 1877 614 1914 more
631 1861 841 1928 μονοσυλλᾰβως
860 1860 1013 1915 efferaturt
1040 1860 1126 1912 facile
1145 1869 1240 1912 autem
1253 1861 1353 1927 ¹absor-

200 1929 263 1984 beri
279 1932 376 2000 potuit
393 1950 409 1984 a
427 1931 535 2001 syllaba
551 1931 749 2001 praecedente.
787 1933 895 1983 Verum
913 1931 1009 1984 Acron
1036 1931 1111 1984 alter
1129 1929 1301 1983 scholiastes
1320 1933 1354 1984 ad

200 2001 311 2053 dictum
329 2003 442 2054 Horatii
459 2003 556 2055 locum
574 2002 615 2055 sic
632 2002 720 2055 verba
737 2001 790 2054 illa
806 2002 911 2068 laudat,
930 2002 1030 2066 Soror,
1056 2019 1073 2054 o
1097 2016 1191 2069 surge,
1219 2008 1247 2054 et
1266 2001 1354 2070 sepeli

199 2088 253 2124 me.
290 2072 361 2126 Sane
379 2072 431 2126 hic
448 2073 583 2144 Polydori
607 2072 710 2126 umbra
727 2071 889 2141 alloquitur
912 2089 1041 2126 sororem
1061 2089 1140 2123 suam
1159 2072 1292 2138 Ilionam,
1320 2082 1354 2125 ut

199 2143 285 2213 plane
304 2149 413 2196 constat
437 2161 502 2196 cum
529 2161 564 2196 ex
581 2142 694 2196 Horatii
719 2143 772 2196 illo
784 2143 863 2208 loco,
890 2151 955 2195 tum
981 2160 1017 2195 ex
1036 2142 1173 2195 Cicerone
1198 2142 1229 2193 in
1247 2142 1354 2196 Acade-

200 2213 285 2266 micis
303 2214 341 2280 11,
360 2216 404 2269 27.
441 2214 575 2268 Sororem
592 2214 689 2284 itaque
708 2213 842 2285 appellat,
863 2214 930 2283 quia
947 2221 1066 2267 natura:
1089 2219 1212 2278 matrem,
1239 2214 1306 2282 quia
1325 2222 1354 2266 et

199 2291 293 2336 aetate
311 2284 404 2338 multo
422 2286 567 2359 grandior,
587 2293 616 2337 et
634 2285 721 2337 etiam
738 2283 866 2353 parentis
885 2284 950 2336 loco
969 2285 1063 2354 ipsum
1082 2283 1224 2336 educarat.
1262 2284 1353 2350 Quare

201 2355 297 2408 nescio
314 2362 351 2407 a'n
369 2364 446 2409 totus
464 2357 544 2409 locus
563 2373 599 2408 ex
616 2354 784 2408 Scholiastis
802 2354 863 2406 illis
880 2355 921 2406 sic
939 2355 1123 2430 refingendus
1141 2355 1200 2405 sit:·

265 2425 267 2431 “
365 2428 473 2492 Mater,
491 2433 518 2480 te
535 2425 652 2494 appello,
672 2440 857 2494 praecurem
877 2441 972 2478 somno
991 2441 1154 2495 suspensum
1172 2425 1263 2478 levus:

364 2495 460 2567 Neque
477 2504 503 2550 te
521 2497 578 2550 mei
594 2495 752 2560 miseretur,
771 2511 867 2548 soror.-
893 2495 916 2548 0
934 2512 1019 2565 surge
1037 2503 1063 2550 et
1080 2495 1165 2564 sepeli
1181 2511 1233 2562 me,
1249 2495 1334 2564 prius

366 2568 456 2622 Quom
472 2569 547 2633 ferae
565 2569 740 2634 uolucresque
758 2592 792 2602 -

200 2636 276 2690 Haec
294 2636 399 2691 Cicero
418 2639 573 2689 immutare
589 2636 720 2705 paullum
737 2643 860 2704 poterat,
884 2651 934 2688 suo
952 2636 1103 2689 arbitratu.
1131 2638 1134 2644 “

269 2708 340 2761 Ibid.
378 2709 439 2762 Heu
459 2704 607 2774 relliquias
625 2705 757 2759 semiassi
775 2705 861 2773 regis,
881 2706 1030 2759 denudatis
1049 2706 1165 2774 cambus,

375 2780 430 2834 Per
448 2785 555 2831 terrum
573 2775 654 2829 sanie
672 2775 811 2830 delibutus
828 2777 908 2843 foede
931 2777 1100 2830 dioesesim.

198 2847 259 2900 Non
276 2848 407 2919 intelligo
426 2846 494 2916 quid
510 2852 626 2913 metuut‚·
644 2853 770 2901 sumtum
788 2847 1056 2917 bonosseptenorios
1066 2848 1211 2912 fundaturi
1228 2847 1353 2919 tibiura]

197 2919 311 2973 >lterum
337 2919 387 2972 hic
408 2917 527 2988 vapulat
550 2917 661 2984 Cicero,
688 2918 763 2986 quod
785 2919 944 2972 versiculos
968 2917 1021 2970 hos
1049 2921 1224 2987 septenarios
1251 2931 1353 2988 vocet;

124 3045 126 3050 ,
198 3007 264 3043 cum
282 2992 348 3056 siut,
366 2997 400 3041 ut
416 2989 529 3054 volunt,
547 2988 855 3043 lambiciTetrametri
872 2989 932 3041 sive
952 2988 1106 3044 octonarii.
1142 2992 1257 3042 Primus
1275 2992 1353 3050 hanc

198 3060 291 3129 dicam
309 3060 337 3114 ei
354 3059 473 3128 scripsit
489 3059 539 3112 vir
556 3077 675 3134 magnus
693 3058 790 3112 Julius
808 3060 947 3134 Scaliger,
967 3061 1048 3112 cuius
1064 3060 1152 3120 verba
1169 3070 1236 3112 sunt
1253 3063 1318 3115 loco
1336 3081 1353 3115 a

198 3140 227 3183 te
246 3130 386 3183 indicato:
413 3129 574 3185 Ciceronem
592 3146 699 3200 quoque
720 3130 798 3198 fugit
822 3129 906 3195 ratio,
934 3147 995 3183 cum
1021 3131 1053 3183 in
1069 3131 1161 3198 primu
1181 3133 1353 3188 Quaestione

200 3202 356 3261 Tusculana
373 3201 546 3269 septenarios
562 3207 650 3257 vocet.
687 3199 816 3254 Accessit
833 3209 930 3270 postea
948 3202 1112 3267 Lambinus,
1132 3203 1182 3271 qui
1200 3205 1351 3271 Librariis,

197 3289 255 3325 non
272 3271 402 3338 Auctori,
420 3271 476 3324 hoc
494 3271 635 3341 imputat3
670 3279 700 3324 et
717 3288 770 3340 pro
789 3270 971 3340 septenarios,
998 3280 1032 3323 ut
1049 3271 1181 3324 Tullium
1209 3274 1353 3327 demerea-

197 3351 256 3408 tur,
283 3343 315 3394 in
341 3341 403 3412 ipso
430 3349 512 3395 textu
530 3342 691 3396 octonarios
714 3342 808 3394 studet
832 3341 1013 3395 substituere.
1051 3343 1121 3395 lude
1140 3352 1168 3395 et
1187 3345 1353 3399 Gerbardus

196 3413 312 3467 Vossius
330 3413 405 3466 idem
423 3414 480 3466 hoc
498 3412 597 3464 Tullio
616 3413 755 3478 intentat,
773 3414 809 3478 {et
831 3413 886 3465 tibi
904 3412 1028 3482 denique
1051 3412 1168 3465 libitum
1188 3424 1230 3467 est
1248 3434 1352 3490 agmen

164 3525 166 3530 .
196 3483 253 3537 hoc
270 3500 382 3558 cogere.
418 3485 482 3558 Ego
500 3499 570 3536 vero
588 3500 647 3536 non
665 3482 844 3548 Ciceronem,
858 3483 948 3549 ·quod
965 3484 1047 3549 absit,
1070 3501 1172 3537 verum
1191 3487 1266 3556 ipsos
1284 3488 1360 3540 illos¹

197 3555 340 3608 rationem
357 3555 407 3621 hic
426 3554 533 3628 fugisse
551 3555 702 3620 contendo,
728 3562 766 3620 et,
798 3553 854 3623 nisi
877 3553 1004 3607 multum
1031 3555 1121 3606 animi
1144 3557 1241 3624 fallar,
1265 3559 1353 3630 plane

214 3691 243 3760 *)
268 3697 302 3748 ln
321 3697 397 3756 notis
416 3696 534 3750 ineditis
552 3699 688 3751 scribitur
705 3698 844 3764 cumeneo.
883 3696 937 3750 Sed
959 3696 1021 3748 sine
1040 3696 1124 3750 dubio
1141 3698 1299 3763 Bentleius‚
1318 3710 1352 3754 ut

204 3802 207 3807 -
266 3765 299 3818 in
316 3767 462 3838 prioribus
480 3768 732 3823 Eruendationibus
749 3765 904 3841 legendum
923 3784 982 3820 esse
995 3769 1167 3833 coniecerat,
1187 3769 1275 3820 etiam
1294 3770 1350 3823 hoc

266 3840 330 3892 loco
348 3840 398 3892 vel
415 3840 540 3908 scripsit,
558 3840 607 3892 vel
625 3835 749 3890 scribere
775 3845 854 3890 corte
872 3839 974 3891 voluit.
1013 3836 1092 3891 Solet
1111 3841 1189 3891 enim
1208 3840 1265 3891 alio
1283 3840 1351 3894 lite·

265 3926 371 3962 rarum·
382 3910 548 3964 charactere
567 3927 599 3962 ea
615 3906 752 3962 uocabula
770 3909 943 3978 exprimere,
962 3908 993 3960 in
1010 3909 1112 3977 quibus
1129 3910 1240 3980 aliquid
1257 3920 1351 3964 muta-

265 3980 352 4034 tionis
365 3983 473 4034 factum
491 3989 542 4033 est.
578 3979 669 4049 Atqui
687 3981 716 4032 h.
733 3980 753 4030 l.
774 3993 905 4048 suspenso
923 3981 1041 4054 vulgata
1059 3983 1189 4032 omnium
1206 3981 1350 4035 librorum

265 4052 354 4106 lectio
373 4061 429 4116 est;
451 4059 479 4104 et
498 4051 575 4103 infra
594 4067 708 4119 quoque
726 4050 883 4116 Bentlei‘us',
904 4051 984 4103 hunc
1007 4067 1123 4103 versum
1142 4052 1269 4120 laudans,
1297 4069 1350 4106 su-

264 4138 393 4191 spensum
412 4121 521 4174 scribit.
560 4121 687 4174 Bardili.
1026 4133 1031 4143 ¹

194 4191 242 4260 *ἢ
265 4194 404 4264 Sequitur
422 4194 452 4244 in
471 4193 546 4245 notis
565 4192 681 4245 ineditis
699 4192 811 4246 statims
843 4193 946 4247 Tuum
964 4200 1056 4247 autem
1074 4201 1128 4245 eto.
1151 4194 1261 4246 omissis
1282 4210 1351 4246 ver-

151 4266 153 4271 ’
264 4265 308 4317 bis
326 4264 436 4319 Deinde
460 4264 522 4332 lege
546 4291 579 4301 —
603 4279 690 4316 cura
713 4262 830 4317 leuari
849 4264 966 4330 potest]
1004 4262 1132 4329 [Ibidem
1157 4265 1243 4319 etiam
1261 4265 1350 4317 omit-

264 4342 368 4403 tuntur
384 4336 483 4388 verba:
507 4335 609 4389 Vaum
626 4335 722 4390 Acron
740 4335 814 4390 ulter
832 4332 1003 4390 scholiastes
1021 4342 1074 4388 etc.
1098 4352 1188 4406 usque
1206 4336 1241 4389 ad
1259 4336 1349 4389 finem

265 4405 463 4463 annotationis..
502 4407 562 4461 Mr.
