2856 5084
194 247 257 314 248
403 245 635 314 CICERONIS
657 245 903 315 TUSCULAN.
926 248 1156 316 DISPUTAT.

195 412 332 478 Graecis
354 414 520 497 quotidiez
549 416 600 476 sic
622 415 760 478 caecitas
782 416 867 478 ferri
889 417 988 480 facile
1009 419 1123 498 posuit,
1154 417 1273 479 sinon
1295 417 1356 481 de-

111 496 173 552 114.
196 499 265 558 sint
297 497 444 559 subsidia
470 496 711 562 valetudinum.
761 497 978 562 Democritus
1008 499 1190 562 luminibus
1223 502 1356 564 amissis

197 580 274 641 elba
296 581 423 641 scilicet
445 579 636 641 discernere
658 589 693 642 et
714 589 788 642 atra
818 601 886 655 non
907 591 1052 664 poterat.
1095 581 1140 642 At
1160 602 1242 645 vero
1264 584 1356 647 bona

196 663 294 740 mala,
326 681 431 744 aequa
451 663 580 743 iniqua,
613 662 752 724 honesta
777 665 902 744 turpia,
936 665 1034 725 utilia
1054 665 1198 740 inutilia,
1232 686 1356 752 magna

195 763 301 828 parva
332 753 483 828 poterat:
518 755 552 806 et
582 745 655 806 sine
691 745 855 808 varietate
890 746 1043 810 colorum
1080 747 1201 809 licebat
1234 750 1355 813 vivere

195 930 331 1054 eopiecidt,
358 928 387 983 ei
396 929 503 1054 ¹gz'ceot,
530 931 602 999 quod
620 927 785 1010 quibusdam
802 930 931 1001 Graecis,
962 930 1112 1000 quiritare.
1152 932 1207 988 Sed
1233 943 1355 989 nonest
1415 942 1417 946 “

195 1019 232 1055 au
251 1019 299 1054 ren
319 1019 359 1053 us.
425 1040 432 1053 .
816 1043 819 1048 f

265 1071 403 1137 sitirent,
423 1072 495 1141 quod
514 1071 674 1142 quibusdam
692 1071 812 1127 Graecis
829 1071 975 1141 quotidie]
994 1073 1058 1139 „Ita
1075 1073 1182 1127 habent
1198 1075 1269 1127 libri
1287 1077 1356 1128 vul-

194 1144 268 1218 gati:
297 1161 350 1196 nec
368 1143 457 1195 male:
492 1143 544 1194 alii
562 1143 589 1197 si
607 1143 702 1210 libeat,
726 1147 784 1197 non
807 1146 874 1196 satis
898 1145 979 1197 bene.
1017 1145 1091 1209 Quid
1110 1146 1187 1197 enim
1207 1146 1231 1196 si
1251 1146 1354 1212 libeat,

194 1230 254 1265 non
273 1212 363 1267 liceat
379 1215 491 1266 autem?
515 1222 549 1266 ut
567 1214 651 1266 liceat
668 1214 719 1268 hic
737 1215 883 1289 significet
906 1213 1087 1279 concedatur,
1121 1223 1155 1267 ut
1174 1216 1235 1286 ipse
1254 1216 1356 1270 docuit

194 1301 288 1353 supra.
325 1285 404 1352 Quod
422 1292 518 1336 autem
536 1285 653 1353 quidam
674 1292 778 1355 putant
804 1286 903 1337 locum
927 1285 1020 1337 adhue
1044 1293 1153 1338 restare
1171 1286 1354 1354 mendosum,

193 1355 350 1408 videndum
368 1371 438 1405 num
456 1371 509 1422 pro
527 1355 652 1421 quotidie
669 1357 763 1424 aptius
781 1357 819 1407 sit
837 1354 1008 1426 quiritare.“
1030 1355 1158 1408 Ursa‘nns.
1188 1357 1246 1424 „si
1264 1357 1355 1412 liceat

194 1441 233 1478 sc.
252 1426 428 1490 mendicare,
447 1425 523 1494 quod
542 1425 646 1478 Graeci
664 1427 765 1478 dieunt
782 1425 966 1497 προςαιτεϊν.“
990 1423 1085 1479 Lamo.

265 1510 294 1563 ei
319 1510 431 1579 lieren]
467 1513 666 1597 „Intelligunt
689 1513 857 1572 mendicare.
894 1514 950 1568 Sed
968 1521 1062 1568 cetera
1081 1513 1157 1566 mihi
1175 1531 1233 1567 non
1251 1515 1356 1569 viden-

193 1590 244 1636 tur
262 1585 438 1637 consentire:
468 1585 540 1652 qnod
558 1586 721 1654 qmbusdam
740 1586 857 1639 Graecis
875 1585 1035 1655 Ραοῑίἀίι.κ
1060 1585 1130 1638 Ern.
1168 1587 1354 1654 „Parasitari,

194 1653 306 1723 opinor.
345 1653 401 1708 Sed
423 1655 523 1706 malim
549 1657 577 1709 si
602 1655 717 1710 lideot.“
740 1657 852 1714 Nissen.
889 1658 955 1708 Non
982 1656 1081 1726 inepte
1100 1657 1257 1709 Nissenius.
1296 1655 1356 1710 Sed

192 1721 249 1777 hoc
268 1724 408 1794 ineptum,
428 1725 504 1795 quod
523 1724 591 1778 Bill.
612 1744 679 1779 eum
697 1728 851 1780 coniecisse
870 1727 972 1799 fingite
991 1728 1019 1780 ei
1037 1727 1164 1778 libeat·
1176 1725 1353 1795 parasitare‘.

191 1797 300 1849 Vocem
328 1799 355 1849 ei
384 1797 524 1850 omittunt
547 1806 670 1864 quatuor
693 1799 773 1864 Oxx„
804 1798 970 1868 absorptum
997 1797 1136 1850 videlicet
1162 1797 1354 1866 praecedente

193 1865 247 1931 εἱίς
281 1867 389 1919 excidit
416 1869 487 1918 item
506 1867 537 1918 in
556 1868 624 1920 Cod.
643 1872 719 1922 Mon.
739 1871 772 1934 23
805 1886 878 1919 unus
897 1867 948 1920 Ox.
973 1869 1085 1920 omittit
1107 1871 1135 1922 si
1152 1867 1237 1920 liceat
1261 1887 1355 1939 usque

193 1937 229 1990 ad
243 1939 343 2004 possit,
364 1938 512 1989 aberrante
532 1939 640 1992 scribae
665 1939 748 1992 oculo
771 1956 787 1990 a
810 1941 848 1993 eit
866 1937 901 1990 ad
921 1937 1021 2004 possit.
1059 1939 1093 1991 ln
1112 1939 1179 1993 Cod.
1199 1940 1287 1991 lllarb.
1308 1949 1355 1993 est

194 2009 266 2076 qnod
289 2008 348 2061 oei
373 2008 548 2077 quidusdam.
579 2011 654 2063 Mon.
675 2015 699 2064 1.
729 2008 841 2063 omittit
865 2008 996 2077 qnotidie,
1029 2016 1058 2060 et
1075 2027 1129 2078 pro
1147 2009 1189 2062 ee'c
1206 2009 1292 2062 habet
1310 2011 1353 2066 ei.

194 2078 268 2130 Gud.
290 2084 314 2135 1.
335 2078 456 2136 Graeci.
478 2079 551 2132 Gud.
572 2082 598 2134 2.
623 2080 713 2133 Rehd.
738 2081 800 2145 fieri
816 2097 871 2150 pro
889 2079 971 2145 ferri·
995 2080 1080 2132 Vind.
1101 2086 1127 2137 l.
1154 2080 1242 2146 facile
1260 2082 1353 2149 ferra}

194 2149 268 2203 Gud.
294 2151 425 2215 desunt,
449 2167 523 2201 unus
547 2151 598 2204 Ox.
623 2151 748 2204 desinit.
786 2152 846 2203 Mr.

264 2219 397 2274 subsidio
420 2220 635 2287 valetudinum]
672 2223 740 2274 Esse
763 2221 873 2273 dicitur
894 2219 1023 2274 subsidia
1046 2221 1085 2274 ad
1108 2221 1292 2275 valetudinem
1321 2223 1356 2274 in

192 2297 250 2343 vet.
271 2290 338 2344 Ood.
366 2292 398 2342 in
421 2308 514 2364 marg.
538 2292 610 2347 Edd.
635 2292 751 2344 Lambb.
781 2299 811 2344 et
836 2292 925 2349 Goth.
951 2294 1039 2344 etita
1058 2300 1100 2345 est
1123 2293 1155 2344 in
1172 2293 1244 2345 Edd.
1264 2296 1300 2345 Μ.
1324 2302 1356 2346 et

193 2361 258 2415 Ald.
297 2361 353 2414 Sed
372 2362 525 2414 manifesto
544 2369 586 2414 est
603 2362 652 2414 vel
670 2362 834 2437 glossatoris
857 2364 907 2414 vel
932 2359 1105 2416 correctoris
1129 2363 1180 2431 qui
1204 2363 1355 2432 pluralem

191 2431 383 2484 valetudinum
406 2449 465 2484 non
489 2442 692 2502 concoqueret,
720 2440 820 2502 utpote
842 2433 940 2502 paullo
960 2435 1110 2486 rariorem.
1133 2434 1252 2486 Confert
1270 2433 1356 2488 Kiih-

192 2519 254 2560 ner.
273 2502 370 2555 Taciti
387 2508 462 2554 Ann.
482 2502 531 2557 VI.
552 2520 576 2554 c.
595 2505 722 2572 paenult.
751 2503 873 2556 medicus
896 2520 996 2573 regere
1019 2503 1246 2558 valetudines
1269 2507 1357 2572 prin-

192 2575 274 2642 cipis.
312 2573 432 2626 Minime
456 2580 553 2624 tamen
576 2575 715 2643 exemplis
739 2581 838 2626 carent
864 2576 940 2645 apud
964 2574 1133 2628 Ciceronem
1159 2575 1274 2626 nomina
1304 2575 1357 2627 ab·

191 2651 299 2696 stracta
315 2642 427 2713 plurali
445 2659 566 2695 numero
585 2653 729 2713 usurpata.
757 2645 821 2698 Vid.
843 2662 914 2713 quae
939 2646 1060 2721 collegit
1078 2643 1212 2698 Ochsner.
1232 2644 1267 2696 ad
1285 2644 1352 2700 cic.

191 2714 313 2789 Eclogg.
334 2731 362 2784 p.
382 2716 424 2768 87.
446 2714 489 2767 ed.
509 2717 534 2769 3.
561 2714 628 2768 coll.
654 2732 682 2784 Ρ.
703 2717 764 2770 484.
784 2716 858 2768 med.
896 2717 957 2773 Mr.

262 2800 439 2859 Democritus
457 2803 608 2857 luminibus
626 2801 754 2869 omissis]
776 2800 843 2870 ‚,'cf.
863 2806 898 2858 de
916 2803 1012 2857 Finib.
1031 2803 1069 2861 V.
1084 2805 1129 2860 29.
1140 2803 1182 2860 87.
1201 2801 1355 2860 Plutarch.

190 2874 226 2933 Τ.
246 2876 286 2929 11.
306 2893 335 2945 p.
355 2875 416 2931 246.
438 2874 598 2948 Gundling.
620 2874 710 2928 Otior.
730 2877 804 2928 Part.
824 2875 878 2933 lll.
898 2893 922 2928 c.
941 2866 968 2932 1'.
986 2894 1014 2946 p.
1035 2878 1068 2930 51
1088 2894 1129 2945 sq.
1157 2876 1266 2946 llllenag.
1288 2874 1356 2925 Ori-

212 2947 251 3005 in.
280 2947 375 3000 Italic.
399 2962 461 2999 voc.
489 2945 672 2998 Abbacinare.
705 2946 868 2999 Heumann.
892 2949 955 3000 Act.
984 2945 1149 3015 Philosoph.
1179 2944 1201 2997 l.
1232 2962 1262 3013 Ρ.
1287 2944 1353 2999 671.
1407 2943 1413 2954 “

190 2964 333 3071 §rucken
354 3016 427 3070 Hist.
447 3017 552 3071 Philos.
572 3018 595 3069 1.
615 3033 643 3086 Ρ.
666 3019 743 3073 1180.
763 3018 964 3071 Democritum
986 3016 1020 3069 ob
1038 3016 1198 3068 doctrinam
1216 3014 1247 3063 in
1266 3014 1356 3067 rebus

190 3088 368 3141 naturalibus
386 3088 470 3139 valde
489 3105 603 3158 quoque
622 3088 719 3139 laudat
736 3087 856 3141 Aristot.
881 3087 915 3140 de
935 3087 1070 3139 Generat.
1093 3093 1121 3137 et
1136 3085 1270 3153 corrupt.
1286 3085 1309 3134 Ι.
1324 3089 1354 3143 2,

213 3197 220 3210 .
246 3156 333 3212 684.“
365 3155 479 3214 Setuci.
524 3158 589 3211 Vid.
614 3157 759 3212 Goerenz.
786 3159 821 3212 ad
844 3159 903 3211 Cic.
933 3157 968 3210 de
997 3155 1081 3208 Finn.
1106 3155 1139 3206 V.
1165 3156 1208 3208 29.
1234 3171 1262 3222 Ρ.
1287 3158 1355 3211 640.

190 3177 304 3283 ἕοὴοῖῒ.
325 3227 398 3288 Νοᾶ.
418 3227 480 3280 Cic.
501 3229 538 3280 11.
559 3229 584 3282 7.
604 3246 632 3299 Ρ.
653 3233 714 3286 319.
734 3248 775 3299 sq.
812 3229 848 3280 ln
873 3243 952 3296 seqq.
978 3223 1050 3280 Edd.
1077 3226 1139 3277 sere
1164 3226 1356 3304 omnesuulba

192 3300 300 3353 scilicet
318 3304 344 3349 et
363 3304 427 3350 atra
447 3297 614 3354 discernere.
651 3302 697 3353 Ex
714 3301 786 3354 Edd.
806 3305 876 3351 vett.
897 3297 956 3350 sola
973 3297 1003 3347 P.
1027 3295 1091 3347 aloa
1118 3294 1226 3347 scilicet
1244 3294 1356 3349 descer-

191 3386 258 3423 nere
277 3374 304 3422 et
328 3374 429 3422 terra
457 3368 515 3434 [sic
539 3389 691 3442 perperam
714 3387 768 3442 pro
791 3367 874 3434 otro]
898 3383 954 3423 non
968 3370 1100 3433 poterat..
1127 3365 1166 3416 Et
1188 3364 1267 3416 hunc
1292 3383 1355 3422 esse

190 3440 347 3494 verborum
366 3440 497 3493 ordinem
517 3442 650 3496 inlibris
667 3438 795 3512 optimis.
815 3440 1000 3507 (quamquam
1024 3445 1053 3489 et
1071 3435 1100 3487 h·
1120 3435 1141 3488 l·
1162 3436 1280 3488 collatio
1299 3455 1356 3492 no-

190 3520 252 3564 stra
273 3510 358 3582 Regii
381 3512 483 3579 tacet‚)
511 3512 640 3566 videmus
663 3513 740 3577 inde,
772 3508 849 3581 quod
874 3507 963 3560 tacite
993 3523 1060 3558 eum
1086 3505 1199 3575 recepit
1223 3506 1291 3557 Dav.
1322 3519 1355 3562 et

190 3581 299 3634 habent
317 3581 403 3634 Oodd.
424 3582 497 3634 Gud.
516 3587 540 3639 l.
553 3587 579 3639 2.
599 3583 689 3638 Rehd.
712 3582 773 3650 [hie
791 3585 869 3632 aetra
887 3585 940 3647 pro
960 3583 1035 3643 ntro,
1056 3575 1137 3630 sicile
1154 3593 1208 3647 pro
1228 3577 1352 3648 scilicet]

159 3645 164 3654 “
192 3651 267 3707 Gud.
288 3649 349 3715 [hic
367 3651 396 3703 ee·
412 3669 465 3723 pro
484 3651 702 3718 criticen-Mon.
723 3657 748 3707 1.
777 3647 864 3702 Marb.
885 3646 969 3703 Vind.
989 3650 1015 3703 2.
1053 3648 1144 3715 Quare
1164 3663 1213 3700 nos
1233 3665 1354 3719 quoque

192 3740 259 3778 eum
277 3722 445 3796 recepimus.
483 3724 517 3776 ln
537 3723 611 3777 Gud.
631 3725 657 3778 2.
683 3729 726 3774 est
741 3723 877 3789 poterunt
894 3734 948 3789 pro
972 3724 1090 3788 poterat.
1128 3719 1197 3772 lude
1216 3719 1249 3770 ab
1267 3719 1297 3770 h.
1317 3740 1350 3775 v.

192 3794 337 3848 aberravit
349 3794 383 3846 ad
398 3795 516 3846 eandem
527 3802 591 3864 post
605 3792 671 3844 duas
688 3791 778 3842 lineas
794 3789 962 3842 redeuntem
980 3789 1084 3858 (paron
1101 3787 1221 3858 poterat)
1240 3792 1354 3845 omnia-

192 3883 249 3936 que
272 3865 369 3918 omisit
398 3865 492 3918 media
525 3864 651 3932 scriptor
674 3861 741 3912 Ood.
765 3859 855 3912 Rehd.
900 3860 975 3926 Quae
1000 3870 1160 3929 sequuntur
1191 3859 1354 3916 ἀσυνθέτων

190 3936 281 4007 paria,
301 3937 342 3988 ita
360 3937 481 4011 iungere
499 3941 575 3986 amat
592 3931 702 4002 Cicero.
721 3929 786 3982 Vid.
805 3931 897 3983 Beier.
925 3931 960 3984 ad
978 3930 1038 3984 cic.
1064 3933 1099 3985 de
1120 3929 1281 3997 Off.1,17‚
1302 3935 1350 3990 56,

190 4025 220 4079 Ρ.
242 4008 294 4062 134
306 4025 347 4076 sq.
371 4006 483 4058 Turbat
500 4004 566 4057 Ood.
585 4003 662 4054 Mon.
676 4005 700 4055 1.
722 4003 856 4069 quiante
875 4002 959 4068 mala,
979 4004 1085 4072 iniquo,
1106 4002 1210 4071 turpio,
1229 4000 1353 4056 inutilia

192 4085 295 4147 quater
313 4075 461 4130 interserit
478 4080 513 4126 et.
549 4072 629 4125 ldem
646 4071 757 4122 omittit
775 4073 869 4137 attilia,
895 4074 926 4124 in
949 4073 1056 4126 duobus
1076 4074 1145 4125 Oxx.
1166 4073 1273 4126 excidit
1291 4072 1353 4126 ine·-

190 4163 253 4214 qno.
281 4148 364 4201 vind.
386 4151 411 4200 l.
438 4141 561 4195 invertit
579 4156 671 4211 parva
688 4157 800 4210 magno.
839 4142 884 4197 Ad
907 4151 1082 4197 structuram
1105 4160 1160 4198 non
1181 4149 1295 4211 poterut
1314 4175 1351 4188 -

187 4225 300 4288 poterat
317 4221 355 4270 cf.
374 4217 409 4268 A.
429 4212 565 4266 Matthiae
583 4213 617 4265 ad
635 4212 694 4266 Oic.
713 4229 767 4284 pro
785 4213 883 4272 Milon.
904 4216 952 4267 lx.
973 4217 1016 4271 26.
1030 4232 1067 4284 p.
1085 4215 1147 4268 224.
1184 4214 1244 4267 Mr.

262 4308 299 4360 El
319 4304 378 4359 sine
395 4299 547 4368 varietate]
577 4301 645 4378 Reg.
675 4310 703 4356 et
725 4301 872 4360 Pithoean.
898 4311 925 4358 et
951 4301 977 4358 ei
999 4301 1147 4359 varietate.
1186 4303 1296 4356 Forsan
1322 4305 1352 4358 ei

191 4378 252 4434 aine
269 4374 403 4433 varietate
420 4378 473 4426 etc.
510 4370 547 4428 D.
