2856 5084
597 271 727 351 urina
747 286 790 363 v,
818 286 868 355 34.
1230 288 1296 358 aas

143 455 336 542 peragranti
357 453 556 538 Aegyptum,
578 455 755 514 comitibus
776 472 844 514 non
865 454 1062 528 consecutis,
1084 455 1230 518 cibarius
1256 459 1293 518 in

144 556 219 598 casa
239 539 332 617 panis
359 534 453 603 datus
475 543 571 610 esset,
594 535 677 595 nihil
698 537 807 597 visum
837 544 886 596 est
906 537 973 619 illo
990 556 1075 618 panc
1102 539 1297 601 iucundius·

143 619 315 689 Socratem
337 621 460 698 ferunt,
484 637 585 700 quum
605 616 772 700 usquead
798 637 978 699 vesperum
1010 622 1199 683 contentius
1226 631 1293 684 am:
1321 653 1324 658 ·

140 801 318 926 Ptolprnaens
346 804 376 855 in
401 801 486 857 Codd.
517 803 590 857 Gud.
612 808 636 859 1.
663 811 692 856 et
718 805 794 856 11100.
816 807 847 869 13
872 797 1050 856 Pitoiomeae
1072 804 1104 856 in
1122 804 1241 863 (1082.
1265 817 1294 860 et

140 875 269 928 vin.1.
306 875 364 926 Mr.

213 944 262 997 cai
280 960 360 1013 qnam
376 943 647 1013 peregrinanti]
671 942 741 1009 „Sic
759 944 871 1018 legitur
888 944 962 1014 apud
980 945 1109 998 Nouium
1126 946 1159 996 in
1176 948 1294 1001 nomine

141 1012 275 1079 cibarias,
294 1033 346 1085 pro
366 1032 422 1084 quo
432 1016 545 1090 vulgati
563 1016 633 1067 libri
644 1015 750 1066 babent
762 1016 808 1067 cui
819 1029 901 1084 parem
917 1017 1088 1083 peragranti
1105 1017 1295 1085 Aegyptam.“

141 1085 205 1138 Frc.
225 1086 308 1140 Fabr.
345 1089 425 1139 Unus
449 1086 500 1138 Ox.
522 1085 607 1138 babet
635 1088 680 1154 qai
697 1102 751 1154 pro
774 1089 828 1140 cni.
856 1085 923 1138 Cod.
943 1087 1032 1139 Rehd.
1060 1088 1107 1140 cni
1125 1085 1295 1156 peragranti

140 1156 301 1224 Aegyptam
320 1173 411 1224 quana,
432 1156 505 1208 Gud.
526 1155 636 1208 omittit
655 1171 744 1225 paam.
763 1155 860 1209 Lamb.
880 1151 955 1207 solus
974 1157 1020 1209 cui
1038 1159 1114 1225 90000
1130 1159 1296 1227 peregri&

140 1226 264 1291 nanti,
293 1227 440 1280 comitibus
462 1242 516 1279 non
543 1226 704 1290 consecutis,
729 1225 1024 1294 omissergpptnne.
1062 1231 1135 1280 Mon.
1156 1232 1180 1282 1.
1208 1230 1295 1282 habet

140 1296 213 1362 Egi
217 1304 300 1364 ptam.
321 1300 394 1350 Mon.
415 1299 440 1350 2.
460 1298 709 1356 matiriacense
727 1295 887 1348 consecutis.
917 1299 1000 1350 Vind.
1021 1298 1046 1354 1.
1073 1298 1222 1353 comitibus
1240 1314 1295 1355 non

137 1368 323 1434 prosecutis,
339 1367 425 1420 'Gnd
447 1368 594 1420 comitibus
616 1382 671 1420 non
698 1367 846 1427 secatis.
885 1367 943 1428 Mr.

214 1436 268 1488 Cui
294 1454 356 1507 cam*
379 1440 546 1512 peragranti
564 1438 720 1506 Aegyptam
742 1469 775 1479 -
800 1437 928 1490 cibariae
954 1437 985 1491 in
1007 1446 1072 1494 casa
1097 1439 1182 1508 panis
1200 1443 1295 1506 ,datas

140 1507 225 1572 esset]
262 1506 352 1560 Panis
369 1501 492 1570 cibarias
511 1517 553 1561 est
570 1509 665 1560 vilior.
694 1507 820 1560 Isidorus
839 1508 917 1580 Orig.
936 1509 986 1561 lib.
1006 1509 1061 1564 XX.
1083 1527 1143 1581 cap.
1163 1513 1188 1566 1.
1213 1512 1294 1564 Panis

140 1578 266 1629 cibarius
287 1583 338 1639 esi,
358 1579 407 1647 pai
424 1577 464 1631 ad
484 1580 572 1632 cibam
593 1578 684 1647 servis
703 1579 797 1642 datar,
826 1588 875 1630 nec
892 1579 1037 1632 delicatas.
1056 1607 1058 1610 ⁴
1076 1580 1173 1633 Celsus
1191 1584 1292 1637 Medic.

137 1647 190 1698 lib.
210 1651 248 1701 11.
268 1666 328 1717 cap.
351 1653 392 1704 18.
430 1648 655 1714 infirmissimus,
676 1649 803 1700 cibarias
818 1648 912 1714 panis.
942 1651 980 1702 Et
1000 1669 1061 1720 cap.
1080 1654 1124 1706 29.
1143 1652 1183 1703 At
1203 1655 1295 1706 aleam

137 1727 244 1772 movent
262 1719 348 1786 panis
371 1721 565 1785 fermentatas,
592 1719 741 1787 magisque
770 1720 798 1771 ei
824 1719 947 1771 cibarius
976 1721 1021 1773 vel
1042 1719 1212 1774 bordeaceas
1237 1731 1293 1798 est5

137 1785 264 1842 brassica
283 1798 337 1842 stra
374 1791 512 1860 Apuleius
530 1791 643 1843 Metam.
664 1791 711 1843 Vl.
731 1808 795 1864 pag.
817 1791 877 1844 184.
910 1791 968 1846 vid.
989 1792 1026 1843 ib.
1047 1793 1243 1846 Elmenhorst.
1263 1796 1296 1848 in

137 1859 201 1911 lnd.
228 1877 252 1911 c.
272 1859 344 1928 App.
371 1879 399 1930 p.
420 1863 480 1916 650.
509 1862 550 1914 ed.
578 1860 707 1913 Bosscba.
725 1868 727 1874 “
745 1861 846 1913 Frusto
872 1859 974 1912 cibarii
997 1863 1079 1930 panis
1107 1863 1135 1915 ei
1160 1866 1293 1930 proiecto:

137 1929 178 1986 Et
196 1949 260 2005 pag.
283 1935 342 1985 191.
383 1930 500 1983 Cibaria
517 1947 588 2000 pane
606 1937 742 1983 contenta.
781 1931 825 1981 lta
843 1947 977 2000 persaepe
1000 1929 1132 2000 loquitur
1150 1933 1295 2005 Hierony-

137 2016 215 2062 musp
236 2009 264 2052 at
284 2002 483 2071 exemplorum
502 2002 577 2053 satis.
616 2002 696 2067 Quod
719 2008 814 2052 autem
831 2001 944 2052 Nonius
971 2001 1002 2051 in
1020 1999 1158 2054 cibarium
1180 2011 1295 2073 ‘reprae-

136 2079 239 2135 sentet,
269 2070 315 2132 cni
338 2087 398 2124 cnm
422 2072 623 2146 peregrinanti
642 2071 823 2145 Aegyptum
854 2071 1018 2134 Lambinus,
1046 2071 1135 2124 Aldus
1159 2081 1246 2142 'nepos
1264 2083 1295 2128 et

137 2142 286 2194 Fabricius
305 2143 379 2211 apud
397 2151 528 2195 nostrum
546 2142 720 2207 rescribunt,
747 2142 793 2193 cai
810 2150 871 2192 tam
893 2142 1099 2216 peregrinanti,
1115 2161 1149 2180 ἃ
1167 2145 1293 2199 cibarias

136 2211 171 2265 in
189 2227 254 2264 casa
271 2215 357 2280 panis
376 2215 459 2266 datas
479 2217 560 2265 essei.
599 2213 639 2265 Iis
658 2212 768 2264 accedit
787 2211 849 2264 Car.
869 2212 993 2284 Langias
1013 2213 1047 2264 ad
1065 2213 1147 2270 Offic.
1166 2214 1216 2266 lib.
1237 2216 1292 2267 111.

136 2299 197 2351 cap.
219 2287 244 2337 l.
282 2285 345 2345 Hac,
361 2292 457 2336 autem
475 2284 558 2335 nullo
575 2301 692 2354 prorsus
715 2281 823 2333 iudicio
842 2283 952 2332 factum
971 2290 1027 2333 est:
1057 2299 1113 2350 quo
1133 2284 1210 2334 enim
1229 2282 1293 2338 iure

136 2353 235 2405 delent
253 2353 428 2427 Aegyptum,
458 2370 543 2422 quam
559 2364 662 2406 vocem
679 2360 739 2404 tam
757 2350 847 2421 Nonii
867 2363 951 2419 quam
969 2352 1117 2403 Ciceronis
1136 2364 1293 2426 agnoscunt

136 2424 272 2476 Codices?
307 2425 382 2493 apud
408 2418 495 2476 illum
519 2432 589 2476 vero
606 2423 733 2475 librariis
752 2422 880 2488 debetur,
906 2421 981 2494 quod
996 2422 1203 2490 peregrinanti,
1234 2441 1292 2478 non

133 2493 305 2562 peragranti
323 2494 408 2567 legas.
446 2489 517 2546 Vide
536 2494 613 2546 infra
631 2511 654 2544 c.
676 2495 720 2548 39.
758 2493 828 2546 Dar.
982 2557 984 2559 Ι

206 2565 331 2618 cibarias
358 2565 390 2617 in
414 2580 480 2618 casa
505 2563 608 2632 panis]
636 2564 720 2617 Codd.
748 2565 824 2631 Mon.
844 2568 868 2616 1.
894 2564 923 2615 et
942 2565 992 2616 Ox.
1012 2564 1047 2620 D.
1073 2557 1232 2620 cibariis
1260 2569 1293 2621 in

135 2648 205 2687 casa
225 2644 253 2687 et
272 2636 313 2687 sic
331 2636 383 2688 Ed.
404 2635 457 2702 S.„
474 2635 547 2687 Gud.
571 2638 596 2691 2.
623 2632 782 2686 cibariis
808 2635 838 2687 in
861 2635 972 2700 casis,
999 2635 1071 2687 alius
1090 2637 1141 2689 Ox.
1164 2637 1293 2692 cibarias

134 2706 166 2758 in
193 2719 260 2758 casa
282 2707 419 2761 incisas
439 2707 531 2774 panis.
558 2704 654 2767 Duisb.
678 2705 792 2758 'omittit
818 2722 883 2756 cum
903 2706 976 2758 Gud.
995 2709 1021 2760 2.
1049 2709 1090 2758 est
1108 2716 1173 2776 post
1191 2708 1290 2776 pisam,

134 2777 219 2827 Vind.
241 2782 264 2830 1.
292 2786 356 2845 post
374 2779 464 2829 visana
483 2783 525 2829 est
544 2776 621 2828 addit
640 2775 675 2828 ei
692 2784 940 2844 supervacaneum.
979 2777 1039 2828 Mr.

207 2846 348 2903 Socratem
366 2849 459 2912 ferraret
479 2846 546 2912 cet]
567 2846 648 2898 Facit
666 2846 724 2896 bac
742 2845 856 2897 Horatii
875 2844 1024 2898 scholiasta
1043 2843 1236 2915 Porphyrion,
1256 2849 1293 2902 ad·

134 2916 231 2968 locum
250 2935 335 2986 supra
353 2934 377 2969 c.
397 2921 440 2972 32.
460 2917 616 2981 laudatum,
636 2915 693 2968 Sat.
715 2917 752 2968 11.
765 2917 790 2969 2.
807 2918 849 2970 18.
871 2914 917 2978 (ad
934 2916 1034 2968 rerba:
1052 2912 1082 2969 'tta
1099 2916 1289 2983 priminiaria

135 2988 419 3061 praesentaneam)
446 2986 502 3039 Pe‘r
527 2988 650 3040 laborem
676 2977 767 3051 cibam
793 2987 917 3107 experire.
955 2986 1016 3037 Hor
1043 2993 1137 3055 autern
1160 2981 1296 3042 Socrates.
1378 3048 1380 3053 ⁴

131 3058 243 3126 primns
261 3062 319 3122 ait,
338 3059 384 3127 qni
401 3070 460 3110 cnm
479 3065 583 3110 noctem
602 3072 686 3124 nsque
704 3057 832 3123 spatiare
846 3072 890 3119 ar,
910 3055 1104 3122 interrogatas
1122 3074 1139 3112 a
1158 3062 1287 3128 prodam,

133 3144 184 3180 car
202 3127 252 3182 boc
269 3131 383 3195 faceret,
410 3130 563 3196 respondit,
587 3126 696 3179 seilicet
726 3128 827 3194 obsone
845 3130 963 3179 trenaee
989 3125 1155 3193 significans
1174 3131 1290 3194 ’001800Ι

133 3201 321 3264 deambulare,
349 3207 379 3253 nt
396 3200 495 3252 ‘citiam
520 3199 618 3251 libenti
640 3198 733 3250 aninec
760 3201 908 3264 appeteret.
946 3197 1005 3248 Mr.
1042 3199 1134 3266 „Add
1153 3199 1285 3264 Eustath.

134 3271 169 3322 ad
187 3271 268 3323 Iliad.
289 3270 322 3322 X.
342 3281 370 3340 p'.
384 3275 444 3326 814.
456 3273 498 3326 35.
528 3270 651 3321 Allatius
671 3269 704 3321 ad
723 3267 848 3320 Socratis
867 3273 896 3318 ct
915 3265 1051 3329 Socratis.
1071 3268 1164 3338 Epist.
1184 3279 1212 3339 p.
1224 3273 1286 3326 16⁰.

135 3345 195 3396 161.
215 3343 267 3392 Ε8.
289 3343 401 3394 Orell.“
419 3338 533 3394 seneca.
566 3342 674 3392 bocum
692 3346 823 3408 nostrum
841 3346 907 3389 cum
926 3347 1015 3406 parra
1032 3337 1172 3400 varietate
1190 3341 1288 3408 laudat

133 3413 179 3464 Jo.
203 3413 332 3465 Valensis
360 3413 391 3464 lu
419 3410 675 3483 Compendlloquio
693 3411 746 3462 ΙΙΙ.
772 3412 798 3463 3.
826 3425 855 3476 p.
876 3409 935 3463 189.
955 3407 987 3460 bt
1010 3407 1153 3462 ‘Socratem
1180 3411 1276 3474 ferant

133 3498 195 3535 cum
212 3486 349 3550 usquein
368 3493 549 3552 vesperam
567 3479 724 3533 contentius
742 3479 905 3541 ambularet,
934 3479 1226 3547 quaesitampael'esset
1245 3449 1288 3549 ab

133 3564 176 3617 eo,
196 3568 281 3622 qnare
299 3555 330 3606 id
344 3555 462 3619 faceret,
481 3553 677 3622 respondisse.-
696 3559 745 3620 aaa
762 3549 863 3602 melina
881 3550 1176 3617 00000001,,0100011οεΙ
1189 3550 1286 3605 ansba-

132 3624 221 3676 Iando
239 3625 349 3687 famem.
386 3624 488 3689 Addit:
521 3623 591 3692 prod
612 3621 739 3674 creditur
756 3619 857 3686 fecisse
875 3626 930 3672 aare
951 3621 1064 3688 utplus
1082 3627 1202 3688 cenaret,
1233 3623 1286 3691 sed

131 3693 241 3746 sanius.
265 3695 340 3745 ‘Mra
1290 3704 1293 3709 ’

205 3771 288 3832 panna
304 3780 387 3832 usqne
406 3764 450 3815 ad
465 3751 821 3831 aeeperameontentius
840 3753 1017 3835 ambularem
1043 3751 1098 3826 „ln
1118 3753 1285 3832 Quibusdam

131 3834 277 3888 codicibus
294 3834 360 3908 lego
379 3836 418 3886 ud
437 3835 579 3901 Piraeum,
603 3843 636 3886 ut
654 3836 693 3888 ¹sit
711 3845 815 3898 sensns,
844 3833 991 3886 Socratem
1016 3835 1134 3886 solitum
1153 3835 1294 3896 800001)οι-Ι

130 3908 192 3967 lare
219 3912 254 3957 eit
278 3902 348 3957 urbe
371 3904 549 3962 Athenarum
580 3913 669 3974 usq'ue
693 3907 725 3957 in
751 3901 890 3958 Piraeum.
918 3931 950 3940 -
994 3901 1160 3967 Contrebiae
1183 3906 1286 3971 'autem

130 3974 230 4051 legere
249 3970 348 4044 malai,
368 3983 452 4044 quam
471 3980 617 4040 cantentur,
643 3977 717 4029 sicut
734 3976 846 4027 Nonius
865 3969 1027 4042 Marcellus,
1053 3972 1104 4041 qui
1123 3973 1211 4023 citans
1229 3972 1285 4024 hoc

132 4048 330 4100 testimonium
351 4062 385 4099 ex
403 4046 574 4098 Tusculanis
591 4047 666 4120 legit
684 4050 825 4099 cantentur
843 4044 1008 4106 ambularet,
1027 4034 1203 4114 exponilqsue
1220 4043 1284 4109 00οἶ-

133 4118 240 4182 tinans,
263 4115 477 4186 perseverans.“
503 4117 634 4169 Beroald.
672 4117 725 4168 Est
749 4130 825 4185 nunc
848 4115 922 4183 apud
940 4114 1068 4165 Nonium
1086 4113 1124 4165 ad
1141 4126 1284 4180 vesperum

133 4199 162 4242 et
181 4189 341 4242 sententias.
380 4187 449 4253 „Ad
465 4194 619 4254 vesperam
638 4189 680 4238 est'
699 4187 729 4236 in
747 4183 827 4249 MSJ‘
846 4186 909 4238 Fra.
929 4184 1013 4236 Febr.
1050 4182 1178 4249 „Quodsi
1196 4183 1284 4250 lectio

131 4275 220 4329 aspre
239 4261 276 4312 ad
293 4260 439 4321 ibraeeam
457 4267 530 4311 esset
549 4259 580 4308 in
599 4256 685 4317 Codd.
704 4255 852 4308 nonnullis
871 4254 1019 4307 Ciceronis
1038 4263 1068 4306 et
1085 4247 1186 4320 Nonii,
1209 4256 1285 4307 reci·
1390 4268 1393 4274 ’

92 4386 94 4388 ,
131 4331 237 4403 pienda
256 4340 340 4383 esset:
360 4346 454 4399 neque
472 4337 519 4383 me
539 4329 611 4393 illud
631 4332 770 4392 moveret,
790 4314 866 4394 quod
885 4334 928 4377 est
947 4322 1023 4393 apud,
1038 4323 1222 4400 Athenaeum
1235 4326 1282 4377 IV.

130 4422 158 4473 p·
180 4403 240 4459 15⁷.
261 4399 378 4473 ἑσπὲρας
399 4399 546 4469 [108010ςέ
564 4398 707 4463 FAWotr.
737 4399 768 4456 in
794 4395 908 4450 scholis
935 4397 1002 4449 Coa
1022 4395 1117 4450 anisa
1142 4396 1228 4449 babet
1245 4387 1289 4450 ad

156 4534 236 4578 Cicero
251 4534 315 4579 Tase.
330 4535 398 4591 Disp.
417 4536 451 4578 ea.
466 4535 551 4580 Moser,
568 4533 592 4578 Τ.
610 4533 657 4575 111.
996 4501 1036 4566 l‘l
