2856 5084
191 264 254 331 eos
369 233 610 326 cmmoms
632 257 880 325 ruscumu.
902 260 1131 328 msrumr.

130 437 171 503 34
192 431 400 514 iungeretur.
441 426 554 508 Atque,
569 427 622 489 bis
643 427 768 490 similia
788 425 830 488 ad
850 429 978 490 victum
1007 429 1108 489 etiam
1136 429 1345 490 transierun-

127 535 171 589 97,
191 521 270 582 tur,
304 519 589 591 extenuanturque
621 510 869 594 magnificentia
905 519 955 571 et'
971 518 1121 590 sumptus
1155 510 1346 593 epularum,

194 592 284 676 quod
311 611 416 672 parvo
445 591 536 651 cultu
570 597 692 652 natura
724 601 879 653 contenta
907 594 961 654 sit.
1012 593 1142 653 Etenim
1170 594 1244 673 quis
1279 594 1347 656 boc

194 678 260 736 non
281 673 386 749 videt,
418 671 592 735 desideriis
613 676 724 735 omnia
745 675 809 734 ista
834 673 988 736 condiri?
1031 671 1154 736 Darius
1187 679 1223 735 in
1240 677 1345 762 iuga,

194 777 294 840 quam
315 775 433 837 aquam
454 755 625 827 turbidam
657 764 690 816 ct
712 755 930 818 cadaveribus
962 757 1166 837 inquinatam
1193 757 1345 833 bibisset,

193 839 328 938 negavit
354 857 499 918 uuquam
529 857 565 898 se
595 838 719 900 bibisse
738 836 935 901 iucu'ndiusr
975 858 1156 919 numquam
1186 839 1347 902 videlicet

192 925 308 984 sitiens
328 920 468 982 biberat.
510 918 582 982 Nec
603 921 754 981 esuriens
774 919 981 982 Ptolemaeus
1004 917 1131 999 ederat,
1165 923 1220 983 cui
1242 943 1344 1004 quum

193 1107 250 1162 Sed
267 1115 347 1160 recte
365 1115 463 1160 monet
476 1107 522 1162 Or.
542 1123 623 1176 saepe
636 1105 881 1160 constructionem
899 1103 984 1173 iungi
1001 1105 1099 1176 aliqua
1118 1123 1150 1159 re
1168 1117 1346 1179 acorrecto-

193 1179 273 1231 ribus
300 1185 440 1231 mutatam
464 1193 522 1230 esse
547 1176 579 1229 in
602 1176 685 1244 iungi
709 1175 797 1230 alicui
823 1176 877 1228 rei.
912 1177 993 1229 Unus
1018 1178 1068 1229 Ox.
1093 1176 1185 1243 habet„
1205 1179 1344 1244 iungeret.

192 1249 277 1302 lllius
300 1257 404 1312 autem,
438 1265 525 1316 quam
557 1247 629 1299 dicit
661 1248 708 1303 Or.
739 1264 868 1316 quaeque
894 1244 944 1298 hic
970 1246 1089 1311 obtinet,
1122 1249 1345 1303 constructionis

195 1319 326 1387 exempla
344 1318 465 1390 collegit
482 1318 574 1370 Beier.
595 1317 635 1370 ad·
646 1318 726 1369 Brut.
747 1320 790 1373 44.
811 1320 870 1373 162.
895 1317 945 1369 uti
968 1316 1039 1370 item
1057 1325 1119 1370 erat
1136 1327 1249 1373 nostrae
1268 1329 1349 1377 struff

195 1399 294 1445 cturae
313 1388 492 1457 exemplum:
513 1387 641 1441 laudatio
661 1387 820 1453 defensione
838 1389 943 1442 iuncta.
972 1387 1011 1440 Iis
1029 1397 1124 1452 autem
1142 1389 1265 1464 adiunge
1283 1391 1344 1455 Cic.

194 1460 230 1513 ad
256 1459 316 1515 Att.
335 1459 383 1511 IX.
404 1461 448 1512 1o.
472 1457 608 1524 infinitum
632 1458 732 1511 bellum
756 1459 909 1511 iunctum
934 1458 1137 1513 miserrima
1162 1461 1265 1529 fuga.-
1297 1461 1346 1513 ubi

194 1531 267 1583 item
285 1531 317 1582 in
334 1527 509 1599 repetitione
526 1528 710 1581 Lambiniana
727 1530 806 1585 1584.
835 1537 878 1582 est
901 1534 1110 1599 supervacanea
1132 1531 1274 1585 correctio
1292 1533 1346 1586 mi·

160 1610 162 1615 '
193 1601 332 1655 cerrimae
349 1603 445 1667 fugae.
482 1599 543 1652 Mr.
793 1660 796 1666 .
945 1660 948 1666 Ι
979 1644 983 1649 .
1017 1647 1019 1650 Α

265 1706 290 1742 a.
308 1691 352 1745 34.
390 1687 482 1757 Atque
499 1685 545 1749 lu'e
562 1686 670 1740 similia
688 1687 727 1740 ad
743 1686 846 1742 victum
864 1687 960 1756 etiam]
986 1689 1059 1742 Male
1078 1689 1216 1743 scribitur
1233 1688 1276 1749 iis
1292 1705 1353 1760 pro

192 1758 237 1814 Itis
263 1760 295 1811 iu
316 1759 487 1812 uda-vett.
506 1758 657 1827 (exceptis
678 1758 713 1809 Ε.
733 1756 760 1812 S.
781 1758 924 1824 HWolf.)
950 1760 1075 1829 adeoque
1102 1762 1134 1813 in
1161 1758 1252 1815 Gebb.
1272 1761 1365 1819 Erus,

194 1830 267 1883 Lall.
287 1829 387 1898 quibus
405 1828 514 1882 accedit
532 1845 568 1880 ex
585 1829 670 1881 Oodd.
689 1826 766 1880 solus
784 1832 858 1884 lllon.
879 1833 905 1884 2.
925 1832 1043 1884 fortasse
1062 1831 1150 1884 etiam
1166 1831 1250 1883 Vind.
1266 1836 1290 1886 1.
1309 1835 1345 1898 2;

194 1902 227 1951 in
253 1901 326 1954 Gud.¹
353 1908 382 1953 et
405 1899 501 1952 Duisb.
517 1907 574 1950 ¹est
596 1896 665 1952 asts.
704 1901 758 1951 Pro
785 1900 824 1951 ad
847 1899 950 1953 uictum
969 1903 1053 1954 etiam
1078 1902 1132 1953 duo
1152 1901 1221 1954 Oxx.
1241 1901 1346 1955 babent

195 1971 357 2024 adiunctum
374 1977 418 2033 et.
448 1972 520 2024 'Post
544 1971 753 2035 transferuutur
777 1970 915 2022 scribitur
939 1977 1182 2040 extenuaturque
1205 1973 1237 2025 in
1253 1973 1346 2027 tribus

196 2043 267 2097 Oxx.
285 2041 374 2095 Rehd.
395 2040 469 2094 Gud.
496 2043 571 2092 ltlon.
590 2043 617 2094 2.
641 2039 712 2092 Edd.
734 2039 761 2092 S.
781 2041 824 2104 E3
853 2048 1018 2095 extenuatur
1042 2042 1073 2093 in
1086 2042 1167 2095 (iud.
1187 2046 1212 2098 2.
1243 2053 1272 2097 et
1289 2059 1346 2097 uuo

197 2113 265 2176 Ox.;
284 2118 311 2165 et
329 2117 496 2169 extenuatur
513 2109 546 2160 in
563 2109 621 2162 alio
640 2111 691 2164 Ox.
728 2109 790 2163 Hoc
811 2111 847 2163 ad
871 2113 1030 2183 Epicureos
1052 2114 1201 2181 pertinere
1224 2115 1347 2184 quisque

194 2183 292 2252 paullo
311 2181 452 2234 attentior
468 2181 557 2232 videt.
595 2182 629 2232 ln
646 2180 787 2249 proximis
810 2180 866 2235 duo
885 2183 955 2236 Oxx.
976 2182 1115 2236 omittunt
1133 2183 1199 2238 ista.
1238 2183 1347 2254 Scripsi

196 2252 291 2306 amaia
309 2253 364 2306 iata
381 2250 495 2305 condiri
513 2267 580 2303 cum
596 2251 680 2305 libris
698 2259 727 2302 et
745 2249 817 2304 Edd.
836 2253 946 2321 paucis,
965 2253 1014 2306 sed
1031 2253 1157 2322 optimis,
1172 2256 1222 2308 -Re
1244 2293 1251 2307 .
1272 2255 1344 2309 Gud.

197 2327 267 2379 112.
295 2324 383 2375 lllarb.
411 2321 501 2375 Rebd.
526 2321 621 2373 Duisb.
654 2324 730 2374 llllon.¹
749 2327 775 2376 1.
794 2326 819 2377 2.
845 2323 917 2375 Edd.
935 2325 968 2377 V.
994 2323 1061 2377 Rob.
1082 2323 1182 2395 steph.
1235 2327 1345 2385 av.,Or.

195 2394 269 2446 Tbn.
308 2394 499 2446 Obtruscrunt
522 2392 632 2460 reliqui
652 2392 785 2444 Ciceroni
811 2393 905 2446 invito
924 2394 968 2446 ele
990 2395 1132 2448 artiorem
1150 2396 1264 2463 seilicet
1280 2413 1347 2449 var·

196 2463 300 2516 borum
318 2464 450 2516 ordinem
468 2465 527 2516 ieta
545 2462 656 2517 condiri
678 2464 782 2515 omnia:
810 2462 887 2517 solus
911 2412 993 2517 vind.
1015 2468 1038 2517 1.
1063 2462 1158 2521 habot-
1172 2465 1231 2519 ista
1254 2467 1348 2521 amaia

196 2535 315 2588 condiri.
329 2554 340 2577 ¹-
355 2533 435 2599 Quod
451 2532 481 2585 b.
500 2533 521 2584 1.
542 2532 615 2585 dicit
642 2532 785 2587 desiderio
810 2535 920 2588 candui
942 2535 1040 2605 paullo
1066 2536 1223 2599 obscurius,
1237 2537 1350 2589 dictam

198 2612 250 2670 est,
270 2621 355 2673 quam
374 2604 407 2656 de
426 2604 512 2655 Finn.
531 2604 569 2658 ll.
589 2606 636 2658 28:
661 2601 718 2656 citt
739 2604 1237 2677 condimentum.arietantem,
1252 2611 1351 2674 ptuis-¹

197 2676 244 2728 nis
266 2673 374 2730 sitim.
411 2675 467 2727 Pro
492 2680 522 2724 et
545 2674 618 2727 euim
642 2682 685 2726 est
707 2681 743 2726 ut
769 2674 844 2728 euim
871 2675 997 2730 in-Ood.
1029 2676 1104 2731 Gna
1122 2679 1147 2732 2.
1173 2675 1239 2729 Cod.
1268 2678 1347 2732 Gud.

198 2746 316 2799 omittit
332 2743 445 2798 amaia.·
461 2744 551 2798 ·Mr.·
664 2782 668 2787 .

215 2836 236 2843 ''
268 2834 378 2897 Darius
396 2833 436 2887 iu'
446 2833 526 2902 fuga]
545 2833 686 2887 Maximus
702 2835 812 2905 Tyrius
832 2835 903 2906 Diss.
922 2837 1031 2890 XXXV.
1053 2833 1222 2907 Ἀρταξέρξης
1240 2836 1257 2890 d
1276 2840 1350 2909 Περ·

197 2905 257 2958 σῶν
273 2905 397 2972 duodenis
412 2911 444 2944 ὲ
455 2903 516 2972 tirel
534 2899 654 2975 πόλεμος
672 2908 750 2970 αὐτῷ
769 2904 798 2959 ἐκ
816 2902 947 2973 θαλάττης
963 2904 1029 2974 ἦλθε
1047 2911 1093 2961 sal
1105 2910 1225 2974 Ἕλληνες
1243 2905 1348 2976 μύριοι,

197 2978 243 3030 ’καὶ
262 2979 408 3046 στρατηγοὶ
426 2975 524 3038 drisci,
543 2975 799 3045 ἡττηθεὶς-ἔφευγεν
817 2976 863 3029 sm
878 2979 968 3045 ’ψιλόν
985 2978 1078 3049 λόφον
1100 2976 1172 3032 daos
1189 2983 1236 3044 τῆς
1253 2979 1350 3041 rueris

177 3101 179 3104 ,
197 3047 438 3111 ἀναπαυσάμενος,
463 3046 596 3113 ἐδίψησεν
613 3045 631 3097 ὁ
651 3046 781 3112 δύστηνος
798 3048 911 3116 πρῶτον
933 3043 993 3104 ro'rs
1006 3074 1046 3093 =-
1064 3053 1111 3100 eat
1122 3049 1255 3116 ᾔγαπησε
1271 3046 1353 3120 παρὰ-

196 3116 297 3187 ἄνδρός
306 3113 428 3186 Μάρδου
446 3117 541 3183 λαβών
559 3113 589 3170 ἐν
607 3116 684 3182 ἀσκῷ
702 3117 776 3186 ὕδωρ
796 3119 916 3180 testa·
935 3114 1054 3185 ualidas
1069 3113 1354 3189 circumductam·

196 3188 237 3245 τίς
257 3185 311 3254 μὲν
328 3185 413 3253 δίψης
431 3191 511 3254 χρεία
539 3186 592 3250 (sic
616 3203 652 3238 ex
674 3188 743 3261 Reg.
769 3197 798 3241 et
815 3191 961 3242 Harlsian.
986 3191 1150 3264 legandum,
1175 3206 1233 3242 non
1249 3187 1349 3258 ἡδονῆς

219 3263 287 3326 osia,
305 3265 339 3307 ut
355 3256 456 3331 vulgo)
481 3261 522 3314 τίς·
543 3254 574 3308 δὲ
596 3255 682 3329 uldoeri
710 3255 807 3313 πότου.
842 3260 949 3313 Eadem
971 3269 1015 3312 est
1038 3260 1171 3325 historia,
1198 3260 1248 3314 sed
1273 3262 1350 3330 quod

197 3277 284 3379 Oario
303 3329 409 3392 noster,
434 3326 464 3378 id
481 3324 634 3379 Artaxerxi
651 3327 840 3398 philosophus
862 3330 1025 3382 Platonicus
1049 3329 1193 3382 adscribit
1230 3332 1350 3384 Videat

198 3396 442 3520 PlutarchumDin
473 3395 572 3453 Artax.
607 3398 688 3449 Tam.
713 3398 736 3450 1.
771 3417 835 3473 pag.
872 3404 949 3455 1⁰1⁷.
987 3410 1016 3453 et
1034 3400 1181 3471 Apopbth.
1207 3401 1293 3455 Tam.
1311 3403 1349 3457 11.

197 3482 254 3544 pag
270 3537 381 3591 Darius
398 3536 431 3590 iu
449 3535 544 3604 fuga]
581 3536 691 3591 Darius
708 3540 739 3593 ia
764 3540 883 3607 rugam
899 3539 986 3594 babet
1003 3541 1071 3594 Cod.
1090 3545 1165 3594 Mon.
1187 3546 1211 3598 1.
1248 3543 1350 3596 Darius

199 3608 296 3660 intelli
319 3609 380 3659 itur
400 3608 599 3674 Oodomaaaus,
617 3611 767 3662 Persarum
784 3626 836 3664 rex
853 3611 988 3663 ultimus:
1016 3629 1072 3666 nec
1089 3628 1158 3665 vero
1176 3612 1301 3680 Nostius,
1318 3621 1350 3667 ut

200 3677 272 3731 dicit
320 3694 434 3730 esnerus
453 3678 484 3729 in
503 3678 615 3743 Chrest.
635 3679 694 3733 cio.
732 3683 797 3733 Post
816 3680 953 3734 turbidam
969 3683 1067 3757 pergit
1085 3682 1158 3734 unus
1175 3683 1227 3736 Ox.
1249 3693 1279 3737 et
1297 3684 1349 3738 Ed.

200 3750 228 3801 P.
257 3765 299 3802 ee
324 3747 517 3801 cadaueribus.
554 3749 681 3802 Verbum
703 3751 818 3805 bibisset
844 3752 876 3802 in
895 3751 962 3804 cod.
990 3753 1065 3805 Gud:
1083 3756 1110 3807 2.
1130 3770 1216 3823 supra
1232 3754 1286 3806 lin.
1305 3754 1351 3808 ad·

200 3820 341 3890 scriptum
360 3827 413 3870 est.
441 3817 509 3871 Ood.
529 3819 624 3872 Duisb.
645 3820 731 3873 habet
748 3837 778 3874 ee
796 3837 922 3890 unquam.
960 3826 1025 3876 Post
1041 3823 1190 3876 iucundius
1206 3842 1282 3884 unus
1300 3826 1349 3879 Ox.

200 3891 311 3944 omittit
330 3898 452 3958 quatuor
468 3889 558 3942 lineas
585 3907 674 3960 usque
698 3890 733 3943 ad
751 3893 869 3944 eandem
886 3909 997 3956 rocem,
1024 3893 1254 3947 antesocratem
1268 3896 1351 3950 reds-

199 3970 309 4014 untem.
330 3961 396 4014 Ood.
416 3959 507 4015 Rebd.
526 3961 612 4015 babet
630 3976 770 4031 uunquam
787 3965 894 4016 etiam
910 3965 1053 4031 uidelicet,
1073 3965 1193 4020 vina-1.
1214 3983 1352 4036 uunquam

200 4032 460 4156 scilieetqqunus
479 4033 528 4087 Ox.
553 4033 621 4085 inde
645 4032 677 4083 in
700 4033 782 4102 peius
800 4032 880 4100 abiit,
907 4035 1042 4088 exhibens
1071 4037 1351 4104 uunquam-:simite

199 4104 307 4157 sitiens.
380 4118 405 4154 r.
622 4114 626 4121 ’
965 4146 968 4151 ,
1073 4142 1076 4148 -
1111 4127 1113 4131 ·
1159 4142 1165 4153 .
1283 4144 1306 4155 ..
1329 4130 1343 4155 ··

270 4173 328 4225 Nea
350 4173 475 4227 esuriens
492 4172 667 4227 Ptolemaeus
690 4173 807 4242 ederat]
843 4175 905 4240 „De
932 4193 988 4246 quo
1007 4177 1168 4231 Ptolemaeo
1192 4178 1351 4255 intelligat,

200 4243 307 4317 ambigi
336 4252 439 4312 potest,
467 4261 533 4301 cum
559 4244 660 4313 plures
686 4245 800 4298 fuerint
826 4244 881 4299 boc
908 4248 1050 4315 nomine..
1075 4249 1254 4302 Ptolemaeus
1281 4249 1381 4325 lugi·

200 4312 279 4364 filiu's
301 4314 425 4368 maxime
449 4314 620 4380 celebratur,
652 4315 733 4368 cuius
753 4317 875 4369 verbum
898 4326 941 4370 est
965 4318 1039 4370 illud
1062 4320 1355 4375 memoratissimum

200 4384 253 4436 τοῦ.
277 4385 400 4439 atou'retr
423 4381 454 4441 sd
469 4387 631 4452 miseritus
663 4376 734 4442 aluus
759 4384 997 4458 emundasset
1029 4389 1161 4446 Beroald.
1196 4389 1355 4447 'Scribitur
