2856 5084
328 301 331 308 -
404 263 405 267 ‘
439 304 442 307 -
540 266 670 364 amaa
691 267 736 346 ν,
757 268 807 334 st.
834 268 885 332 ss.
1221 269 1284 334 ²15

135 435 327 507 siccitatem,
345 451 443 515 quae
479 433 694 515 consequitur
724 432 809 495 hanc
837 432 1078 496 continentiam
1105 435 1142 495 in
1173 435 1283 500 uictu:

135 516 218 579 adde
238 510 467 600 integritatem
494 513 708 577 valetudinis.
762 514 886 576 Confer
912 513 1078 591 sudantes,
1100 524 1283 594 ructantes,
1294 515 1352 574 lttu.
1403 581 1405 585 ,

134 602 279 661 refertos
302 601 418 680 epulis,
439 606 608 679 tamquam
629 599 757 678 opimos
780 597 899 660 boves:
921 605 993 658 tum
1023 597 1201 682 intelliges,
1229 602 1286 681 qui

132 681 340 763 voluptatem
361 682 504 742 maxime
524 687 716 762 sequantur,
738 680 944 741 eosminime
966 682 1145 760 consequi3
1167 682 1286 744 iucun-
1353 724 1355 728 »

132 761 335 844 ditatemquc
355 765 465 827 victus
488 782 556 824 esse
577 764 613 822 in
635 760 815 838 desiderio,
837 781 904 822 non
926 764 962 822 in
980 755 1148 843 'satietate

213 845 448 924 Timotheum,
486 846 615 907 clarum
656 842 826 906 hominem
854 843 994 907 Athenis
1029 855 1063 906 et
1098 845 1286 929 principem
1306 838 1348 903 ³5

132 1029 205 1086 haec
222 1033 310 1085 verba
325 1024 514 1100 sententiam:
536 1030 655 1101 inutiles
673 1031 767 1106 igitur
785 1039 852 1083 sunt
860 1031 991 1083 virorum
1005 1028 1176 1084 criticorum
1190 1049 1287 1087 emen-

131 1099 292 1156 tlaticnes.“
316 1102 404 1158 aaut.
442 1100 630 1172 scripserunt
652 1106 717 1154 lum
742 1103 823 1171 copia
851 1092 997 1157 FAWolf.
1024 1094 1110 1170 Scha.
1128 1102 1183 1161 ·0r.
1210 1104 1285 1165 Thu.

130 1173 269 1245 probante
289 1172 452 1227 Goerenzio
477 1172 512 1224 ad
530 1172 599 1226 Cic.
617 1173 651 1225 de
670 1174 759 1249 hegg.
779 1173 802 1225 1.
825 1176 869 1237 11.
886 1175 929 1228 32.
949 1186 977 1242 Ρ.
996 1173 1040 1228 41.
1078 1173 1157 1239 Quod
1181 1175 1286 1227 falsum

132 1261 192 1297 esse
210 1244 268 1295 iam
294 1261 353 1298 non
380 1252 423 1296 est
447 1241 524 1312 quod
547 1242 774 1296 demonstremus
793 1250 856 1314 post
874 1259 914 1305 ea,
962 1260 1014 1296 uae
1032 1242 1131 1315 docuit
1149 1236 1287 1318 sineren-

131 1312 215 1389 burg.
235 1314 270 1366 ad
289 1315 335 1368 Or.
356 1332 409 1383 pro
427 1313 516 1365 Arch.
535 1324 564 1383 Ρ.
577 1316 636 1372 164.
656 1331 717 1382 sqq.
751 1313 927 1382 Quamquam
941 1261 1012 1367 hod.
1030 1311 1114 1367 Bern.
1135 1316 1285 1385 ceteroqui

131 1400 191 1439 non
209 1385 310 1448 malus,
335 1385 421 1436 habet
446 1384 520 1436 illud
546 1390 609 1437 tum
627 1383 724 1451 copias
750 1391 914 1505 repugpant
931 1391 1027 1437 tamen
1044 1385 1153 1454 reliqui
1172 1386 1285 1456 optimi.

132 1446 316 1508 Contrarium
341 1470 470 1508 errorem
495 1453 580 1507 habet
598 1455 665 1508 Cod.
686 1455 773 1509 ltlarb.
801 1472 834 1506 ex
859 1454 937 1505 ibens
962 1469 1035 1508 cum
1056 1456 1138 1524 copia
1162 1489 1194 1500 -
1214 1473 1286 1510 cum

131 1525 277 1578 suavitate.
307 1525 434 1578 Bentleii
457 1525 653 1578 coniecturam
677 1525 779 1590 facilia
806 1523 961 1590 (videlicet
984 1534 1018 1577 ut
1041 1528 1192 1580 conveniat
1218 1545 1286 1580 cum

129 1595 319 1665 praestantia)
344 1612 402 1647 non
424 1604 598 1666 receperunt
621 1595 705 1661 Eud,
734 1596 783 1648 sed
808 1596 947 1661 Olivetus,
972 1597 1056 1680 quod,
1077 1605 1110 1649 ut
1131 1589 1287 1652 concordet

131 1683 198 1720 oum
216 1666 311 1733 faciti,
331 1668 494 1719 coniecerat
513 1663 609 1719 Lamb.
626 1667 781 1734 praestanti
788 1684 794 1719 s
815 1675 845 1718 et
862 1666 918 1718 hcc
937 1666 1053 1736 quidem
1072 1667 1174 1742 magis,
1199 1687 1286 1738 quam

131 1737 218 1799 illud,
242 1737 354 1807 placuit
380 1734 527 1801 Kiihnero‚
560 1737 610 1805 qui
629 1753 648 1789 a
667 1736 851 1806 exsequenti
879 1737 952 1790 adde
977 1736 1133 1791 adhaerere
1159 1738 1285 1810 potuisse

132 1808 287 1860 existimat.
311 1801 362 1860 'Et
387 1817 429 1859 est
450 1807 608 1875 praestanti
631 1807 663 1858 in
687 1807 740 1863 Ed.
761 1825 846 1877 quam
864 1806 934 1873 (lixi,
962 1807 1081 1874 oliveti,
1106 1817 1145 1876 et,
1172 1810 1285 1865 titides

132 1878 248 1932 silentio
267 1873 465 1943 collationum,
485 1879 517 1928 in
534 1878 646 1948 aliquot
665 1879 775 1932 Oxonn.
811 1878 872 1933 Mr.
1288 1888 1290 1891 '

121 1964 122 1968 ’
202 1961 285 2018 Adde
303 1965 477 2032 siccitatem]
497 1964 642 2032 „Siccitas
662 1973 703 2018 est
720 1965 884 2020 salubritass
904 1982 1103 2036 namcurpora
1120 1967 1195 2020 sicca
1213 1969 1287 2035 salar

131 2033 257 2088 herrima
276 2045 306 2089 et
322 2036 488 2089 firmissima
507 2044 582 2102 sunt,
614 2045 645 2088 et
662 2036 774 2088 siccitas
792 2035 889 2088 oritur
913 2052 928 2089 e
947 2038 1125 2090 continentia
1144 2032 1173 2092 et
1189 2038 1287 2093 labore

133 2114 163 2159 et
180 2107 443 2160 exercitationibus.
481 2107 592 2160 Siccam
610 2121 712 2177 corpus
732 2115 784 2171 est,
811 2107 843 2157 iu
861 2122 917 2174 quo
935 2106 1013 2158 nihil
1030 2107 1129 2161 vitiosi
1146 2108 1287 2178 humoris,
1335 2163 1336 2168 ,

132 2177 209 2247 quod
227 2193 285 2230 non
304 2185 346 2229 est
364 2177 535 2247 pituitosum
553 2173 647 2247 neque
664 2175 843 2230 mucosum.“
861 2178 932 2230 Ern-
957 2177 1000 2230 Ol.
1016 2177 1078 2232 cic.
1097 2178 1181 2245 Ata,
1201 2197 1288 2250 quem

152 2248 379 2317 nullosuperius
398 2249 490 2317 posui,
508 2249 645 2300 Varronis
664 2247 738 2318 apud
757 2247 886 2300 Nonium
904 2249 1010 2300 locum.
1032 2275 1065 2288 --
1095 2251 1180 2316 „vit
1202 2251 1288 2302 etiarn

129 2265 313 2387 Peerlkamp.
332 2319 367 2371 ad
386 2318 509 2370 Musunii
532 2318 673 2388 reliquias
695 2336 724 2387 Ρ.
744 2320 796 2373 325
815 2335 855 2388 sq.
882 2319 949 2370 coll.
969 2318 1105 2392 Dcering.
1127 2321 1162 2372 ad
1180 2321 1286 2373 Catull.

132 2389 296 2442 xx111.12.
317 2388 348 2438 in
368 2405 423 2457 quc
442 2390 506 2441 loco
524 2389 703 2441 restituendo
721 2389 819 2439 virum
838 2387 954 2449 doctum
972 2405 1077 2457 sequor
1094 2390 1126 2441 in
1138 2390 1212 2442 Bibl.
1228 2399 1287 2444 vet.

132 2458 191 2511 hit.
212 2467 241 2511 et
262 2459 322 2508 Art.
342 2460 375 2509 V.
396 2476 423 2528 p.
444 2462 487 2513 78.
507 2457 571 2527 sq.“
590 2456 704 2512 Setuci.
731 2458 831 2532 Pergit
844 2456 919 2511 cod.
932 2458 1022 2525 Rehd.
1042 2475 1109 2526 puae
1126 2459 1289 2528 sequitur
1329 2482 1331 2484 ’

132 2526 202 2580 hanc
226 2527 461 2652 cqqevenr'entt‘
488 2529 518 2582 in
539 2527 622 2582 uicta.
653 2528 750 2582 Dnisb.
778 2544 846 2597 quae
862 2526 1000 2598 'sequitur
1025 2526 1097 2583 lanc
1125 2530 1289 2602 consequen·

90 2614 96 2623 '
132 2598 212 2653 tiam.
285 2615 309 2650 r.
911 2641 915 2646 .

204 2670 309 2734 Confer
329 2671 475 2735 'sudantem
503 2669 675 2736 ructantem]
713 2663 780 2740 (lod.
809 2665 885 2741 ltiun.
905 2674 930 2739 1.
957 2672 1056 2738 confer
1082 2673 1286 2728 suadentes.

131 2740 216 2793 vind.
238 2745 264 2794 1.
283 2743 381 2808 confer
399 2746 548 2808 ructantes,
567 2743 703 2798 sudantes
722 2757 762 2793 aa
780 2741 872 2808 epulis
889 2743 1021 2808 refertos.
1058 2741 1121 2796 Duo
1144 2752 1290 2814 postrema

132 2809 271 2863 'vocabula
289 2813 461 2881 transposita
478 2811 564 2864 habet
582 2813 669 2864 etiam
687 2808 770 2862 Vinii.
792 2813 818 2866 1.
856 2812 891 2864 ln
917 2826 973 2863 unc
994 2811 1042 2865 Ox.
1072 2821 1114 2866 est
1133 2807 1287 2882 ruptant'es.

132 2883 199 2934 Mox
217 2883 291 2936 Mon.
315 2886 338 2937 1.
359 2887 418 2933 turn
436 2881 494 2950 qui
512 2883 663 2953 intelliges.
700 2880 784 2952 Apud
802 2879 846 2935 Jo.
866 2882 1017 2934 Valensem
1040 2882 1072 2936 in
1091 2884 1291 2956 Goinpendilo-
1310 2882 1312 2886 ’

133 2953 201 3020 quic
220 2952 273 3005 111.
294 2954 321 3006 4.
340 2969 368 3021 Ρ.
390 2954 449 3007 192.
470 2952 496 3008 b.
520 2953 570 3004 hic
588 2953 669 3005 locus
685 2952 732 3004 'ita
750 2952 874 3026 legitur:
904 2951 1082 3020 ‚tntetttgea
1100 2955 1213 3025 inquit,
1241 2957 1291 3026 qui

132 3025 334 3087 uoluptates
360 3021 483 3075 maxime
507 3029 726 3093 sequuntur,
748 3038 794 3076 eas
811 3019 926 3074 atinime
950 3026 1049 3088 secui
1071 3024 1288 3082 ttenn'tttunm.

133 3092 225 3160 paud
243 3093 331 3146 victus
355 3092 385 3144 in
404 3093 556 3159 desiderio,
590 3110 643 3146 aaa
668 3095 698 3146 tn
723 3095 854 3147 totietate
881 3099 941 3146 est.
983 3093 1081 3149 Unde
1106 3094 1289 3167 miraeum,

133 3162 242 3216 clarum
261 3162 399 3215 hominem
417 3161 546 3228 Athenis,
561 3170 593 3216 -et
609 3163 763 3231 principem
773 3163 907 3230 civitatis,
931 3165 1104 3230 ferunte‘um
1126 3166 1186 3222 ieri
1191 3170 1290 3224 asset

133 3233 210 3299 apud
227 3233 372 3287 Platonem
392 3250 474 3302 eoque
499 3236 663 3289 convicio
690 3228 895 3295 delectatus
919 3242 998 3300 esset,
1023 3236 1180 3292 aidisiet
1205 3238 1290 3293 etta

134 3310 250 3356 tonem
273 3302 423 3372 postridie,
444 3304 562 3371 dixisse,
581 3313 692 3359 cestrae
716 3305 827 3372 quidem
844 3318 928 3358 cenae
947 3321 1003 3358 noa
1020 3306 1110 3360 sotum
1128 3309 1159 3362 r'u
1182 3305 1290 3380 prae-

133 3377 350 3439 sentiarum,
374 3376 423 3428 sset
441 3375 526 3428 etiam
541 3383 685 3444 postera
704 3375 751 3428 die
769 3375 914 3428 iucundae
932 3380 1011 3429 s'atnts
1030 3389 1063 3417 -'·
1096 3379 1180 3444 Quasi
1199 3374 1289 3436 dicate

132 3446 180 3496 Ex
198 3439 276 3497 cenis
294 3447 400 3499 vestris
419 3463 477 3500 non
495 3455 634 3520 gravatur
649 3446 736 3498 horno
763 3445 879 3516 crapula
898 3454 928 3498 et
946 3447 1094 3513 ebrietate,
1121 3448 1174 3503 n'e'e
1192 3445 1291 3518 tn‘ente

134 3515 323 3585 impeditur.“
360 3516 394 3568 In
413 3517 479 3572 Cod.
500 3518 586 3570 ltlarb.
606 3525 650 3569 est
672 3523 899 3583 metantesque,
927 3517 957 3568 in
984 3517 1082 3569 eodem
1109 3529 1137 3572 et
1163 3522 1221 3574 u'no
1240 3523 1290 3581 Ox.

134 3588 320 3653 sequuntur,
348 3585 379 3637 in
397 3588 481 3639 Vin'tl.
503 3593 528 3643 1.
549 3593 712 3656 sequentum
738 3588 812 3640 Gnd.
832 3591 859 3642 9.
879 3586 927 3656 qui
944 3589 1096 3642 maxime
1122 3585 1293 3664 volupta-

134 3662 200 3711 tem
226 3661 390 3720 sequuntur
414 3659 502 3711 Marb.
531 3656 757 3712 iocunditatem:
785 3672 859 3727 qua.
891 3658 967 3723 Gud.
985 3661 1010 3714 2.
1039 3657 1195 3733 citiusque
1218 3680 1289 3731 esee.

134 3723 233 3776 Duisb.
255 3741 310 3776 non
336 3725 368 3778 ia
395 3730 524 3782 satietate
547 3729 611 3782 sett
634 3727 665 3781 in
691 3726 840 3781 desiderio.
865 3732 942 3783 ltlon'.
965 3730 990 3800 1⁸¹
1017 3731 1130 3787 omittit
1149 3732 1213 3801 aust,
1232 3745 1292 3790 tres

136 3795 207 3848 Oxx.
227 3811 328 3847 vocem
346 3795 384 3847 in.
413 3797 487 3854 Gud.
506 3803 532 3856 2.
557 3799 644 3851 habet
667 3798 698 3852 in
722 3799 886 3852 sanitate.
924 3802 982 3857 Mr.

208 3901 232 3935 c.
253 3884 297 3940 35.
316 3907 318 3911 ¹
339 3883 517 3950 Timotheum,
542 3887 647 3939 clarum
670 3883 807 3958 hominem
827 3885 961 3954 Athenis]
998 3891 1097 3954 „Idem
1116 3891 1292 3959 refertPlu-
1359 3887 1360 3890 ’

135 3954 252 4007 tarchus
272 3956 304 4005 in
321 3955 483 4025 Praeceptis
496 3956 660 4009 Salubribus
680 3966 709 4020 et
719 3957 881 4011 Athenaeus
898 3959 951 4010 lib.
964 3958 1005 4011 1⁰.
1025 3960 1172 4013 Timothei
1190 3957 1292 4016 recem

135 4027 212 4078 liber
230 4025 287 4079 MS.
308 4025 349 4076 ita
367 4028 475 4079 referti
491 4033 598 4079 uestrae
616 4028 727 4097 quidem
744 4043 844 4081 caenae
862 4043 915 4079 non
932 4029 1026 4080 satum
1039 4029 1072 4089 in
1086 4033 1291 4098 praesenti,

136 4097 184 4149 sed
212 4102 244 4149 et
268 4101 380 4164 postero
405 4096 451 4149 die
474 4097 611 4150 iucundae
634 4097 727 4154 sunt.“
746 4099 817 4150 'Fra
838 4097 920 4151 Fohr.
958 4099 1049 4152 Locus
1075 4098 1225 4154 Plutarchi
1249 4111 1293 4156 est

137 4182 162 4221 c.
183 4169 209 4220 9.
230 4175 302 4220 extr.
330 4185 360 4236 p.
380 4168 441 4222 499.
466 4168 566 4237 Wytt.
588 4168 626 4237 [p.
647 4171 689 4222 18.
715 4167 750 4222 Τ.
771 4167 793 4220 1.
812 4167 949 4237 2..1.ips.]
977 4170 1067 4221 Locus
1090 4166 1232 4224 Athenaei
1257 4175 1290 4226 X.

136 4255 165 4306 Ρ.
186 4238 221 4290 32
239 4255 280 4307 sq.
301 4237 438 4313 Schwgh.
480 4235 623 4291 scribitur
655 4236 823 4291 Thimoteam
849 4237 881 4289 in
906 4239 974 4292 eoa.
1003 4239 1102 4307 Maru,
1140 4241 1292 4296 Timolaum

137 4307 170 4358 in
189 4309 264 4363 ltlon.
286 4313 322 4374 l.,
337 4306 519 4378 remaneam
537 4309 569 4361 in
586 4309 661 4360 hicn.
680 4308 714 4375 23
734 4306 802 4361 θοὰ.
820 4310 898 4362 Mon.
919 4311 943 4364 1.
963 4309 1074 4363 omittit
1091 4305 1220 4366 Athenis.
1255 4315 1291 4378 In

139 4394 221 4448 seqq·
244 4388 309 4450 post
333 4378 477 4435 Platonem
506 4381 538 4433 iu
563 4378 637 4434 (iud.
657 4382 684 4437 2.
708 4379 819 4455 legitur
841 4395 873 4435 eo
900 4381 993 4450 quod
1017 4381 1142 4438 convivio
1168 4392 1197 4437 et
1223 4403 1290 4440 mox
1324 4418 1325 4422 =
