<?xml version="1.0" encoding="UTF-8"?>
<!DOCTYPE html PUBLIC "-//W3C//DTD XHTML 1.0 Transitional//EN"
    "http://www.w3.org/TR/xhtml1/DTD/xhtml1-transitional.dtd">
<html xmlns="http://www.w3.org/1999/xhtml" xml:lang="en" lang="en">
 <head>
  <title>
</title>
<meta http-equiv="Content-Type" content="text/html;charset=utf-8" />
  <meta name='ocr-system' content='tesseract 3.04.00' />
  <meta name='ocr-capabilities' content='ocr_page ocr_carea ocr_par ocr_line ocrx_word'/>
</head>
<body>
  <div class='ocr_page' id='page_1' title='image "./mtulliiciceroni02davigoog/mtulliiciceroni02davigoog_0028.png"; bbox 0 0 2856 5084; ppageno 0'>
   <div class='ocr_carea' id='block_1_1' title="bbox 596 226 1290 327">
    <p class='ocr_par' dir='ltr' id='par_1_1' title="bbox 596 226 1290 327">
     <span class='ocr_line' id='line_1_1' title="bbox 596 226 1290 327; baseline 0.006 -30"><span class='ocrx_word' id='word_1_1' title='bbox 596 235 724 303; x_wconf 76' lang='lat' dir='ltr'>otum</span> <span class='ocrx_word' id='word_1_2' title='bbox 744 233 840 312; x_wconf 85' lang='lat' dir='ltr'>v,s.</span> <span class='ocrx_word' id='word_1_3' title='bbox 887 270 890 275; x_wconf 88' lang='lat'><em>-</em></span> <span class='ocrx_word' id='word_1_4' title='bbox 945 320 949 327; x_wconf 21' lang='lat'><strong><em>⁴</em></strong></span> <span class='ocrx_word' id='word_1_5' title='bbox 1227 226 1290 301; x_wconf 81' lang='lat' dir='ltr'>&#39;to</span> 
     </span>
    </p>
   </div>
   <div class='ocr_carea' id='block_1_2' title="bbox 135 397 1290 728">
    <p class='ocr_par' dir='ltr' id='par_1_2' title="bbox 135 397 1290 728">
     <span class='ocr_line' id='line_1_2' title="bbox 137 397 1289 485; baseline -0.002 -20"><span class='ocrx_word' id='word_1_6' title='bbox 137 404 326 485; x_wconf 85' lang='lat' dir='ltr'>etcopiose</span> <span class='ocrx_word' id='word_1_7' title='bbox 347 399 545 465; x_wconf 77' lang='lat' dir='ltr'>disseruisse</span> <span class='ocrx_word' id='word_1_8' title='bbox 567 398 740 480; x_wconf 82' lang='lat' dir='ltr'>quaedam.</span> <span class='ocrx_word' id='word_1_9' title='bbox 784 397 887 461; x_wconf 85' lang='lat' dir='ltr'>Cuius</span> <span class='ocrx_word' id='word_1_10' title='bbox 898 401 1068 485; x_wconf 75' lang='lat' dir='ltr'>ingenium</span> <span class='ocrx_word' id='word_1_11' title='bbox 1078 408 1115 465; x_wconf 86' lang='lat' dir='ltr'>et</span> <span class='ocrx_word' id='word_1_12' title='bbox 1134 402 1289 484; x_wconf 84' lang='lat' dir='ltr'>etoquen·</span> 
     </span>
     <span class='ocr_line' id='line_1_3' title="bbox 136 483 1290 567; baseline -0.001 -19"><span class='ocrx_word' id='word_1_13' title='bbox 136 488 228 549; x_wconf 87' lang='lat' dir='ltr'>tiam·</span> <span class='ocrx_word' id='word_1_14' title='bbox 249 505 352 567; x_wconf 91' lang='lat' dir='ltr'>quum</span> <span class='ocrx_word' id='word_1_15' title='bbox 386 483 570 546; x_wconf 73' lang='lat' dir='ltr'>admiratus</span> <span class='ocrx_word' id='word_1_16' title='bbox 596 490 681 544; x_wconf 82' lang='lat' dir='ltr'>esset</span> <span class='ocrx_word' id='word_1_17' title='bbox 708 485 815 560; x_wconf 87' lang='lat' dir='ltr'>Leon,</span> <span class='ocrx_word' id='word_1_18' title='bbox 845 483 1048 564; x_wconf 77' lang='lat' dir='ltr'>quaesivisse</span> <span class='ocrx_word' id='word_1_19' title='bbox 1072 503 1113 545; x_wconf 88' lang='lat' dir='ltr'>ex</span> <span class='ocrx_word' id='word_1_20' title='bbox 1141 505 1193 563; x_wconf 81' lang='lat' dir='ltr'>eo,</span> <span class='ocrx_word' id='word_1_21' title='bbox 1225 503 1290 566; x_wconf 86' lang='lat' dir='ltr'>qua</span> 
     </span>
     <span class='ocr_line' id='line_1_4' title="bbox 135 564 1289 646; baseline 0.001 -16"><span class='ocrx_word' id='word_1_22' title='bbox 135 570 279 630; x_wconf 82' lang='lat' dir='ltr'>maximo</span> <span class='ocrx_word' id='word_1_23' title='bbox 309 575 385 629; x_wconf 88' lang='lat' dir='ltr'>arte</span> <span class='ocrx_word' id='word_1_24' title='bbox 412 565 617 629; x_wconf 80' lang='lat' dir='ltr'>confideret.-</span> <span class='ocrx_word' id='word_1_25' title='bbox 648 573 687 641; x_wconf 88' lang='lat' dir='ltr'>at</span> <span class='ocrx_word' id='word_1_26' title='bbox 715 566 822 642; x_wconf 86' lang='lat' dir='ltr'>illum,</span> <span class='ocrx_word' id='word_1_27' title='bbox 848 573 966 640; x_wconf 51' lang='lat' dir='ltr'>artem,</span> <span class='ocrx_word' id='word_1_28' title='bbox 986 564 1119 646; x_wconf 85' lang='lat' dir='ltr'>quidem</span> <span class='ocrx_word' id='word_1_29' title='bbox 1145 587 1181 630; x_wconf 88' lang='lat' dir='ltr'>se</span> <span class='ocrx_word' id='word_1_30' title='bbox 1200 570 1289 631; x_wconf 87' lang='lat' dir='ltr'>sciro</span> 
     </span>
     <span class='ocr_line' id='line_1_5' title="bbox 135 646 1288 728; baseline 0 -16"><span class='ocrx_word' id='word_1_31' title='bbox 135 652 274 722; x_wconf 89' lang='lat' dir='ltr'>nullam,</span> <span class='ocrx_word' id='word_1_32' title='bbox 296 649 355 712; x_wconf 91' lang='lat' dir='ltr'>sed</span> <span class='ocrx_word' id='word_1_33' title='bbox 376 669 446 712; x_wconf 87' lang='lat' dir='ltr'>esse</span> <span class='ocrx_word' id='word_1_34' title='bbox 464 646 708 728; x_wconf 76' lang='lat' dir='ltr'>philosophatus</span> <span class='ocrx_word' id='word_1_35' title='bbox 741 646 944 708; x_wconf 85' lang='lat' dir='ltr'>admiratum</span> <span class='ocrx_word' id='word_1_36' title='bbox 965 648 1130 710; x_wconf 80' lang='lat' dir='ltr'><strong>Leontem</strong></span> <span class='ocrx_word' id='word_1_37' title='bbox 1157 654 1288 712; x_wconf 88' lang='lat' dir='ltr'>novita-</span> 
     </span>
    </p>
   </div>
   <div class='ocr_carea' id='block_1_3' title="bbox 99 810 1337 1518">
    <p class='ocr_par' dir='ltr' id='par_1_3' title="bbox 99 810 1337 1518">
     <span class='ocr_line' id='line_1_6' title="bbox 135 810 1290 884; baseline 0.005 -21"><span class='ocrx_word' id='word_1_38' title='bbox 135 829 222 882; x_wconf 90' lang='lat' dir='ltr'>quam</span> <span class='ocrx_word' id='word_1_39' title='bbox 240 812 445 870; x_wconf 86' lang='lat' dir='ltr'>movendmn.“</span> <span class='ocrx_word' id='word_1_40' title='bbox 465 812 615 882; x_wconf 75' lang='lat' dir='ltr'>Wopkens.</span> <span class='ocrx_word' id='word_1_41' title='bbox 635 812 656 864; x_wconf 84' lang='lat'>1.</span> <span class='ocrx_word' id='word_1_42' title='bbox 676 829 701 865; x_wconf 90' lang='lat' dir='ltr'>c.</span> <span class='ocrx_word' id='word_1_43' title='bbox 721 831 749 883; x_wconf 88' lang='lat' dir='ltr'>p.</span> <span class='ocrx_word' id='word_1_44' title='bbox 771 810 1064 882; x_wconf 65' lang='lat' dir='ltr'>musquetum</span> <span class='ocrx_word' id='word_1_45' title='bbox 1089 831 1118 884; x_wconf 84' lang='lat' dir='ltr'>p.</span> <span class='ocrx_word' id='word_1_46' title='bbox 1140 816 1199 868; x_wconf 85' lang='grc'><strong>144.</strong></span> <span class='ocrx_word' id='word_1_47' title='bbox 1236 816 1290 868; x_wconf 82' lang='lat' dir='ltr'>Rc·</span> 
     </span>
     <span class='ocr_line' id='line_1_7' title="bbox 135 882 1289 954; baseline 0.002 -18"><span class='ocrx_word' id='word_1_48' title='bbox 135 883 214 954; x_wconf 84' lang='lat' dir='ltr'>cepit</span> <span class='ocrx_word' id='word_1_49' title='bbox 241 891 336 936; x_wconf 88' lang='lat' dir='ltr'>tamen</span> <span class='ocrx_word' id='word_1_50' title='bbox 364 902 444 937; x_wconf 88' lang='lat' dir='ltr'>suam</span> <span class='ocrx_word' id='word_1_51' title='bbox 468 886 664 938; x_wconf 89' lang='lat' dir='ltr'>coniecturam</span> <span class='ocrx_word' id='word_1_52' title='bbox 691 883 761 936; x_wconf 78' lang='lat' dir='ltr'>Dav.</span> <span class='ocrx_word' id='word_1_53' title='bbox 790 884 821 937; x_wconf 88' lang='lat' dir='ltr'>in</span> <span class='ocrx_word' id='word_1_54' title='bbox 844 884 897 936; x_wconf 88' lang='lat' dir='ltr'>Ed.</span> <span class='ocrx_word' id='word_1_55' title='bbox 922 887 948 940; x_wconf 79' lang='lat'>2.</span> <span class='ocrx_word' id='word_1_56' title='bbox 974 882 1112 954; x_wconf 77' lang='lat' dir='ltr'><strong>probante</strong></span> <span class='ocrx_word' id='word_1_57' title='bbox 1137 884 1289 954; x_wconf 88' lang='lat' dir='ltr'>(cupidius,</span> 
     </span>
     <span class='ocr_line' id='line_1_8' title="bbox 134 953 1290 1025; baseline 0.002 -19"><span class='ocrx_word' id='word_1_58' title='bbox 134 955 249 1024; x_wconf 82' lang='lat' dir='ltr'>opinor)</span> <span class='ocrx_word' id='word_1_59' title='bbox 274 953 407 1008; x_wconf 82' lang='lat' dir='ltr'><strong>Ernesto.</strong></span> <span class='ocrx_word' id='word_1_60' title='bbox 446 954 599 1008; x_wconf 84' lang='lat' dir='ltr'>Commode</span> <span class='ocrx_word' id='word_1_61' title='bbox 623 954 721 1007; x_wconf 90' lang='lat' dir='ltr'>laudat</span> <span class='ocrx_word' id='word_1_62' title='bbox 738 953 834 1008; x_wconf 85' lang='lat' dir='ltr'>Kiihn.</span> <span class='ocrx_word' id='word_1_63' title='bbox 863 955 897 1007; x_wconf 87' lang='lat' dir='ltr'>ad</span> <span class='ocrx_word' id='word_1_64' title='bbox 914 954 993 1007; x_wconf 87' lang='lat' dir='ltr'>hunc</span> <span class='ocrx_word' id='word_1_65' title='bbox 1010 953 1117 1021; x_wconf 86' lang='lat' dir='ltr'>locum,</span> <span class='ocrx_word' id='word_1_66' title='bbox 1143 972 1199 1025; x_wconf 93' lang='lat' dir='ltr'>quo</span> <span class='ocrx_word' id='word_1_67' title='bbox 1223 973 1290 1008; x_wconf 86' lang='lat' dir='ltr'>con-</span> 
     </span>
     <span class='ocr_line' id='line_1_9' title="bbox 134 1022 1291 1088; baseline 0.002 -12"><span class='ocrx_word' id='word_1_68' title='bbox 134 1026 256 1078; x_wconf 79' lang='lat' dir='ltr'>structio</span> <span class='ocrx_word' id='word_1_69' title='bbox 277 1026 399 1078; x_wconf 85' lang='lat' dir='ltr'>relativa</span> <span class='ocrx_word' id='word_1_70' title='bbox 416 1027 448 1077; x_wconf 91' lang='lat' dir='ltr'>in</span> <span class='ocrx_word' id='word_1_71' title='bbox 466 1025 718 1078; x_wconf 82' lang='lat' dir='ltr'>demonstrativam</span> <span class='ocrx_word' id='word_1_72' title='bbox 738 1025 850 1088; x_wconf 76' lang='lat' dir='ltr'>transit,</span> <span class='ocrx_word' id='word_1_73' title='bbox 870 1022 929 1079; x_wconf 82' lang='lat' dir='ltr'>Cic.</span> <span class='ocrx_word' id='word_1_74' title='bbox 948 1023 1045 1078; x_wconf 88' lang='lat' dir='ltr'>Parad.</span> <span class='ocrx_word' id='word_1_75' title='bbox 1065 1028 1097 1077; x_wconf 88' lang='lat' dir='ltr'>V.</span> <span class='ocrx_word' id='word_1_76' title='bbox 1120 1030 1144 1080; x_wconf 91' lang='lat'>1.</span> <span class='ocrx_word' id='word_1_77' title='bbox 1164 1029 1214 1081; x_wconf 65' lang='lat'>34⁴:</span> <span class='ocrx_word' id='word_1_78' title='bbox 1234 1043 1291 1079; x_wconf 87' lang='lat' dir='ltr'>cu-</span> 
     </span>
     <span class='ocr_line' id='line_1_10' title="bbox 134 1091 1292 1166; baseline 0.001 -19"><span class='ocrx_word' id='word_1_79' title='bbox 134 1094 193 1147; x_wconf 82' lang='lat' dir='ltr'>t&#39;us</span> <span class='ocrx_word' id='word_1_80' title='bbox 219 1095 314 1150; x_wconf 80' lang='lat' dir='ltr'>omnia</span> <span class='ocrx_word' id='word_1_81' title='bbox 336 1123 368 1133; x_wconf 89' lang='lat'>—</span> <span class='ocrx_word' id='word_1_82' title='bbox 389 1097 465 1165; x_wconf 83' lang='lat' dir='ltr'>opud</span> <span class='ocrx_word' id='word_1_83' title='bbox 484 1114 557 1149; x_wconf 72' lang='lat' dir='ltr'>euru</span> <span class='ocrx_word' id='word_1_84' title='bbox 577 1104 609 1133; x_wconf 63' lang='grc' dir='ltr'>-ὲ</span> <span class='ocrx_word' id='word_1_85' title='bbox 628 1104 658 1148; x_wconf 90' lang='lat' dir='ltr'>et</span> <span class='ocrx_word' id='word_1_86' title='bbox 680 1097 796 1149; x_wconf 83' lang='lat' dir='ltr'>Homer.</span> <span class='ocrx_word' id='word_1_87' title='bbox 825 1097 865 1150; x_wconf 90' lang='lat' dir='ltr'>Jl.</span> <span class='ocrx_word' id='word_1_88' title='bbox 889 1096 912 1149; x_wconf 88' lang='lat'>1.</span> <span class='ocrx_word' id='word_1_89' title='bbox 938 1099 985 1151; x_wconf 81' lang='lat'>78:</span> <span class='ocrx_word' id='word_1_90' title='bbox 1023 1095 1060 1157; x_wconf 83' lang='grc' dir='ltr'>ὅς</span> <span class='ocrx_word' id='word_1_91' title='bbox 1087 1094 1158 1166; x_wconf 71' lang='grc' dir='ltr'>μέγα</span> <span class='ocrx_word' id='word_1_92' title='bbox 1171 1091 1292 1160; x_wconf 70' lang='grc' dir='ltr'>1πάντων</span> 
     </span>
     <span class='ocr_line' id='line_1_11' title="bbox 133 1163 1290 1242; baseline 0.001 -25"><span class='ocrx_word' id='word_1_93' title='bbox 133 1166 264 1238; x_wconf 75' lang='grc' dir='ltr'>Ἀργείων</span> <span class='ocrx_word' id='word_1_94' title='bbox 280 1163 386 1236; x_wconf 72' lang='grc' dir='ltr'>κρατέει</span> <span class='ocrx_word' id='word_1_95' title='bbox 404 1171 451 1220; x_wconf 84' lang='grc' dir='ltr'>καί</span> <span class='ocrx_word' id='word_1_96' title='bbox 468 1166 501 1219; x_wconf 79' lang='lat' dir='ltr'>oi</span> <span class='ocrx_word' id='word_1_97' title='bbox 520 1169 662 1221; x_wconf 70' lang='grc' dir='ltr'><strong><em>πείθονται</em></strong></span> <span class='ocrx_word' id='word_1_98' title='bbox 677 1165 790 1236; x_wconf 71' lang='grc' dir='ltr'><strong>Ἀχαιοί.</strong></span> <span class='ocrx_word' id='word_1_99' title='bbox 819 1169 975 1220; x_wconf 79' lang='lat' dir='ltr'>Hermann.</span> <span class='ocrx_word' id='word_1_100' title='bbox 1002 1167 1035 1219; x_wconf 86' lang='lat' dir='ltr'>ad</span> <span class='ocrx_word' id='word_1_101' title='bbox 1054 1169 1152 1242; x_wconf 78' lang='lat' dir='ltr'>viger.</span> <span class='ocrx_word' id='word_1_102' title='bbox 1180 1187 1208 1239; x_wconf 90' lang='lat' dir='ltr'>p.</span> <span class='ocrx_word' id='word_1_103' title='bbox 1230 1170 1290 1224; x_wconf 83' lang='lat' dir='ltr'>tos.</span> 
     </span>
     <span class='ocr_line' id='line_1_12' title="bbox 99 1235 1292 1311; baseline 0 -21"><span class='ocrx_word' id='word_1_104' title='bbox 99 1305 100 1309; x_wconf 11' lang='grc' dir='ltr'><strong>Ἰ</strong></span> <span class='ocrx_word' id='word_1_105' title='bbox 135 1235 273 1311; x_wconf 84' lang='lat' dir='ltr'>Ochsner.</span> <span class='ocrx_word' id='word_1_106' title='bbox 292 1237 398 1311; x_wconf 76' lang='lat' dir='ltr'>Eclog.</span> <span class='ocrx_word' id='word_1_107' title='bbox 419 1237 478 1291; x_wconf 79' lang='lat' dir='ltr'>cie.</span> <span class='ocrx_word' id='word_1_108' title='bbox 497 1256 526 1309; x_wconf 88' lang='lat' dir='ltr'>p.</span> <span class='ocrx_word' id='word_1_109' title='bbox 547 1241 608 1294; x_wconf 85' lang='lat'>31⁷.</span> <span class='ocrx_word' id='word_1_110' title='bbox 645 1236 689 1290; x_wconf 83' lang='lat' dir='ltr'>Ad</span> <span class='ocrx_word' id='word_1_111' title='bbox 708 1257 770 1292; x_wconf 90' lang='lat' dir='ltr'>rem</span> <span class='ocrx_word' id='word_1_112' title='bbox 796 1239 833 1290; x_wconf 88' lang='lat' dir='ltr'>of.</span> <span class='ocrx_word' id='word_1_113' title='bbox 854 1237 972 1291; x_wconf 87' lang='lat' dir='ltr'>Heusdii</span> <span class='ocrx_word' id='word_1_114' title='bbox 996 1236 1087 1291; x_wconf 76' lang='lat' dir='ltr'>initia</span> <span class='ocrx_word' id='word_1_115' title='bbox 1105 1236 1210 1292; x_wconf 84' lang='lat' dir='ltr'>Philos.</span> <span class='ocrx_word' id='word_1_116' title='bbox 1230 1239 1292 1291; x_wconf 84' lang='lat' dir='ltr'>Pla·</span> 
     </span>
     <span class='ocr_line' id='line_1_13' title="bbox 135 1304 1288 1429; baseline 0.003 -70"><span class='ocrx_word' id='word_1_117' title='bbox 135 1315 196 1360; x_wconf 85' lang='lat' dir='ltr'>ton.</span> <span class='ocrx_word' id='word_1_118' title='bbox 217 1308 241 1362; x_wconf 88' lang='lat'>1.</span> <span class='ocrx_word' id='word_1_119' title='bbox 261 1325 289 1378; x_wconf 84' lang='lat' dir='ltr'>p.</span> <span class='ocrx_word' id='word_1_120' title='bbox 310 1311 344 1363; x_wconf 80' lang='lat'>5⁰</span> <span class='ocrx_word' id='word_1_121' title='bbox 364 1327 405 1429; x_wconf 88' lang='lat' dir='ltr'>sq.</span> <span class='ocrx_word' id='word_1_122' title='bbox 433 1309 474 1362; x_wconf 91' lang='lat' dir='ltr'>De</span> <span class='ocrx_word' id='word_1_123' title='bbox 493 1309 609 1362; x_wconf 87' lang='lat' dir='ltr'>nomine</span> <span class='ocrx_word' id='word_1_124' title='bbox 630 1304 703 1362; x_wconf 77' lang='lat' dir='ltr'>lecu</span> <span class='ocrx_word' id='word_1_125' title='bbox 722 1309 780 1361; x_wconf 86' lang='lat' dir='ltr'>vid.</span> <span class='ocrx_word' id='word_1_126' title='bbox 800 1305 965 1362; x_wconf 84' lang='lat' dir='ltr'>Schneider.</span> <span class='ocrx_word' id='word_1_127' title='bbox 985 1307 1288 1381; x_wconf 77' lang='lat' dir='ltr'>Formenl.1.p.146.</span> 
     </span>
     <span class='ocr_line' id='line_1_14' title="bbox 136 1376 785 1452; baseline -0.003 -20"><span class='ocrx_word' id='word_1_128' title='bbox 136 1376 273 1440; x_wconf 79' lang='lat' dir='ltr'>Ochsner,</span> <span class='ocrx_word' id='word_1_129' title='bbox 293 1379 326 1432; x_wconf 87' lang='lat' dir='ltr'>ad</span> <span class='ocrx_word' id='word_1_130' title='bbox 343 1379 387 1431; x_wconf 86' lang='lat' dir='ltr'>Ec</span> <span class='ocrx_word' id='word_1_131' title='bbox 402 1397 446 1452; x_wconf 83' lang='lat' dir='ltr'>og.</span> <span class='ocrx_word' id='word_1_132' title='bbox 467 1378 525 1432; x_wconf 87' lang='lat' dir='ltr'>Cic.</span> <span class='ocrx_word' id='word_1_133' title='bbox 566 1417 572 1431; x_wconf 86' lang='lat'>.</span> <span class='ocrx_word' id='word_1_134' title='bbox 593 1383 628 1434; x_wconf 76' lang='lat'>58</span> <span class='ocrx_word' id='word_1_135' title='bbox 646 1397 689 1449; x_wconf 90' lang='lat' dir='ltr'>sq.</span> <span class='ocrx_word' id='word_1_136' title='bbox 727 1380 785 1434; x_wconf 90' lang='lat' dir='ltr'>Mr.</span> 
     </span>
     <span class='ocr_line' id='line_1_15' title="bbox 205 1397 1337 1518; baseline 0.001 -15"><span class='ocrx_word' id='word_1_137' title='bbox 205 1449 331 1518; x_wconf 77' lang='lat' dir='ltr'>principe</span> <span class='ocrx_word' id='word_1_138' title='bbox 348 1397 563 1515; x_wconf 63' lang='lat' dir='ltr'>Phliasiorumf</span> <span class='ocrx_word' id='word_1_139' title='bbox 589 1451 692 1502; x_wconf 83' lang='lat' dir='ltr'>Errari</span> <span class='ocrx_word' id='word_1_140' title='bbox 717 1450 805 1503; x_wconf 88' lang='lat' dir='ltr'>etiam</span> <span class='ocrx_word' id='word_1_141' title='bbox 832 1450 863 1502; x_wconf 89' lang='lat' dir='ltr'>in</span> <span class='ocrx_word' id='word_1_142' title='bbox 880 1449 937 1503; x_wconf 86' lang='lat' dir='ltr'>hoo</span> <span class='ocrx_word' id='word_1_143' title='bbox 961 1450 1089 1515; x_wconf 88' lang='lat' dir='ltr'>nomine,</span> <span class='ocrx_word' id='word_1_144' title='bbox 1120 1467 1205 1504; x_wconf 86' lang='lat' dir='ltr'>nemo</span> <span class='ocrx_word' id='word_1_145' title='bbox 1231 1468 1290 1504; x_wconf 93' lang='lat' dir='ltr'>non</span> <span class='ocrx_word' id='word_1_146' title='bbox 1335 1442 1337 1451; x_wconf 70' lang='grc'>’</span> 
     </span>
    </p>
   </div>
   <div class='ocr_carea' id='block_1_4' title="bbox 134 1516 1383 1594">
    <p class='ocr_par' dir='ltr' id='par_1_4' title="bbox 134 1516 1383 1594">
     <span class='ocr_line' id='line_1_16' title="bbox 134 1516 1383 1594; baseline 0.004 -21"><span class='ocrx_word' id='word_1_147' title='bbox 134 1521 318 1594; x_wconf 76' lang='lat' dir='ltr'>exspectabit.</span> <span class='ocrx_word' id='word_1_148' title='bbox 356 1519 560 1575; x_wconf 76' lang='lat' dir='ltr'>Philiusiorum</span> <span class='ocrx_word' id='word_1_149' title='bbox 577 1519 685 1574; x_wconf 90' lang='lat' dir='ltr'>habent</span> <span class='ocrx_word' id='word_1_150' title='bbox 709 1530 768 1574; x_wconf 87' lang='lat' dir='ltr'>tres</span> <span class='ocrx_word' id='word_1_151' title='bbox 787 1520 871 1574; x_wconf 80' lang='lat' dir='ltr'>codd.</span> <span class='ocrx_word' id='word_1_152' title='bbox 892 1521 962 1574; x_wconf 85' lang='lat' dir='ltr'>Oxx.</span> <span class='ocrx_word' id='word_1_153' title='bbox 988 1520 1070 1573; x_wconf 84' lang='lat' dir='ltr'>Vind.</span> <span class='ocrx_word' id='word_1_154' title='bbox 1088 1525 1123 1586; x_wconf 71' lang='lat' dir='ltr'>lt</span> <span class='ocrx_word' id='word_1_155' title='bbox 1147 1516 1289 1577; x_wconf 77' lang='lat' dir='ltr'>Ptumio-</span> <span class='ocrx_word' id='word_1_156' title='bbox 1379 1543 1383 1557; x_wconf 80' lang='lat'>¹</span> 
     </span>
    </p>
   </div>
   <div class='ocr_carea' id='block_1_5' title="bbox 124 1587 1321 4000">
    <p class='ocr_par' dir='ltr' id='par_1_5' title="bbox 124 1587 1321 4000">
     <span class='ocr_line' id='line_1_17' title="bbox 124 1587 1290 1660; baseline 0.003 -17"><span class='ocrx_word' id='word_1_157' title='bbox 124 1607 200 1643; x_wconf 55' lang='lat' dir='ltr'>‘rum</span> <span class='ocrx_word' id='word_1_158' title='bbox 217 1596 291 1646; x_wconf 85' lang='lat' dir='ltr'>Mon.</span> <span class='ocrx_word' id='word_1_159' title='bbox 312 1595 342 1654; x_wconf 88' lang='grc'>1,·</span> <span class='ocrx_word' id='word_1_160' title='bbox 359 1588 573 1660; x_wconf 77' lang='lat' dir='ltr'>Phyliasiorum</span> <span class='ocrx_word' id='word_1_161' title='bbox 588 1592 664 1644; x_wconf 87' lang='lat' dir='ltr'>Gud.</span> <span class='ocrx_word' id='word_1_162' title='bbox 683 1592 716 1658; x_wconf 72' lang='lat'>23</span> <span class='ocrx_word' id='word_1_163' title='bbox 741 1588 922 1644; x_wconf 73' lang='lat' dir='ltr'>Phliusorum</span> <span class='ocrx_word' id='word_1_164' title='bbox 946 1593 1099 1657; x_wconf 80' lang='lat' dir='ltr'>nnus01.,</span> <span class='ocrx_word' id='word_1_165' title='bbox 1124 1593 1198 1646; x_wconf 83' lang='lat' dir='ltr'>alius</span> <span class='ocrx_word' id='word_1_166' title='bbox 1222 1587 1290 1646; x_wconf 78' lang='lat' dir='ltr'>Pti-</span> 
     </span>
     <span class='ocr_line' id='line_1_18' title="bbox 134 1659 1289 1736; baseline 0.003 -23"><span class='ocrx_word' id='word_1_167' title='bbox 134 1659 288 1727; x_wconf 78' lang='lat' dir='ltr'>Iiaeorum3</span> <span class='ocrx_word' id='word_1_168' title='bbox 305 1663 393 1715; x_wconf 86' lang='lat' dir='ltr'>Marb.</span> <span class='ocrx_word' id='word_1_169' title='bbox 414 1661 607 1732; x_wconf 75' lang='lat' dir='ltr'>Pdilise&#39;orum.</span> <span class='ocrx_word' id='word_1_170' title='bbox 643 1661 685 1716; x_wconf 80' lang='lat' dir='ltr'>De</span> <span class='ocrx_word' id='word_1_171' title='bbox 704 1662 861 1735; x_wconf 69' lang='lat' dir='ltr'>scriptione</span> <span class='ocrx_word' id='word_1_172' title='bbox 880 1663 1016 1715; x_wconf 84' lang='lat' dir='ltr'>adiectivi</span> <span class='ocrx_word' id='word_1_173' title='bbox 1034 1661 1163 1736; x_wconf 72' lang='lat' dir='ltr'>gentilis,</span> <span class='ocrx_word' id='word_1_174' title='bbox 1183 1665 1289 1734; x_wconf 88' lang='lat' dir='ltr'>inqua</span> 
     </span>
     <span class='ocr_line' id='line_1_19' title="bbox 133 1730 1286 1804; baseline 0.003 -21"><span class='ocrx_word' id='word_1_175' title='bbox 133 1730 145 1783; x_wconf 90' lang='lat' dir='ltr'>i</span> <span class='ocrx_word' id='word_1_176' title='bbox 167 1752 230 1786; x_wconf 90' lang='lat' dir='ltr'>sum</span> <span class='ocrx_word' id='word_1_177' title='bbox 248 1735 418 1788; x_wconf 81' lang='lat' dir='ltr'>Ciceronem</span> <span class='ocrx_word' id='word_1_178' title='bbox 444 1735 595 1786; x_wconf 82' lang='lat' dir='ltr'>fluctuasse</span> <span class='ocrx_word' id='word_1_179' title='bbox 622 1733 728 1786; x_wconf 88' lang='lat' dir='ltr'>scimus</span> <span class='ocrx_word' id='word_1_180' title='bbox 751 1752 787 1786; x_wconf 81' lang='lat' dir='ltr'>ex</span> <span class='ocrx_word' id='word_1_181' title='bbox 805 1734 878 1804; x_wconf 84' lang='lat' dir='ltr'>Epp.</span> <span class='ocrx_word' id='word_1_182' title='bbox 907 1733 942 1787; x_wconf 90' lang='lat' dir='ltr'>ad</span> <span class='ocrx_word' id='word_1_183' title='bbox 959 1735 1020 1786; x_wconf 84' lang='lat' dir='ltr'>Att.</span> <span class='ocrx_word' id='word_1_184' title='bbox 1039 1734 1086 1787; x_wconf 80' lang='lat' dir='ltr'>Vl.</span> <span class='ocrx_word' id='word_1_185' title='bbox 1106 1737 1148 1802; x_wconf 77' lang='lat'>2,</span> <span class='ocrx_word' id='word_1_186' title='bbox 1175 1735 1233 1787; x_wconf 88' lang='lat' dir='ltr'>vid.</span> <span class='ocrx_word' id='word_1_187' title='bbox 1252 1735 1286 1787; x_wconf 81' lang='lat' dir='ltr'>A.</span> 
     </span>
     <span class='ocr_line' id='line_1_20' title="bbox 133 1750 1321 1876; baseline 0.003 -21"><span class='ocrx_word' id='word_1_188' title='bbox 133 1750 242 1856; x_wconf 67' lang='lat' dir='ltr'>tioium</span> <span class='ocrx_word' id='word_1_189' title='bbox 259 1804 294 1858; x_wconf 92' lang='lat' dir='ltr'>ad</span> <span class='ocrx_word' id='word_1_190' title='bbox 312 1804 371 1857; x_wconf 85' lang='lat' dir='ltr'>Cic.</span> <span class='ocrx_word' id='word_1_191' title='bbox 391 1805 425 1856; x_wconf 89' lang='lat' dir='ltr'>de</span> <span class='ocrx_word' id='word_1_192' title='bbox 442 1806 512 1874; x_wconf 88' lang='lat' dir='ltr'>Rep.</span> <span class='ocrx_word' id='word_1_193' title='bbox 532 1805 570 1856; x_wconf 85' lang='lat'>11.</span> <span class='ocrx_word' id='word_1_194' title='bbox 590 1807 615 1859; x_wconf 81' lang='lat'>4.</span> <span class='ocrx_word' id='word_1_195' title='bbox 636 1823 663 1874; x_wconf 88' lang='lat' dir='ltr'>p.</span> <span class='ocrx_word' id='word_1_196' title='bbox 686 1808 747 1860; x_wconf 79' lang='grc'><strong>109.</strong></span> <span class='ocrx_word' id='word_1_197' title='bbox 768 1804 928 1874; x_wconf 83' lang='lat' dir='ltr'>ibidemque</span> <span class='ocrx_word' id='word_1_198' title='bbox 946 1821 997 1857; x_wconf 90' lang='lat' dir='ltr'>nos</span> <span class='ocrx_word' id='word_1_199' title='bbox 1014 1823 1043 1876; x_wconf 82' lang='lat' dir='ltr'>p.</span> <span class='ocrx_word' id='word_1_200' title='bbox 1064 1805 1210 1872; x_wconf 73' lang='lat' dir='ltr'>eademst</span> <span class='ocrx_word' id='word_1_201' title='bbox 1228 1822 1287 1875; x_wconf 88' lang='lat' dir='ltr'>seq.</span> <span class='ocrx_word' id='word_1_202' title='bbox 1317 1810 1321 1818; x_wconf 90' lang='lat'><em>&#39;</em></span> 
     </span>
     <span class='ocr_line' id='line_1_21' title="bbox 133 1873 1289 1949; baseline 0.002 -22"><span class='ocrx_word' id='word_1_203' title='bbox 133 1874 234 1949; x_wconf 83' lang='lat' dir='ltr'>Pergit</span> <span class='ocrx_word' id='word_1_204' title='bbox 258 1874 326 1929; x_wconf 79' lang='lat' dir='ltr'>cod.</span> <span class='ocrx_word' id='word_1_205' title='bbox 346 1873 442 1927; x_wconf 88' lang='lat' dir='ltr'>Dnisb.</span> <span class='ocrx_word' id='word_1_206' title='bbox 470 1878 680 1945; x_wconf 81' lang='lat' dir='ltr'>eloquenter</span> <span class='ocrx_word' id='word_1_207' title='bbox 704 1878 761 1928; x_wconf 85' lang='lat' dir='ltr'>oet</span> <span class='ocrx_word' id='word_1_208' title='bbox 788 1874 970 1943; x_wconf 80' lang='lat' dir='ltr'>sapienter</span> <span class='ocrx_word' id='word_1_209' title='bbox 997 1883 1024 1928; x_wconf 91' lang='lat' dir='ltr'>et</span> <span class='ocrx_word' id='word_1_210' title='bbox 1041 1878 1159 1946; x_wconf 75' lang='lat' dir='ltr'>copiose.</span> <span class='ocrx_word' id='word_1_211' title='bbox 1197 1877 1289 1929; x_wconf 78' lang='lat' dir='ltr'>Habes</span> 
     </span>
     <span class='ocr_line' id='line_1_22' title="bbox 134 1945 1289 2021; baseline 0.003 -24"><span class='ocrx_word' id='word_1_212' title='bbox 134 1946 287 1998; x_wconf 81' lang='lat' dir='ltr'>manifesta</span> <span class='ocrx_word' id='word_1_213' title='bbox 303 1945 384 1998; x_wconf 81' lang='lat' dir='ltr'>vocis</span> <span class='ocrx_word' id='word_1_214' title='bbox 402 1947 478 1999; x_wconf 84' lang='lat' dir='ltr'>docte</span> <span class='ocrx_word' id='word_1_215' title='bbox 496 1947 674 2021; x_wconf 83' lang='lat' dir='ltr'>glossemata,</span> <span class='ocrx_word' id='word_1_216' title='bbox 700 1963 890 2015; x_wconf 73' lang='lat' dir='ltr'>quaererem</span> <span class='ocrx_word' id='word_1_217' title='bbox 907 1963 1009 2000; x_wconf 85' lang='lat' dir='ltr'>vocem</span> <span class='ocrx_word' id='word_1_218' title='bbox 1032 1948 1190 2000; x_wconf 84' lang='lat' dir='ltr'>eiecerunt.</span> <span class='ocrx_word' id='word_1_219' title='bbox 1230 1949 1289 2000; x_wconf 92' lang='lat' dir='ltr'>No-</span> 
     </span>
     <span class='ocr_line' id='line_1_23' title="bbox 133 2013 1286 2087; baseline 0.001 -19"><span class='ocrx_word' id='word_1_220' title='bbox 133 2033 203 2069; x_wconf 87' lang='lat' dir='ltr'>men</span> <span class='ocrx_word' id='word_1_221' title='bbox 220 2014 295 2070; x_wconf 77' lang='lat' dir='ltr'>leou</span> <span class='ocrx_word' id='word_1_222' title='bbox 313 2016 449 2070; x_wconf 88' lang='lat' dir='ltr'>omissum</span> <span class='ocrx_word' id='word_1_223' title='bbox 474 2026 516 2068; x_wconf 88' lang='lat' dir='ltr'>est</span> <span class='ocrx_word' id='word_1_224' title='bbox 538 2017 570 2067; x_wconf 88' lang='lat' dir='ltr'>in</span> <span class='ocrx_word' id='word_1_225' title='bbox 589 2014 657 2069; x_wconf 79' lang='lat' dir='ltr'>cod.</span> <span class='ocrx_word' id='word_1_226' title='bbox 679 2015 752 2069; x_wconf 86' lang='lat' dir='ltr'>Gud.</span> <span class='ocrx_word' id='word_1_227' title='bbox 773 2019 799 2070; x_wconf 81' lang='lat'>2.</span> <span class='ocrx_word' id='word_1_228' title='bbox 835 2017 890 2069; x_wconf 87' lang='lat' dir='ltr'>Pro</span> <span class='ocrx_word' id='word_1_229' title='bbox 916 2013 1088 2087; x_wconf 73' lang='lat' dir='ltr'>quaesivisse</span> <span class='ocrx_word' id='word_1_230' title='bbox 1111 2017 1179 2071; x_wconf 81' lang='lat' dir='ltr'>God.</span> <span class='ocrx_word' id='word_1_231' title='bbox 1199 2018 1286 2073; x_wconf 82' lang='lat' dir='ltr'>Marb.</span> 
     </span>
     <span class='ocr_line' id='line_1_24' title="bbox 132 2085 683 2157; baseline -0.002 -18"><span class='ocrx_word' id='word_1_232' title='bbox 132 2087 284 2156; x_wconf 79' lang='lat' dir='ltr'>quoesisse,</span> <span class='ocrx_word' id='word_1_233' title='bbox 304 2086 378 2140; x_wconf 91' lang='lat' dir='ltr'>Gud.</span> <span class='ocrx_word' id='word_1_234' title='bbox 398 2085 585 2157; x_wconf 72' lang='lat' dir='ltr'>quaesivisset.</span> <span class='ocrx_word' id='word_1_235' title='bbox 622 2087 683 2139; x_wconf 90' lang='lat' dir='ltr'>Mr.</span> 
     </span>
     <span class='ocr_line' id='line_1_25' title="bbox 159 2154 1288 2228; baseline 0.001 -18"><span class='ocrx_word' id='word_1_236' title='bbox 159 2170 161 2176; x_wconf 60' lang='lat'><strong>⁴</strong></span> <span class='ocrx_word' id='word_1_237' title='bbox 205 2175 258 2228; x_wconf 81' lang='lat' dir='ltr'>qua</span> <span class='ocrx_word' id='word_1_238' title='bbox 273 2160 394 2212; x_wconf 72' lang='lat' dir='ltr'>maxime</span> <span class='ocrx_word' id='word_1_239' title='bbox 412 2165 475 2210; x_wconf 84' lang='lat' dir='ltr'>orte</span> <span class='ocrx_word' id='word_1_240' title='bbox 491 2154 662 2223; x_wconf 59' lang='lat' dir='ltr'>confideret]</span> <span class='ocrx_word' id='word_1_241' title='bbox 699 2155 786 2223; x_wconf 83' lang='lat' dir='ltr'>„Hoc</span> <span class='ocrx_word' id='word_1_242' title='bbox 805 2175 863 2210; x_wconf 87' lang='lat' dir='ltr'>esse</span> <span class='ocrx_word' id='word_1_243' title='bbox 886 2155 996 2211; x_wconf 83' lang='lat' dir='ltr'>Graece</span> <span class='ocrx_word' id='word_1_244' title='bbox 1018 2154 1138 2223; x_wconf 86' lang='lat' dir='ltr'>dietum,</span> <span class='ocrx_word' id='word_1_245' title='bbox 1166 2154 1213 2211; x_wconf 74' lang='lat' dir='ltr'>ut</span> <span class='ocrx_word' id='word_1_246' title='bbox 1234 2162 1288 2213; x_wconf 76' lang='grc' dir='ltr'>τίνι</span> 
     </span>
     <span class='ocr_line' id='line_1_26' title="bbox 131 2225 1288 2354; baseline 0 -2"><span class='ocrx_word' id='word_1_247' title='bbox 131 2225 567 2354; x_wconf 61' lang='lat' dir='ltr'>ttntttt‘tttttttt’</span> <span class='ocrx_word' id='word_1_248' title='bbox 580 2228 919 2354; x_wconf 64' lang='lat' dir='ltr'>ttt¹¹⁰¹³tt.³⁶m⁰tttf‘</span> <span class='ocrx_word' id='word_1_249' title='bbox 936 2229 1288 2352; x_wconf 66' lang='lat' dir='ltr'>ciiii⁶·..¹ii.⁶&#39;.&#39;s.¹iii¹ii</span> 
     </span>
     <span class='ocr_line' id='line_1_27' title="bbox 133 2317 1316 2441; baseline 0.002 -19"><span class='ocrx_word' id='word_1_250' title='bbox 133 2319 530 2441; x_wconf 56' lang='lat' dir='ltr'>potissimumgprofitere&#39;tur.</span> <span class='ocrx_word' id='word_1_251' title='bbox 553 2317 688 2423; x_wconf 59' lang='lat' dir='ltr'>Ochsnegr.</span> <span class='ocrx_word' id='word_1_252' title='bbox 710 2368 777 2420; x_wconf 90' lang='lat' dir='ltr'>ibid.</span> <span class='ocrx_word' id='word_1_253' title='bbox 791 2317 971 2421; x_wconf 67' lang='lat' dir='ltr'>iaudatCic.</span> <span class='ocrx_word' id='word_1_254' title='bbox 998 2368 1032 2421; x_wconf 92' lang='lat' dir='ltr'>de</span> <span class='ocrx_word' id='word_1_255' title='bbox 1051 2368 1104 2421; x_wconf 84' lang='lat' dir='ltr'>off.</span> <span class='ocrx_word' id='word_1_256' title='bbox 1125 2369 1148 2421; x_wconf 88' lang='lat'>1.</span> <span class='ocrx_word' id='word_1_257' title='bbox 1167 2373 1211 2424; x_wconf 79' lang='lat'>31.</span> <span class='ocrx_word' id='word_1_258' title='bbox 1257 2371 1288 2424; x_wconf 81' lang='lat' dir='ltr'>ui</span> <span class='ocrx_word' id='word_1_259' title='bbox 1313 2430 1316 2438; x_wconf 63' lang='lat'>.</span> 
     </span>
     <span class='ocr_line' id='line_1_28' title="bbox 133 2436 1288 2509; baseline 0.002 -16"><span class='ocrx_word' id='word_1_260' title='bbox 133 2457 218 2495; x_wconf 86' lang='lat' dir='ltr'>occe</span> <span class='ocrx_word' id='word_1_261' title='bbox 234 2444 352 2508; x_wconf 72' lang='lat' dir='ltr'>fretus</span> <span class='ocrx_word' id='word_1_262' title='bbox 370 2449 411 2495; x_wconf 83' lang='lat' dir='ltr'>est</span> <span class='ocrx_word' id='word_1_263' title='bbox 431 2438 486 2506; x_wconf 86' lang='lat' dir='ltr'>[est</span> <span class='ocrx_word' id='word_1_264' title='bbox 504 2442 558 2494; x_wconf 88' lang='lat' dir='ltr'>ibi:</span> <span class='ocrx_word' id='word_1_265' title='bbox 579 2439 626 2509; x_wconf 82' lang='lat' dir='ltr'>qui</span> <span class='ocrx_word' id='word_1_266' title='bbox 643 2455 707 2503; x_wconf 83' lang='lat' dir='ltr'>voce</span> <span class='ocrx_word' id='word_1_267' title='bbox 723 2439 794 2504; x_wconf 73' lang='lat' dir='ltr'>freti</span> <span class='ocrx_word' id='word_1_268' title='bbox 810 2446 876 2493; x_wconf 86' lang='lat' dir='ltr'>suut</span> <span class='ocrx_word' id='word_1_269' title='bbox 894 2436 1038 2506; x_wconf 79' lang='lat' dir='ltr'>[scenici],</span> <span class='ocrx_word' id='word_1_270' title='bbox 1062 2437 1206 2507; x_wconf 81' lang='lat' dir='ltr'>Epigonos</span> <span class='ocrx_word' id='word_1_271' title='bbox 1259 2459 1288 2495; x_wconf 84' lang='lat' dir='ltr'>e.-</span> 
     </span>
     <span class='ocr_line' id='line_1_29' title="bbox 134 2507 1287 2585; baseline -0.002 -21"><span class='ocrx_word' id='word_1_272' title='bbox 134 2510 250 2581; x_wconf 80' lang='lat' dir='ltr'>dumque</span> <span class='ocrx_word' id='word_1_273' title='bbox 267 2510 400 2579; x_wconf 69' lang='lat' dir='ltr'>[subulas</span> <span class='ocrx_word' id='word_1_274' title='bbox 428 2519 459 2564; x_wconf 86' lang='lat' dir='ltr'>ut</span> <span class='ocrx_word' id='word_1_275' title='bbox 476 2512 532 2566; x_wconf 73' lang='lat' dir='ltr'>sits·</span> <span class='ocrx_word' id='word_1_276' title='bbox 548 2510 857 2578; x_wconf 72' lang='lat' dir='ltr'>accommodatissime,</span> <span class='ocrx_word' id='word_1_277' title='bbox 886 2507 1034 2579; x_wconf 73' lang='lat' dir='ltr'>eliguntss</span> <span class='ocrx_word' id='word_1_278' title='bbox 1062 2511 1142 2585; x_wconf 73' lang='lat' dir='ltr'>Virg.</span> <span class='ocrx_word' id='word_1_279' title='bbox 1163 2511 1233 2565; x_wconf 87' lang='lat' dir='ltr'>Aen.</span> <span class='ocrx_word' id='word_1_280' title='bbox 1252 2513 1287 2565; x_wconf 85' lang='lat' dir='ltr'>X.</span> 
     </span>
     <span class='ocr_line' id='line_1_30' title="bbox 135 2580 1286 2654; baseline -0.001 -16"><span class='ocrx_word' id='word_1_281' title='bbox 135 2585 201 2638; x_wconf 71' lang='lat'>181&#39;:</span> <span class='ocrx_word' id='word_1_282' title='bbox 229 2585 318 2638; x_wconf 83' lang='lat' dir='ltr'>Astur</span> <span class='ocrx_word' id='word_1_283' title='bbox 343 2600 429 2654; x_wconf 87' lang='lat' dir='ltr'>equo</span> <span class='ocrx_word' id='word_1_284' title='bbox 447 2583 569 2648; x_wconf 79' lang='lat' dir='ltr'>fideus</span> <span class='ocrx_word' id='word_1_285' title='bbox 589 2608 621 2620; x_wconf 89' lang='lat'>-</span> <span class='ocrx_word' id='word_1_286' title='bbox 642 2581 702 2646; x_wconf 89' lang='lat' dir='ltr'>[ubi</span> <span class='ocrx_word' id='word_1_287' title='bbox 721 2582 847 2652; x_wconf 79' lang='lat' dir='ltr'>explicat</span> <span class='ocrx_word' id='word_1_288' title='bbox 865 2580 997 2636; x_wconf 85' lang='lat' dir='ltr'>Servius:</span> <span class='ocrx_word' id='word_1_289' title='bbox 1027 2599 1112 2652; x_wconf 84' lang='lat' dir='ltr'>eques</span> <span class='ocrx_word' id='word_1_290' title='bbox 1136 2580 1286 2654; x_wconf 60' lang='lat' dir='ltr'>optimus}</span> 
     </span>
     <span class='ocr_line' id='line_1_31' title="bbox 133 2651 1288 2727; baseline 0 -20"><span class='ocrx_word' id='word_1_291' title='bbox 133 2651 271 2707; x_wconf 81' lang='lat' dir='ltr'>Ceterum</span> <span class='ocrx_word' id='word_1_292' title='bbox 294 2654 365 2708; x_wconf 85' lang='lat' dir='ltr'>haec</span> <span class='ocrx_word' id='word_1_293' title='bbox 389 2653 473 2708; x_wconf 86' lang='lat' dir='ltr'>verbi</span> <span class='ocrx_word' id='word_1_294' title='bbox 496 2652 655 2720; x_wconf 72' lang='lat' dir='ltr'>confidendi</span> <span class='ocrx_word' id='word_1_295' title='bbox 678 2653 851 2727; x_wconf 77' lang='lat' dir='ltr'>significatio</span> <span class='ocrx_word' id='word_1_296' title='bbox 879 2652 1012 2726; x_wconf 77' lang='lat' dir='ltr'>neglecta</span> <span class='ocrx_word' id='word_1_297' title='bbox 1036 2654 1078 2706; x_wconf 87' lang='lat' dir='ltr'>est</span> <span class='ocrx_word' id='word_1_298' title='bbox 1101 2652 1135 2705; x_wconf 89' lang='lat' dir='ltr'>ab</span> <span class='ocrx_word' id='word_1_299' title='bbox 1160 2654 1205 2721; x_wconf 87' lang='lat' dir='ltr'>iis,</span> <span class='ocrx_word' id='word_1_300' title='bbox 1236 2655 1288 2726; x_wconf 89' lang='lat' dir='ltr'>qui</span> 
     </span>
     <span class='ocr_line' id='line_1_32' title="bbox 132 2723 1287 2794; baseline 0 -16"><span class='ocrx_word' id='word_1_301' title='bbox 132 2724 248 2779; x_wconf 57' lang='lat' dir='ltr'>Lexioa‘</span> <span class='ocrx_word' id='word_1_302' title='bbox 258 2725 458 2778; x_wconf 81' lang='lat' dir='ltr'>condiderunt.</span> <span class='ocrx_word' id='word_1_303' title='bbox 496 2725 642 2778; x_wconf 83' lang='lat' dir='ltr'>scribitur</span> <span class='ocrx_word' id='word_1_304' title='bbox 658 2725 783 2777; x_wconf 78' lang='lat' dir='ltr'>maxima</span> <span class='ocrx_word' id='word_1_305' title='bbox 800 2740 854 2794; x_wconf 89' lang='lat' dir='ltr'>pro</span> <span class='ocrx_word' id='word_1_306' title='bbox 873 2723 994 2776; x_wconf 79' lang='lat' dir='ltr'>maxime</span> <span class='ocrx_word' id='word_1_307' title='bbox 1017 2725 1048 2775; x_wconf 92' lang='lat' dir='ltr'>in</span> <span class='ocrx_word' id='word_1_308' title='bbox 1070 2741 1127 2777; x_wconf 89' lang='lat' dir='ltr'>uno</span> <span class='ocrx_word' id='word_1_309' title='bbox 1148 2723 1215 2782; x_wconf 85' lang='lat' dir='ltr'>Cod.</span> <span class='ocrx_word' id='word_1_310' title='bbox 1237 2727 1287 2779; x_wconf 88' lang='lat' dir='ltr'>Ox.</span> 
     </span>
     <span class='ocr_line' id='line_1_33' title="bbox 130 2791 1288 2866; baseline 0.003 -18"><span class='ocrx_word' id='word_1_311' title='bbox 130 2794 205 2848; x_wconf 83' lang='lat' dir='ltr'>Edd.</span> <span class='ocrx_word' id='word_1_312' title='bbox 225 2796 255 2848; x_wconf 91' lang='lat' dir='ltr'>P.</span> <span class='ocrx_word' id='word_1_313' title='bbox 275 2795 309 2848; x_wconf 86' lang='lat' dir='ltr'>A.</span> <span class='ocrx_word' id='word_1_314' title='bbox 328 2797 359 2848; x_wconf 85' lang='grc' dir='ltr'><strong>Β.</strong></span> <span class='ocrx_word' id='word_1_315' title='bbox 380 2794 413 2847; x_wconf 76' lang='lat' dir='ltr'>(i.</span> <span class='ocrx_word' id='word_1_316' title='bbox 431 2799 513 2849; x_wconf 89' lang='lat' dir='ltr'>Junt.</span> <span class='ocrx_word' id='word_1_317' title='bbox 534 2797 603 2847; x_wconf 88' lang='lat' dir='ltr'>Ven.</span> <span class='ocrx_word' id='word_1_318' title='bbox 624 2804 713 2847; x_wconf 82' lang='lat' dir='ltr'>nostr.</span> <span class='ocrx_word' id='word_1_319' title='bbox 731 2793 795 2846; x_wconf 84' lang='lat' dir='ltr'>Asc.</span> <span class='ocrx_word' id='word_1_320' title='bbox 819 2800 843 2849; x_wconf 92' lang='grc'><strong>1.</strong></span> <span class='ocrx_word' id='word_1_321' title='bbox 863 2798 889 2850; x_wconf 74' lang='lat'>2.</span> <span class='ocrx_word' id='word_1_322' title='bbox 917 2797 952 2847; x_wconf 86' lang='lat' dir='ltr'>tn</span> <span class='ocrx_word' id='word_1_323' title='bbox 970 2797 1026 2847; x_wconf 87' lang='lat' dir='ltr'>uno</span> <span class='ocrx_word' id='word_1_324' title='bbox 1043 2791 1092 2847; x_wconf 88' lang='lat' dir='ltr'>Ox.</span> <span class='ocrx_word' id='word_1_325' title='bbox 1114 2804 1156 2848; x_wconf 81' lang='lat' dir='ltr'>eet</span> <span class='ocrx_word' id='word_1_326' title='bbox 1174 2797 1288 2866; x_wconf 77' lang='lat' dir='ltr'>illepro</span> 
     </span>
     <span class='ocr_line' id='line_1_34' title="bbox 133 2862 1299 2936; baseline 0.001 -17"><span class='ocrx_word' id='word_1_327' title='bbox 133 2862 232 2933; x_wconf 79' lang='lat' dir='ltr'>illum3</span> <span class='ocrx_word' id='word_1_328' title='bbox 252 2867 284 2918; x_wconf 91' lang='lat' dir='ltr'>in</span> <span class='ocrx_word' id='word_1_329' title='bbox 303 2867 376 2919; x_wconf 88' lang='lat' dir='ltr'>Gud.</span> <span class='ocrx_word' id='word_1_330' title='bbox 390 2868 418 2920; x_wconf 79' lang='lat'>2:</span> <span class='ocrx_word' id='word_1_331' title='bbox 438 2865 592 2936; x_wconf 79' lang='lat' dir='ltr'>confidere</span> <span class='ocrx_word' id='word_1_332' title='bbox 611 2864 717 2919; x_wconf 82' lang='lat' dir='ltr'>Plato</span> <span class='ocrx_word' id='word_1_333' title='bbox 735 2873 765 2918; x_wconf 87' lang='lat' dir='ltr'>at</span> <span class='ocrx_word' id='word_1_334' title='bbox 782 2866 864 2919; x_wconf 79' lang='lat' dir='ltr'>illum</span> <span class='ocrx_word' id='word_1_335' title='bbox 881 2865 1013 2935; x_wconf 78' lang='lat' dir='ltr'>quidem</span> <span class='ocrx_word' id='word_1_336' title='bbox 1032 2866 1159 2919; x_wconf 85' lang='lat' dir='ltr'>nullum</span> <span class='ocrx_word' id='word_1_337' title='bbox 1177 2875 1299 2920; x_wconf 82' lang='lat' dir='ltr'>artem·</span> 
     </span>
     <span class='ocr_line' id='line_1_35' title="bbox 132 2935 1287 3005; baseline 0.001 -15"><span class='ocrx_word' id='word_1_338' title='bbox 132 2953 171 2990; x_wconf 82' lang='lat' dir='ltr'>se</span> <span class='ocrx_word' id='word_1_339' title='bbox 190 2936 292 2991; x_wconf 74' lang='lat' dir='ltr'>seire</span> <span class='ocrx_word' id='word_1_340' title='bbox 310 2938 362 2990; x_wconf 87' lang='lat' dir='ltr'>sed</span> <span class='ocrx_word' id='word_1_341' title='bbox 379 2953 415 2989; x_wconf 85' lang='lat' dir='ltr'>ee</span> <span class='ocrx_word' id='word_1_342' title='bbox 432 2955 490 2992; x_wconf 87' lang='lat' dir='ltr'>esse</span> <span class='ocrx_word' id='word_1_343' title='bbox 498 2935 700 3005; x_wconf 67' lang='lat' dir='ltr'>philosophum.</span> <span class='ocrx_word' id='word_1_344' title='bbox 722 2937 796 2989; x_wconf 85' lang='lat' dir='ltr'>Gud.</span> <span class='ocrx_word' id='word_1_345' title='bbox 808 2936 887 2988; x_wconf 80' lang='lat' dir='ltr'>illum</span> <span class='ocrx_word' id='word_1_346' title='bbox 898 2944 1011 2989; x_wconf 85' lang='lat' dir='ltr'>autem</span> <span class='ocrx_word' id='word_1_347' title='bbox 1030 2943 1120 2988; x_wconf 84' lang='lat' dir='ltr'>artem</span> <span class='ocrx_word' id='word_1_348' title='bbox 1141 2969 1171 2979; x_wconf 91' lang='lat'><em>-</em></span> <span class='ocrx_word' id='word_1_349' title='bbox 1189 2938 1287 2991; x_wconf 87' lang='lat' dir='ltr'>Duisb.</span> 
     </span>
     <span class='ocr_line' id='line_1_36' title="bbox 132 3003 1288 3079; baseline -0.002 -17"><span class='ocrx_word' id='word_1_350' title='bbox 132 3024 177 3062; x_wconf 82' lang='lat' dir='ltr'>au</span> <span class='ocrx_word' id='word_1_351' title='bbox 195 3009 278 3062; x_wconf 75' lang='lat' dir='ltr'>illum</span> <span class='ocrx_word' id='word_1_352' title='bbox 295 3011 527 3078; x_wconf 77' lang='lat' dir='ltr'>respondisse</span> <span class='ocrx_word' id='word_1_353' title='bbox 545 3016 635 3061; x_wconf 84' lang='lat' dir='ltr'>artem</span> <span class='ocrx_word' id='word_1_354' title='bbox 654 3036 687 3048; x_wconf 89' lang='lat'>-</span> <span class='ocrx_word' id='word_1_355' title='bbox 705 3003 794 3061; x_wconf 82' lang='lat' dir='ltr'>Rehd.</span> <span class='ocrx_word' id='word_1_356' title='bbox 810 3007 919 3060; x_wconf 88' lang='lat' dir='ltr'>omittit</span> <span class='ocrx_word' id='word_1_357' title='bbox 938 3006 1057 3076; x_wconf 80' lang='lat' dir='ltr'>quidem,</span> <span class='ocrx_word' id='word_1_358' title='bbox 1078 3008 1149 3060; x_wconf 86' lang='lat' dir='ltr'>Gud.</span> <span class='ocrx_word' id='word_1_359' title='bbox 1167 3026 1288 3079; x_wconf 80' lang='lat' dir='ltr'>sequens</span> 
     </span>
     <span class='ocr_line' id='line_1_37' title="bbox 132 3077 1287 3151; baseline 0.003 -19"><span class='ocrx_word' id='word_1_360' title='bbox 132 3095 180 3145; x_wconf 71' lang='grc' dir='ltr'>εις</span> <span class='ocrx_word' id='word_1_361' title='bbox 199 3080 277 3132; x_wconf 89' lang='lat' dir='ltr'>idem</span> <span class='ocrx_word' id='word_1_362' title='bbox 303 3095 370 3132; x_wconf 83' lang='lat' dir='ltr'>mox</span> <span class='ocrx_word' id='word_1_363' title='bbox 387 3079 475 3151; x_wconf 85' lang='lat' dir='ltr'>habat</span> <span class='ocrx_word' id='word_1_364' title='bbox 491 3097 529 3132; x_wconf 87' lang='lat' dir='ltr'>se</span> <span class='ocrx_word' id='word_1_365' title='bbox 554 3082 618 3150; x_wconf 86' lang='lat' dir='ltr'>(pro</span> <span class='ocrx_word' id='word_1_366' title='bbox 636 3081 696 3146; x_wconf 75' lang='lat' dir='ltr'>sed)</span> <span class='ocrx_word' id='word_1_367' title='bbox 721 3094 789 3143; x_wconf 83' lang='lat' dir='ltr'>esee,</span> <span class='ocrx_word' id='word_1_368' title='bbox 818 3097 891 3145; x_wconf 75' lang='lat' dir='ltr'>unus</span> <span class='ocrx_word' id='word_1_369' title='bbox 910 3077 960 3130; x_wconf 82' lang='lat' dir='ltr'>Ox.</span> <span class='ocrx_word' id='word_1_370' title='bbox 987 3079 1287 3150; x_wconf 32' lang='lat' dir='ltr'>utGud212.-sedse</span> 
     </span>
     <span class='ocr_line' id='line_1_38' title="bbox 132 3147 1287 3219; baseline -0.004 -15"><span class='ocrx_word' id='word_1_371' title='bbox 132 3167 190 3204; x_wconf 81' lang='lat' dir='ltr'>esse</span> <span class='ocrx_word' id='word_1_372' title='bbox 206 3148 253 3219; x_wconf 69' lang='lat' dir='ltr'>pit.</span> <span class='ocrx_word' id='word_1_373' title='bbox 273 3151 308 3203; x_wconf 90' lang='lat' dir='ltr'>ad</span> <span class='ocrx_word' id='word_1_374' title='bbox 324 3159 496 3204; x_wconf 71' lang='lat' dir='ltr'>sententiam</span> <span class='ocrx_word' id='word_1_375' title='bbox 512 3169 539 3204; x_wconf 87' lang='lat' dir='ltr'>v.</span> <span class='ocrx_word' id='word_1_376' title='bbox 550 3152 674 3204; x_wconf 85' lang='lat' dir='ltr'>Jacobsii</span> <span class='ocrx_word' id='word_1_377' title='bbox 684 3150 818 3203; x_wconf 88' lang='lat' dir='ltr'>libellum</span> <span class='ocrx_word' id='word_1_378' title='bbox 837 3151 888 3219; x_wconf 91' lang='lat' dir='ltr'>qui</span> <span class='ocrx_word' id='word_1_379' title='bbox 902 3147 1083 3206; x_wconf 83' lang='lat' dir='ltr'>inscribitur:</span> <span class='ocrx_word' id='word_1_380' title='bbox 1101 3151 1162 3204; x_wconf 89' lang='lat' dir='ltr'>Ub.</span> <span class='ocrx_word' id='word_1_381' title='bbox 1183 3152 1210 3204; x_wconf 90' lang='lat' dir='ltr'>d.</span> <span class='ocrx_word' id='word_1_382' title='bbox 1221 3153 1287 3206; x_wconf 75' lang='lat' dir='ltr'>Er.</span> 
     </span>
     <span class='ocr_line' id='line_1_39' title="bbox 133 3218 1284 3292; baseline 0 -17"><span class='ocrx_word' id='word_1_383' title='bbox 133 3221 270 3276; x_wconf 74' lang='lat' dir='ltr'>ziehun</span> <span class='ocrx_word' id='word_1_384' title='bbox 323 3220 385 3286; x_wconf 79' lang='lat' dir='ltr'>der</span> <span class='ocrx_word' id='word_1_385' title='bbox 410 3221 596 3276; x_wconf 84' lang='lat' dir='ltr'>Griechen</span> <span class='ocrx_word' id='word_1_386' title='bbox 618 3241 642 3274; x_wconf 80' lang='lat' dir='ltr'>z.</span> <span class='ocrx_word' id='word_1_387' title='bbox 670 3218 931 3284; x_wconf 75' lang='lat' dir='ltr'>sittliehte&#39;it,</span> <span class='ocrx_word' id='word_1_388' title='bbox 960 3222 1007 3272; x_wconf 87' lang='lat' dir='ltr'>in:</span> <span class='ocrx_word' id='word_1_389' title='bbox 1034 3221 1236 3292; x_wconf 68' lang='lat' dir='ltr'>Denkscbr.</span> <span class='ocrx_word' id='word_1_390' title='bbox 1257 3223 1284 3277; x_wconf 90' lang='lat' dir='ltr'>d.</span> 
     </span>
     <span class='ocr_line' id='line_1_40' title="bbox 132 3290 1289 3362; baseline 0.002 -17"><span class='ocrx_word' id='word_1_391' title='bbox 132 3290 240 3345; x_wconf 69' lang='lat' dir='ltr'>stad.</span> <span class='ocrx_word' id='word_1_392' title='bbox 288 3329 295 3344; x_wconf 89' lang='lat'>.</span> <span class='ocrx_word' id='word_1_393' title='bbox 320 3293 545 3348; x_wconf 88' lang='lat' dir='ltr'>Wissensch.</span> <span class='ocrx_word' id='word_1_394' title='bbox 573 3311 598 3343; x_wconf 86' lang='lat' dir='ltr'>z.</span> <span class='ocrx_word' id='word_1_395' title='bbox 625 3291 810 3345; x_wconf 86' lang='lat' dir='ltr'>Miinchon.</span> <span class='ocrx_word' id='word_1_396' title='bbox 831 3310 855 3344; x_wconf 81' lang='lat' dir='ltr'>a·</span> <span class='ocrx_word' id='word_1_397' title='bbox 877 3294 954 3348; x_wconf 77' lang='lat'>1808.</span> <span class='ocrx_word' id='word_1_398' title='bbox 980 3295 1046 3361; x_wconf 68' lang='lat' dir='ltr'>p.&#39;3</span> <span class='ocrx_word' id='word_1_399' title='bbox 1064 3311 1105 3362; x_wconf 85' lang='lat' dir='ltr'>sq.</span> <span class='ocrx_word' id='word_1_400' title='bbox 1142 3293 1289 3362; x_wconf 84' lang='lat' dir='ltr'>Equidem</span> 
     </span>
     <span class='ocr_line' id='line_1_41' title="bbox 132 3360 1288 3436; baseline 0.004 -23"><span class='ocrx_word' id='word_1_401' title='bbox 132 3360 163 3418; x_wconf 86' lang='lat' dir='ltr'>b.</span> <span class='ocrx_word' id='word_1_402' title='bbox 182 3363 204 3414; x_wconf 92' lang='lat' dir='ltr'>l.</span> <span class='ocrx_word' id='word_1_403' title='bbox 224 3362 353 3434; x_wconf 81' lang='lat' dir='ltr'>suspicor</span> <span class='ocrx_word' id='word_1_404' title='bbox 370 3365 490 3418; x_wconf 85' lang='lat' dir='ltr'>Graecis</span> <span class='ocrx_word' id='word_1_405' title='bbox 515 3363 611 3417; x_wconf 84' lang='lat' dir='ltr'>literis</span> <span class='ocrx_word' id='word_1_406' title='bbox 636 3364 725 3419; x_wconf 82' lang='lat' dir='ltr'>fuisse</span> <span class='ocrx_word' id='word_1_407' title='bbox 749 3364 892 3433; x_wconf 81' lang='lat' dir='ltr'>scriptum</span> <span class='ocrx_word' id='word_1_408' title='bbox 915 3378 1031 3428; x_wconf 86' lang='lat' dir='ltr'>nomen,</span> <span class='ocrx_word' id='word_1_409' title='bbox 1058 3363 1228 3436; x_wconf 76' lang='grc' dir='ltr'><em>φιλόσοφον,</em></span> <span class='ocrx_word' id='word_1_410' title='bbox 1255 3365 1288 3417; x_wconf 83' lang='lat' dir='ltr'>in</span> 
     </span>
     <span class='ocr_line' id='line_1_42' title="bbox 133 3432 590 3508; baseline 0 -21"><span class='ocrx_word' id='word_1_411' title='bbox 133 3432 248 3508; x_wconf 79' lang='lat' dir='ltr'>origine</span> <span class='ocrx_word' id='word_1_412' title='bbox 267 3436 431 3487; x_wconf 88' lang='lat' dir='ltr'>enarranda.</span> <span class='ocrx_word' id='word_1_413' title='bbox 469 3435 528 3487; x_wconf 84' lang='lat' dir='ltr'>Mr.</span> <span class='ocrx_word' id='word_1_414' title='bbox 589 3486 590 3495; x_wconf 64' lang='grc'>,</span> 
     </span>
     <span class='ocr_line' id='line_1_43' title="bbox 204 3503 1288 3577; baseline 0.002 -20"><span class='ocrx_word' id='word_1_415' title='bbox 204 3505 377 3559; x_wconf 80' lang='lat' dir='ltr'>admiratum</span> <span class='ocrx_word' id='word_1_416' title='bbox 394 3504 524 3560; x_wconf 79' lang='lat' dir='ltr'>Leontem</span> <span class='ocrx_word' id='word_1_417' title='bbox 545 3505 694 3559; x_wconf 80' lang='lat' dir='ltr'>novitatem</span> <span class='ocrx_word' id='word_1_418' title='bbox 719 3503 844 3558; x_wconf 78' lang='lat' dir='ltr'>uomim‘s</span> <span class='ocrx_word' id='word_1_419' title='bbox 869 3503 1070 3574; x_wconf 76' lang='lat' dir='ltr'>quaesisse]</span> <span class='ocrx_word' id='word_1_420' title='bbox 1106 3503 1182 3572; x_wconf 89' lang='lat' dir='ltr'>„Sic</span> <span class='ocrx_word' id='word_1_421' title='bbox 1206 3506 1288 3577; x_wconf 85' lang='lat' dir='ltr'>sequi</span> 
     </span>
     <span class='ocr_line' id='line_1_44' title="bbox 133 3574 1288 3649; baseline 0.003 -22"><span class='ocrx_word' id='word_1_422' title='bbox 133 3574 238 3627; x_wconf 87' lang='lat' dir='ltr'>maluit</span> <span class='ocrx_word' id='word_1_423' title='bbox 254 3577 408 3630; x_wconf 87' lang='lat' dir='ltr'>nonnullos</span> <span class='ocrx_word' id='word_1_424' title='bbox 427 3576 604 3642; x_wconf 84' lang='lat' dir='ltr'>Gebhardus,</span> <span class='ocrx_word' id='word_1_425' title='bbox 631 3594 716 3645; x_wconf 83' lang='lat' dir='ltr'>quam</span> <span class='ocrx_word' id='word_1_426' title='bbox 733 3577 904 3641; x_wconf 78' lang='lat' dir='ltr'>Victoriam,</span> <span class='ocrx_word' id='word_1_427' title='bbox 949 3578 979 3631; x_wconf 89' lang='lat' dir='ltr'>ui</span> <span class='ocrx_word' id='word_1_428' title='bbox 1006 3593 1083 3628; x_wconf 91' lang='lat' dir='ltr'>nunc</span> <span class='ocrx_word' id='word_1_429' title='bbox 1102 3594 1226 3649; x_wconf 90' lang='lat' dir='ltr'>quoque,</span> <span class='ocrx_word' id='word_1_430' title='bbox 1253 3587 1288 3630; x_wconf 88' lang='lat' dir='ltr'>ut</span> 
     </span>
     <span class='ocr_line' id='line_1_45' title="bbox 133 3645 1289 3717; baseline 0.003 -19"><span class='ocrx_word' id='word_1_431' title='bbox 133 3645 241 3700; x_wconf 84' lang='lat' dir='ltr'>duobus</span> <span class='ocrx_word' id='word_1_432' title='bbox 259 3649 386 3702; x_wconf 88' lang='lat' dir='ltr'>versibus</span> <span class='ocrx_word' id='word_1_433' title='bbox 403 3657 483 3714; x_wconf 83' lang='lat' dir='ltr'>ante,</span> <span class='ocrx_word' id='word_1_434' title='bbox 503 3649 643 3717; x_wconf 84' lang='lat' dir='ltr'>expressit</span> <span class='ocrx_word' id='word_1_435' title='bbox 660 3647 834 3716; x_wconf 81' lang='lat' dir='ltr'>quaesivisse.</span> <span class='ocrx_word' id='word_1_436' title='bbox 872 3648 912 3700; x_wconf 83' lang='lat' dir='ltr'>Et</span> <span class='ocrx_word' id='word_1_437' title='bbox 960 3664 993 3700; x_wconf 85' lang='lat' dir='ltr'>oo</span> <span class='ocrx_word' id='word_1_438' title='bbox 1011 3665 1076 3701; x_wconf 88' lang='lat' dir='ltr'>sane</span> <span class='ocrx_word' id='word_1_439' title='bbox 1099 3649 1183 3712; x_wconf 86' lang='lat' dir='ltr'>video</span> <span class='ocrx_word' id='word_1_440' title='bbox 1208 3657 1289 3702; x_wconf 81' lang='lat' dir='ltr'>nota-</span> 
     </span>
     <span class='ocr_line' id='line_1_46' title="bbox 134 3717 1289 3790; baseline 0.001 -22"><span class='ocrx_word' id='word_1_441' title='bbox 134 3718 252 3787; x_wconf 22' lang='lat' dir='ltr'>tum-in</span> <span class='ocrx_word' id='word_1_442' title='bbox 277 3719 432 3772; x_wconf 88' lang='lat' dir='ltr'>collatione</span> <span class='ocrx_word' id='word_1_443' title='bbox 461 3720 521 3772; x_wconf 87' lang='lat' dir='ltr'>cius</span> <span class='ocrx_word' id='word_1_444' title='bbox 546 3717 624 3783; x_wconf 87' lang='lat' dir='ltr'>libri,</span> <span class='ocrx_word' id='word_1_445' title='bbox 652 3735 738 3787; x_wconf 89' lang='lat' dir='ltr'>quem</span> <span class='ocrx_word' id='word_1_446' title='bbox 756 3719 884 3790; x_wconf 81' lang='lat' dir='ltr'>suspicor</span> <span class='ocrx_word' id='word_1_447' title='bbox 905 3736 922 3770; x_wconf 86' lang='lat' dir='ltr'>a</span> <span class='ocrx_word' id='word_1_448' title='bbox 941 3718 1090 3788; x_wconf 83' lang='lat' dir='ltr'>Gebhardo</span> <span class='ocrx_word' id='word_1_449' title='bbox 1117 3721 1289 3772; x_wconf 80' lang='lat' dir='ltr'>Vaticanum</span> 
     </span>
     <span class='ocr_line' id='line_1_47' title="bbox 132 3788 1285 3865; baseline -0.002 -24"><span class='ocrx_word' id='word_1_450' title='bbox 132 3789 286 3843; x_wconf 84' lang='lat' dir='ltr'>nominari.</span> <span class='ocrx_word' id='word_1_451' title='bbox 325 3789 381 3842; x_wconf 86' lang='lat' dir='ltr'>Sed</span> <span class='ocrx_word' id='word_1_452' title='bbox 398 3806 491 3857; x_wconf 87' lang='lat' dir='ltr'>neque</span> <span class='ocrx_word' id='word_1_453' title='bbox 508 3790 578 3842; x_wconf 82' lang='lat' dir='ltr'>haec</span> <span class='ocrx_word' id='word_1_454' title='bbox 596 3792 720 3842; x_wconf 84' lang='lat' dir='ltr'>varietas</span> <span class='ocrx_word' id='word_1_455' title='bbox 739 3799 788 3842; x_wconf 90' lang='lat' dir='ltr'>aut</span> <span class='ocrx_word' id='word_1_456' title='bbox 806 3798 886 3865; x_wconf 79' lang='lat' dir='ltr'>grata</span> <span class='ocrx_word' id='word_1_457' title='bbox 906 3797 956 3842; x_wconf 88' lang='lat' dir='ltr'>aut</span> <span class='ocrx_word' id='word_1_458' title='bbox 971 3788 1148 3842; x_wconf 88' lang='lat' dir='ltr'>credibilis..“</span> <span class='ocrx_word' id='word_1_459' title='bbox 1167 3790 1285 3842; x_wconf 80' lang='lat' dir='ltr'>Gronov.</span> 
     </span>
     <span class='ocr_line' id='line_1_48' title="bbox 133 3858 1287 3934; baseline -0.005 -22"><span class='ocrx_word' id='word_1_460' title='bbox 133 3858 303 3914; x_wconf 83' lang='lat' dir='ltr'>Tenendum</span> <span class='ocrx_word' id='word_1_461' title='bbox 319 3859 349 3911; x_wconf 88' lang='lat' dir='ltr'>h.</span> <span class='ocrx_word' id='word_1_462' title='bbox 369 3858 390 3910; x_wconf 86' lang='lat' dir='ltr'>l.</span> <span class='ocrx_word' id='word_1_463' title='bbox 418 3861 539 3914; x_wconf 86' lang='lat' dir='ltr'>verbum</span> <span class='ocrx_word' id='word_1_464' title='bbox 566 3861 739 3914; x_wconf 81' lang='lat' dir='ltr'>admiratum</span> <span class='ocrx_word' id='word_1_465' title='bbox 766 3861 823 3913; x_wconf 89' lang='lat' dir='ltr'>alio</span> <span class='ocrx_word' id='word_1_466' title='bbox 848 3876 936 3934; x_wconf 79' lang='lat' dir='ltr'>eoque</span> <span class='ocrx_word' id='word_1_467' title='bbox 964 3860 1074 3911; x_wconf 87' lang='lat' dir='ltr'>rariore</span> <span class='ocrx_word' id='word_1_468' title='bbox 1101 3876 1185 3910; x_wconf 87' lang='lat' dir='ltr'>sensu</span> <span class='ocrx_word' id='word_1_469' title='bbox 1207 3858 1287 3927; x_wconf 80' lang='lat' dir='ltr'>poni,</span> 
     </span>
     <span class='ocr_line' id='line_1_49' title="bbox 133 3925 1312 4000; baseline -0.002 -17"><span class='ocrx_word' id='word_1_470' title='bbox 133 3949 221 4000; x_wconf 83' lang='lat' dir='ltr'>quam</span> <span class='ocrx_word' id='word_1_471' title='bbox 238 3931 321 3985; x_wconf 90' lang='lat' dir='ltr'>modo</span> <span class='ocrx_word' id='word_1_472' title='bbox 342 3929 520 3983; x_wconf 72' lang='lat' dir='ltr'>admiratus.</span> <span class='ocrx_word' id='word_1_473' title='bbox 548 3933 592 3983; x_wconf 89' lang='lat' dir='ltr'>Ita</span> <span class='ocrx_word' id='word_1_474' title='bbox 611 3940 707 3984; x_wconf 87' lang='lat' dir='ltr'>tamen</span> <span class='ocrx_word' id='word_1_475' title='bbox 726 3932 812 3984; x_wconf 84' lang='lat' dir='ltr'>etiam</span> <span class='ocrx_word' id='word_1_476' title='bbox 831 3936 872 3984; x_wconf 86' lang='lat' dir='ltr'>est</span> <span class='ocrx_word' id='word_1_477' title='bbox 891 3929 927 3982; x_wconf 89' lang='lat' dir='ltr'>ad</span> <span class='ocrx_word' id='word_1_478' title='bbox 942 3929 1002 3981; x_wconf 82' lang='lat' dir='ltr'>Att.</span> <span class='ocrx_word' id='word_1_479' title='bbox 1023 3929 1086 3980; x_wconf 84' lang='lat' dir='ltr'>vn.</span> <span class='ocrx_word' id='word_1_480' title='bbox 1108 3930 1139 3980; x_wconf 82' lang='lat'>9:</span> <span class='ocrx_word' id='word_1_481' title='bbox 1160 3925 1289 3977; x_wconf 80' lang='lat' dir='ltr'>admira·</span> <span class='ocrx_word' id='word_1_482' title='bbox 1306 3973 1312 3981; x_wconf 86' lang='lat'>.</span> 
     </span>
    </p>
   </div>
   <div class='ocr_carea' id='block_1_6' title="bbox 98 3995 1384 4080">
    <p class='ocr_par' dir='ltr' id='par_1_6' title="bbox 98 3995 1384 4080">
     <span class='ocr_line' id='line_1_50' title="bbox 98 3995 1384 4080; baseline -0.005 -26"><span class='ocrx_word' id='word_1_483' title='bbox 98 4028 100 4033; x_wconf 47' lang='lat'><strong>⁴</strong></span> <span class='ocrx_word' id='word_1_484' title='bbox 133 4007 256 4056; x_wconf 78' lang='lat' dir='ltr'>tussam</span> <span class='ocrx_word' id='word_1_485' title='bbox 273 4002 438 4057; x_wconf 77' lang='lat' dir='ltr'>brevitatem</span> <span class='ocrx_word' id='word_1_486' title='bbox 455 4001 591 4066; x_wconf 78' lang='lat' dir='ltr'>epistolae</span> <span class='ocrx_word' id='word_1_487' title='bbox 610 4007 682 4054; x_wconf 82' lang='lat' dir='ltr'>tuoe.</span> <span class='ocrx_word' id='word_1_488' title='bbox 720 4003 806 4054; x_wconf 85' lang='lat' dir='ltr'>Plura</span> <span class='ocrx_word' id='word_1_489' title='bbox 825 3997 891 4051; x_wconf 87' lang='lat' dir='ltr'>vide</span> <span class='ocrx_word' id='word_1_490' title='bbox 909 3997 985 4067; x_wconf 87' lang='lat' dir='ltr'>apud</span> <span class='ocrx_word' id='word_1_491' title='bbox 999 3996 1102 4051; x_wconf 85' lang='lat' dir='ltr'>Ochsn.</span> <span class='ocrx_word' id='word_1_492' title='bbox 1122 3996 1153 4047; x_wconf 89' lang='lat' dir='ltr'>in</span> <span class='ocrx_word' id='word_1_493' title='bbox 1162 3995 1285 4080; x_wconf 68' lang='lat' dir='ltr'>Estogg..</span> <span class='ocrx_word' id='word_1_494' title='bbox 1377 4007 1384 4016; x_wconf 50' lang='lat'>⁸</span> 
     </span>
    </p>
   </div>
   <div class='ocr_carea' id='block_1_7' title="bbox 133 4064 1287 4143">
    <p class='ocr_par' dir='ltr' id='par_1_7' title="bbox 133 4064 1287 4143">
     <span class='ocr_line' id='line_1_51' title="bbox 133 4064 1287 4143; baseline -0.008 -18"><span class='ocrx_word' id='word_1_495' title='bbox 133 4070 195 4125; x_wconf 86' lang='lat' dir='ltr'>Cic.</span> <span class='ocrx_word' id='word_1_496' title='bbox 219 4091 248 4143; x_wconf 86' lang='lat' dir='ltr'>p.</span> <span class='ocrx_word' id='word_1_497' title='bbox 269 4075 304 4129; x_wconf 71' lang='lat'>&#39;24</span> <span class='ocrx_word' id='word_1_498' title='bbox 321 4092 364 4143; x_wconf 88' lang='lat' dir='ltr'>sq.</span> <span class='ocrx_word' id='word_1_499' title='bbox 394 4074 436 4126; x_wconf 91' lang='lat' dir='ltr'>ed.</span> <span class='ocrx_word' id='word_1_500' title='bbox 456 4075 482 4126; x_wconf 80' lang='lat'>3.</span> <span class='ocrx_word' id='word_1_501' title='bbox 510 4073 562 4141; x_wconf 86' lang='lat' dir='ltr'>qui</span> <span class='ocrx_word' id='word_1_502' title='bbox 589 4078 720 4124; x_wconf 86' lang='lat' dir='ltr'>nostrum</span> <span class='ocrx_word' id='word_1_503' title='bbox 746 4071 927 4141; x_wconf 84' lang='lat' dir='ltr'>potissimum</span> <span class='ocrx_word' id='word_1_504' title='bbox 953 4067 1051 4118; x_wconf 90' lang='lat' dir='ltr'>locum</span> <span class='ocrx_word' id='word_1_505' title='bbox 1074 4065 1101 4116; x_wconf 88' lang='lat' dir='ltr'>ei</span> <span class='ocrx_word' id='word_1_506' title='bbox 1124 4064 1287 4121; x_wconf 81' lang='lat' dir='ltr'>discrimmi</span> 
     </span>
    </p>
   </div>
   <div class='ocr_carea' id='block_1_8' title="bbox 132 4133 1374 4287">
    <p class='ocr_par' dir='ltr' id='par_1_8' title="bbox 132 4133 1374 4287">
     <span class='ocr_line' id='line_1_52' title="bbox 132 4133 1374 4266; baseline -0.007 -69"><span class='ocrx_word' id='word_1_507' title='bbox 132 4145 301 4214; x_wconf 81' lang='lat' dir='ltr'>exponendo</span> <span class='ocrx_word' id='word_1_508' title='bbox 320 4143 457 4198; x_wconf 82' lang='lat' dir='ltr'>adhibuit.</span> <span class='ocrx_word' id='word_1_509' title='bbox 478 4143 558 4196; x_wconf 87' lang='lat' dir='ltr'>Conf.</span> <span class='ocrx_word' id='word_1_510' title='bbox 581 4143 702 4194; x_wconf 89' lang='lat' dir='ltr'>eundem</span> <span class='ocrx_word' id='word_1_511' title='bbox 722 4140 759 4193; x_wconf 71' lang='lat' dir='ltr'>ib.</span> <span class='ocrx_word' id='word_1_512' title='bbox 778 4160 806 4210; x_wconf 90' lang='lat' dir='ltr'>p.</span> <span class='ocrx_word' id='word_1_513' title='bbox 820 4142 887 4219; x_wconf 37' lang='lat'>141..</span> <span class='ocrx_word' id='word_1_514' title='bbox 899 4134 1086 4189; x_wconf 82' lang='lat' dir='ltr'>etMenkenii</span> <span class='ocrx_word' id='word_1_515' title='bbox 1105 4133 1182 4220; x_wconf 76' lang='lat' dir='ltr'>Obss.</span> <span class='ocrx_word' id='word_1_516' title='bbox 1194 4138 1286 4266; x_wconf 54' lang='grc' dir='ltr'>Ηυξ,</span> <span class='ocrx_word' id='word_1_517' title='bbox 1365 4191 1374 4202; x_wconf 59' lang='grc'><strong>,</strong></span> 
     </span>
     <span class='ocr_line' id='line_1_53' title="bbox 132 4209 1286 4287; baseline -0.01 -13"><span class='ocrx_word' id='word_1_518' title='bbox 132 4216 195 4269; x_wconf 73' lang='lat' dir='ltr'>Lat·</span> <span class='ocrx_word' id='word_1_519' title='bbox 215 4234 244 4287; x_wconf 73' lang='lat' dir='ltr'>p.</span> <span class='ocrx_word' id='word_1_520' title='bbox 264 4219 298 4272; x_wconf 73' lang='lat'>20</span> <span class='ocrx_word' id='word_1_521' title='bbox 317 4233 378 4286; x_wconf 85' lang='lat' dir='ltr'>sqq.</span> <span class='ocrx_word' id='word_1_522' title='bbox 393 4216 482 4270; x_wconf 82' lang='lat' dir='ltr'>Verb.</span> <span class='ocrx_word' id='word_1_523' title='bbox 503 4232 538 4267; x_wconf 82' lang='lat' dir='ltr'>ex</span> <span class='ocrx_word' id='word_1_524' title='bbox 548 4211 605 4266; x_wconf 86' lang='lat' dir='ltr'>MS.</span> <span class='ocrx_word' id='word_1_525' title='bbox 626 4211 723 4263; x_wconf 88' lang='lat' dir='ltr'>nescio</span> <span class='ocrx_word' id='word_1_526' title='bbox 742 4210 1001 4280; x_wconf 81' lang='lat' dir='ltr'>quoudmeroutem</span> <span class='ocrx_word' id='word_1_527' title='bbox 1016 4214 1153 4260; x_wconf 71' lang='lat' dir='ltr'>enotavit.</span> <span class='ocrx_word' id='word_1_528' title='bbox 1174 4209 1248 4263; x_wconf 84' lang='lat' dir='ltr'>Gud.</span> <span class='ocrx_word' id='word_1_529' title='bbox 1278 4246 1286 4262; x_wconf 85' lang='lat'>.</span> 
     </span>
    </p>
   </div>
   <div class='ocr_carea' id='block_1_9' title="bbox 131 4277 1390 4354">
    <p class='ocr_par' dir='ltr' id='par_1_9' title="bbox 131 4277 1390 4354">
     <span class='ocr_line' id='line_1_54' title="bbox 131 4277 1390 4354; baseline -0.006 -14"><span class='ocrx_word' id='word_1_530' title='bbox 131 4286 219 4340; x_wconf 84' lang='lat' dir='ltr'>habet</span> <span class='ocrx_word' id='word_1_531' title='bbox 237 4288 409 4342; x_wconf 75' lang='lat' dir='ltr'>admiratum</span> <span class='ocrx_word' id='word_1_532' title='bbox 427 4292 541 4342; x_wconf 85' lang='lat' dir='ltr'>autem</span> <span class='ocrx_word' id='word_1_533' title='bbox 559 4283 697 4336; x_wconf 74' lang='lat' dir='ltr'>Leontem.</span> <span class='ocrx_word' id='word_1_534' title='bbox 736 4281 859 4354; x_wconf 75' lang='lat' dir='ltr'>Legitur</span> <span class='ocrx_word' id='word_1_535' title='bbox 876 4277 998 4332; x_wconf 74' lang='lat' dir='ltr'>novitate</span> <span class='ocrx_word' id='word_1_536' title='bbox 1016 4293 1070 4350; x_wconf 85' lang='lat' dir='ltr'>pro</span> <span class='ocrx_word' id='word_1_537' title='bbox 1088 4280 1238 4335; x_wconf 81' lang='lat' dir='ltr'>nouitatem</span> <span class='ocrx_word' id='word_1_538' title='bbox 1257 4281 1290 4333; x_wconf 90' lang='lat' dir='ltr'>in</span> <span class='ocrx_word' id='word_1_539' title='bbox 1381 4320 1390 4338; x_wconf 85' lang='lat'>.</span> 
     </span>
    </p>
   </div>
   <div class='ocr_carea' id='block_1_10' title="bbox 131 4347 1287 4522">
    <p class='ocr_par' dir='ltr' id='par_1_10' title="bbox 131 4347 1287 4522">
     <span class='ocr_line' id='line_1_55' title="bbox 131 4347 1287 4424; baseline -0.01 -9"><span class='ocrx_word' id='word_1_540' title='bbox 131 4357 205 4415; x_wconf 74' lang='lat' dir='ltr'>Edu.</span> <span class='ocrx_word' id='word_1_541' title='bbox 231 4356 261 4415; x_wconf 82' lang='lat' dir='ltr'>P.</span> <span class='ocrx_word' id='word_1_542' title='bbox 287 4359 321 4413; x_wconf 85' lang='lat' dir='ltr'>A.</span> <span class='ocrx_word' id='word_1_543' title='bbox 344 4361 375 4416; x_wconf 88' lang='lat' dir='ltr'>B.</span> <span class='ocrx_word' id='word_1_544' title='bbox 401 4358 485 4419; x_wconf 70' lang='grc'><strong>8.,0.</strong></span> <span class='ocrx_word' id='word_1_545' title='bbox 514 4358 546 4410; x_wconf 89' lang='lat' dir='ltr'>V.</span> <span class='ocrx_word' id='word_1_546' title='bbox 575 4357 646 4408; x_wconf 87' lang='lat' dir='ltr'>Ven.</span> <span class='ocrx_word' id='word_1_547' title='bbox 674 4359 762 4406; x_wconf 87' lang='lat' dir='ltr'>nostr.</span> <span class='ocrx_word' id='word_1_548' title='bbox 787 4353 868 4405; x_wconf 85' lang='lat' dir='ltr'>Junt.</span> <span class='ocrx_word' id='word_1_549' title='bbox 898 4347 961 4403; x_wconf 80' lang='lat' dir='ltr'>Asc.</span> <span class='ocrx_word' id='word_1_550' title='bbox 988 4355 1012 4406; x_wconf 89' lang='lat'>1.</span> <span class='ocrx_word' id='word_1_551' title='bbox 1039 4352 1064 4406; x_wconf 73' lang='lat'>2.</span> <span class='ocrx_word' id='word_1_552' title='bbox 1090 4352 1158 4406; x_wconf 89' lang='lat' dir='ltr'>Rob.</span> <span class='ocrx_word' id='word_1_553' title='bbox 1187 4350 1287 4424; x_wconf 75' lang='lat' dir='ltr'>steph.</span> 
     </span>
     <span class='ocr_line' id='line_1_56' title="bbox 1008 4454 1128 4522; baseline -0.008 0"><span class='ocrx_word' id='word_1_554' title='bbox 1008 4459 1053 4522; x_wconf 73' lang='lat'>2*</span> <span class='ocrx_word' id='word_1_555' title='bbox 1125 4454 1128 4463; x_wconf 48' lang='grc'>’</span> 
     </span>
    </p>
   </div>
   <div class='ocr_carea' id='block_1_11' title="bbox 0 0 1432 5084">
    <p class='ocr_par' dir='ltr' id='par_1_11' title="bbox 0 0 1432 5084">
     <span class='ocr_line' id='line_1_57' title="bbox 0 0 1432 5084; baseline 0 0"><span class='ocrx_word' id='word_1_556' title='bbox 0 0 1432 5084; x_wconf 95' lang='lat' dir='ltr'> </span> 
     </span>
    </p>
   </div>
  </div>
 </body>
</html>
