2856 5084
363 247 715 316 susansmonns
736 248 797 313 sn
818 247 992 319 aaron
1014 244 1058 316 ν’.
1225 247 1291 314 ses
1320 196 1335 218 ’

136 415 241 466 merito
258 413 416 482 videretur,
441 423 475 469 tu
496 415 654 490 confugisti
678 414 711 467 ad
733 413 959 482 Hellenismum3
987 430 1044 485 quo
1065 428 1225 484 pronomen
1243 426 1291 475 eo·

136 485 201 538 dem
229 503 294 537 casu
319 485 418 539 efferri
443 488 517 540 solet
538 506 571 540 ac
595 502 700 538 nornen
725 485 902 538 antecedens.
940 485 996 539 Sed
1020 485 1080 538 acri
1107 493 1136 537 et
1152 484 1291 558 castigato

135 555 244 609 iudicio
267 556 317 608 hic
341 565 383 609 est
407 574 485 627 opus.
532 557 667 623 Quamvis
699 557 778 609 enim
802 557 985 610 verissimum
1010 557 1048 610 sit
1074 554 1149 607 hanc
1176 553 1291 609 dicendi

134 626 288 678 formulam
315 629 390 697 apud
413 629 530 680 Latinos
558 628 722 691 obtinuisse,
756 635 789 678 ut
815 644 867 681 nos
893 627 1025 697 pluribus
1054 626 1227 678 ostendimus
1256 623 1291 677 ad

135 696 210 748 illud
228 697 326 749 Flacci
345 699 475 755 sermon.
496 701 520 762 l,
535 703 560 754 6.
579 701 673 754 vstid.
697 697 806 762 Iudice,
827 716 876 770 quo
895 697 980 764 nosti,
997 697 1114 768 populc;
1133 695 1181 748 ubi
1199 696 1290 771 vulgo

134 768 231 818 fertur
257 785 337 836 quern
361 770 454 821 nosti.-
485 770 559 822 illud
585 779 681 823 tamen
706 770 912 821 observandum
932 777 983 833 est,
1018 769 1057 834 [v.
1077 768 1191 841 Kriiger
1208 768 1243 818 V.
1262 766 1290 818 d.

133 839 256 889 Attract.
278 858 305 907 p.
325 842 387 894 262.
410 841 482 906 Mr.]
512 841 647 893 duntaxat
672 840 728 893 hoc
746 840 811 892 fieri
834 840 952 893 solitum
977 839 1008 890 in
1034 837 1130 892 verbis
1149 854 1214 889 usus
1232 839 1292 890 fre·

134 909 305 975 quentioris,
337 911 429 978 iisque
456 914 519 963 fere
546 921 595 963 aut
613 911 724 981 primae
743 919 792 962 aut
820 911 957 964 secundae
975 925 1128 979 personae3
1161 923 1291 977 quaeque

134 977 175 1029 ibi
198 979 258 1031 loci
283 981 488 1050 deponentium
524 1000 572 1033 seu
598 982 849 1034 intransitivorum
875 990 1008 1034 naturam
1033 980 1145 1032 babent.
1166 998 1169 1003 ·
1189 978 1238 1033 sie
1260 979 1292 1030 in

134 1049 266 1101 omnibus
285 1053 426 1122 exemplis
452 1062 480 1104 et
505 1053 563 1104 tuis
590 1062 619 1105 et
642 1053 723 1116 meis,
750 1052 858 1117 Iudice,
891 1070 944 1122 qno
972 1051 1064 1118 nosti,
1089 1051 1207 1114 Caussa,
1236 1063 1291 1119 qua

134 1118 214 1182 dici3
233 1122 347 1186 Eorum,
367 1140 482 1190 quorum
499 1124 638 1176 consuesti
645 1141 654 1188 3
679 1124 745 1188 Illo,
770 1139 821 1189 quo
839 1126 928 1187 reris3
948 1121 1043 1188 Libro,
1063 1139 1114 1192 quo
1134 1121 1212 1185 diei,·
1238 1120 1292 1174 tlo-

134 1191 252 1256 toritas,
272 1193 369 1260 quibes
388 1194 702 1259 dixisti31lationibus,
731 1193 829 1260 quitus
848 1192 1099 1264 praescripsimus,
1132 1191 1214 1256 Loco,
1240 1207 1291 1260 quo

132 1264 361 1327 commemoraai;
389 1265 518 1330 Ratione,
545 1281 597 1331 qua
625 1265 702 1328 diri3
730 1266 789 1318 Ista
813 1264 855 1318 sis
884 1266 1032 1334 aequitate,
1064 1279 1119 1333 que
1148 1263 1291 1329 ostendis3

134 1331 273 1396 Auguria,
294 1351 345 1401 qno
366 1334 503 1400 dicimus,
522 1336 648 1401 Numeri,
668 1334 749 1389 cuins
769 1336 907 1400 diximus,
932 1335 1040 1403 Spatia,
1059 1340 1159 1401 quanto
1176 1333 1293 1404 patiun-

134 1409 197 1465 tur3
216 1403 371 1469 Militibus,
392 1406 503 1474 quantis
518 1409 621 1474 potuit.
650 1407 761 1458 Horum
781 1407 981 1476 exemplorum
993 1408 1119 1475 speciem
1137 1405 1162 1456 si
1180 1412 1291 1459 attente

133 1473 310 1539 consideres3
339 1477 486 1550 intelliges
511 1479 641 1547 profecto
667 1477 880 1530 Hellenismum
905 1476 984 1528 hunc
1008 1493 1067 1530 non
1090 1492 1171 1546 posse
1198 1474 1292 1544 aptari

134 1542 194 1607 isti,
226 1545 259 1597 de
279 1563 368 1615 quoa
391 1549 474 1612 imus,
498 1547 576 1601 loco:
607 1548 657 1599 ubi
680 1547 758 1600 nihil
782 1557 825 1602 est
849 1547 978 1613 illarum,
1010 1565 1132 1617 quarum
1155 1546 1291 1614 diximus,

133 1615 340 1669 conditionum.
406 1634 439 1671 oc
467 1619 546 1670 enim
570 1619 593 1671 si
620 1618 726 1688 ubique
757 1619 871 1682 liceret,
905 1619 995 1671 omnis
1022 1618 1120 1670 Latini
1149 1616 1291 1670 sermonis

133 1686 208 1737 ratio
227 1694 256 1738 et
281 1688 410 1762 analogia
433 1689 518 1758 plane
539 1698 766 1759 perverteretur.
804 1686 878 1757 Quid
896 1706 965 1763 ergo
984 1689 1053 1742 fiet?
1085 1695 1134 1740 aut
1153 1704 1209 1757 quo
1227 1694 1291 1739 tan-

133 1754 200 1807 dem
218 1766 301 1826 pacto
319 1759 369 1811 hic
387 1760 476 1811 nodus
495 1760 643 1813 solvetur?
680 1760 713 1813 Id
730 1777 800 1813 vero
821 1760 902 1812 nullo
920 1760 1053 1834 negotio:
1082 1760 1191 1829 quippe
1209 1775 1291 1811 men·

133 1825 232 1877 dosum
251 1836 293 1878 est
311 1829 385 1882 illud
404 1830 615 1898 complectitur3
641 1832 717 1901 quod
736 1831 777 1883 sic
797 1831 1018 1884 emendandum:
1041 1829 1089 1885 An
1108 1830 1220 1882 dubium
1239 1833 1289 1893 est,

85 1907 88 1918 ’
133 1895 200 1964 puin
219 1897 290 1951 altit
311 1899 350 1950 sit
368 1900 522 1953 labendum
545 1903 575 1954 in
600 1919 631 1954 eo
649 1918 759 1968 genere,
786 1918 849 1969 quo
874 1901 933 1955 aila
957 1902 1040 1954 beata
1065 1899 1290 1969 completur?

133 1967 206 2043 Quid
225 1987 302 2022 nunc
320 1971 454 2023 videtur?
482 1989 555 2024 nova
573 1972 634 2037 lux,
654 1973 767 2041 opinor,
793 1971 932 2035 exoritur.
969 1971 1013 2023 Ita
1037 1979 1135 2023 noster
1152 1970 1210 2023 hoc
1228 1970 1290 2039 ipso

131 2036 208 2090 libro
233 2058 293 2110 cap.
315 2045 357 2096 16.
395 2042 499 2095 Dicunt
526 2042 570 2097 illi
597 2044 721 2111 quidem.-
752 2044 802 2094 sed
827 2040 872 2095 lis
901 2041 1014 2094 vitam
1039 2040 1177 2094 beatam
1201 2056 1291 2094 com-

130 2110 229 2177 pleri
246 2119 359 2178 negant.
397 2114 439 2165 De
458 2115 576 2165 Finibus
595 2114 648 2178 111,
670 2117 711 2168 13.
742 2113 795 2164 Illi
812 2112 884 2166 enim
902 2113 1030 2179 corporis
1048 2111 1195 2165 commodis
1213 2127 1291 2163 com·

130 2179 208 2250 pleri
235 2182 326 2234 vitam
352 2182 461 2235 beatam
480 2193 592 2254 putant,
619 2186 711 2237 nostri
729 2181 803 2238 nittt
819 2183 919 2236 mimis.
957 2183 1067 2235 Ibidem
1085 2182 1134 2248 lV,
1154 2185 1197 2238 20.
1235 2181 1291 2235 Ne·

131 2250 211 2318 galis
230 2253 320 2304 vitam
338 2254 448 2306 beatam
467 2272 535 2320 esse,
562 2272 631 2324 quae
650 2255 763 2325 expleta
782 2255 820 2307 sil
843 2255 969 2309 omnibus
987 2253 1076 2318 rebus,
1102 2269 1168 2320 qaas
1186 2260 1291 2306 natura

132 2321 280 2387 desideret,
301 2333 331 2377 et
349 2325 382 2388 V,
404 2329 444 2380 13.
482 2326 526 2379 Ea
544 2328 617 2380 enim
634 2327 694 2378 vita
713 2325 864 2394 expetitur,
891 2324 1018 2395 quaesit
1042 2323 1132 2377 animi
1149 2324 1291 2393 corporis-

132 2407 181 2459 que
200 2394 312 2462 expleta
331 2395 489 2448 virtutibus.

204 2463 271 2534 cap.
293 2469 333 2520 16.
377 2467 430 2520 Vir
449 2467 543 2534 igitur
561 2475 744 2537 temperatus,
763 2473 904 2532 constans,
931 2464 995 2519 sine
1012 2471 1093 2527 melu,
1112 2465 1172 2519 eine
1190 2460 1291 2533 aegri-

132 2533 237 2597 tudine,
265 2537 326 2588 sine
350 2538 500 2591 alacritate
519 2539 588 2605 ulla,
614 2542 675 2592 sine
694 2539 821 2602 libidine,
843 2553 932 2592 noane
948 2537 1084 2603 leatust]
1122 2536 1167 2589 lta
1192 2552 1290 2590 omnes
1336 2531 1346 2546 '

133 2607 272 2659 editiones
291 2608 469 2677 codicesque,
489 2609 540 2679 qui
557 2610 643 2663 hodie
662 2617 832 2679 supersunt;
859 2609 1019 2679 quinetiam
1039 2615 1067 2659 et
1086 2607 1198 2660 Nonius
1216 2610 1291 2664 Mar.-

133 2676 233 2741 cellus,
263 2677 293 2728 in
312 2696 339 2734 v.
360 2680 518 2745 Alacritas,
548 2682 571 2732 si
590 2680 747 2733 editoribus
765 2681 844 2732 fides.
880 2681 1096 2744 Verumtamen,
1131 2686 1180 2730 aut
1203 2678 1290 2748 plane

117 2749 214 2818 ¹nullo
233 2766 294 2799 sum
313 2750 429 2815 iudicia,
454 2760 503 2803 aut
529 2750 618 2804 lectio
637 2751 708 2802 haec
726 2770 743 2803 a
761 2751 836 2803 mala
853 2769 940 2802 rnanu
964 2757 1014 2814 est,
1042 2757 1071 2800 et
1091 2749 1226 2802 Ciceroni
1245 2751 1290 2801 in-

131 2817 262 2872 ficianda.
302 2820 441 2884 Quorsum
461 2822 539 2873 enim
558 2822 621 2874 siue
644 2822 719 2874 ulla
745 2821 914 2874 alacritate?
951 2820 1024 2885 Quid
1042 2820 1096 2871 sibi
1114 2821 1290 2872 commeruit

132 2890 281 2955 alacritas,
300 2898 342 2955 ut,
362 2908 428 2942 cum
448 2901 542 2944 cetera
561 2893 613 2945 illa
630 2899 727 2959 metus,
755 2893 915 2960 aegritudo,
940 2890 1028 2944 libido
1056 2889 1139 2942 nullo
1159 2889 1289 2959 epitheto

130 2959 181 3012 bic
200 2953 382 3027 damnentur,
402 2963 461 3032 ipsa
479 2964 559 3032 quasi
578 2965 707 3015 omnium
726 2965 885 3029 teterrima,
905 2979 941 3014 ne
960 2962 1020 3014 nlla
1039 2961 1157 3030 quidem
1175 2962 1206 3010 in
1224 2961 1288 3013 viro

132 3040 280 3084 constante
304 3051 361 3085 esse
388 3034 503 3086 debeat?
533 3052 568 3085 an
586 3033 661 3085 hauc
679 3034 771 3086 tribus
790 3035 852 3086 illis
876 3034 1005 3104 peiorem
1029 3049 1087 3084 esse
1113 3031 1291 3084 credendum

132 3105 193 3154 est?
228 3102 318 3171 Atqui
337 3112 450 3155 tantum
469 3105 553 3169 abest,
580 3113 614 3156 ut
631 3105 714 3175 peior
732 3105 786 3170 sit,
813 3112 846 3156 ut
864 3105 925 3175 ipsa
943 3120 998 3173 per
1016 3120 1045 3155 se
1070 3102 1143 3168 (nisi
1172 3102 1292 3155 modum

131 3175 209 3227 forte
228 3175 391 3238 excesserit)
417 3175 555 3227 laudanda
579 3176 616 3226 sit
635 3185 720 3244 atque
739 3175 869 3246 optanda.
908 3176 952 3228 Ita
974 3191 1061 3244 saepe
1075 3175 1180 3226 Noster
1198 3174 1229 3225 in
1249 3190 1289 3240 ss,

131 3244 163 3295 in
182 3245 290 3309 amicis,
311 3246 341 3296 in
359 3254 420 3298 toto
440 3246 547 3298 Senatu
565 3247 740 3299 alacritatem
757 3246 912 3317 praedicat·
945 3243 987 3297 Ac
1005 3246 1137 3314 profecto
1156 3244 1208 3312 qui
1228 3245 1290 3296 sinc

132 3315 192 3368 ulla
210 3316 364 3369 alacritate
382 3325 434 3381 est,
462 3318 538 3369 idem
557 3318 595 3368 sit
623 3318 710 3383 iners,
738 3317 879 3387 torpidus,
906 3316 1010 3388 segnis,
1039 3316 1049 3366 i
1071 3333 1168 3379 navus,
1194 3332 1290 3389 aeger,

131 3394 264 3452 maestus,
292 3388 380 3440 miser
403 3389 526 3457 denique
546 3405 659 3441 necesse
684 3397 734 3442 est.
773 3388 847 3453 Quid
866 3387 898 3441 er
919 3390 954 3438 οἳ
990 3394 1024 3437 tu
1051 3335 1127 3437 illud
1153 3385 1231 3438 utta
1258 3386 1291 3438 in

131 3457 235 3509 rnalam
255 3475 315 3509 rem
336 3459 378 3510 ire
399 3459 474 3522 iube,
495 3467 526 3512 et
544 3459 692 3532 legemco
717 3458 860 3528 periculo,
911 3457 1056 3521 inamata,
1083 3455 1143 3509 sine
1161 3458 1290 3523 aegritu-

131 3527 207 3593 dine,
235 3528 296 3581 sine
324 3531 471 3582 alacritate
490 3529 610 3596 futili,
637 3531 697 3582 sine
716 3528 842 3585 libidine.
881 3529 1029 3581 Nimirum
1048 3545 1114 3580 curn
1132 3526 1291 3579 secundum

133 3598 242 3652 Stoicos
261 3601 512 3668 perturbationum
531 3609 626 3669 partes
646 3601 704 3652 sint
723 3608 856 3670 quatuor,
884 3597 1044 3666 aegritudo,
1068 3602 1164 3661 metus,
1190 3597 1289 3664 libido,

132 3669 243 3721 laetitia
261 3670 318 3722 siae
336 3671 486 3736 alacritas3
506 3670 582 3722 hanc
599 3671 745 3736 ultimam,
765 3671 833 3741 quia
850 3687 933 3723 voces
952 3670 1020 3722 illae
1039 3687 1093 3738 per
1107 3687 1135 3722 se
1154 3668 1303 3723 honestae·

132 3746 208 3805 sunt,
237 3748 265 3791 et
292 3742 403 3810 saepius
429 3743 461 3793 in
485 3742 567 3794 laude
587 3760 672 3811 quam
693 3743 731 3793 'in
748 3742 822 3794 vitio
840 3749 997 3810 ponuntur,
1024 3757 1139 3810 semper
1158 3741 1289 3809 epitheto

132 3811 230 3878 aliquo
250 3810 428 3875 dehonestat,
457 3829 513 3880 quo
537 3813 703 3866 ostendatur
727 3830 789 3865 eam
813 3821 862 3883 aut
883 3813 955 3866 fines
980 3827 1043 3863 suos
1065 3810 1212 3874 excedere,
1239 3819 1289 3863 aut

132 3881 208 3932 mala
226 3881 260 3932 de
279 3883 475 3935 caussa-oriri.
514 3882 562 3935 Sic
580 3883 663 3936 Tusa.
683 3885 732 3948 IV,
751 3886 779 3938 t.
816 3884 942 3948 Restant,
962 3882 1069 3950 inquit,
1090 3883 1161 3933 duae
1176 3887 1289 3947 pertur-

132 3953 266 4017 bationes,
294 3952 446 4005 laetitia
470 3956 637 4020 gestiens
661 3962 687 4008 et
713 3953 807 4007 libido.
845 3953 893 4006 Sic
913 3970 937 4004 c.
958 3953 984 4005 6.
1022 3949 1146 4022 Laetitia
1163 3953 1288 4017 gestiens

133 4024 179 4076 uel
197 4026 292 4076 nimia.
315 4041 338 4075 c.
360 4029 384 4079 7.
404 4023 526 4089 Profasa
544 4022 683 4080 hilaritas.
722 4043 747 4080 c.
766 4028 809 4080 16.
828 4024 927 4077 Inanis
944 4022 1092 4075 alacritas.
1120 4039 1144 4074 c.
1164 4025 1208 4077 33.
1230 4023 1289 4076 Ea·

134 4097 245 4146 saltans
268 4097 446 4163 gestiensque
470 4095 594 4148 laetitia.
631 4098 679 4161 lV,
703 4098 744 4150 14.
773 4095 900 4147 insolens
923 4093 1073 4148 alacritas.
1115 4094 1155 4144 Le
1179 4110 1193 4145 e
1219 4109 1250 4145 er

133 4164 258 4216 hicnon
278 4167 345 4219 adeo
365 4183 467 4238 magna
487 4166 655 4231 mutatione,
682 4166 750 4220 Sine
768 4167 922 4219 alacritate
943 4162 1064 4229 futili:
1092 4170 1125 4215 ut
1176 4110 1289 4233 usnb'e'

134 4238 160 4290 6.
184 4237 312 4300 futiles
338 4235 465 4289 laetitiae
490 4242 515 4287 et
540 4236 718 4293 exsultantes.
756 4240 804 4302 lV,
825 4240 868 4290 17.
893 4233 950 4288 Nec
967 4234 1098 4287 sitienter
1121 4235 1189 4302 quid
1207 4251 1288 4302 expe-

134 4313 194 4358 tens
212 4308 313 4360 ardeat
333 4309 484 4373 desiderio,
504 4322 553 4358 nec
572 4308 775 4361 alacritate
792 4305 902 4373 futili
926 4306 1052 4373 gestiens
1070 4305 1250 4374 deliquescat.

206 4377 271 4448 Cap.
292 4384 333 4436 17.
373 4381 431 4435 Quo
450 4382 511 4432 loco
531 4393 646 4447 quaero,
676 4394 756 4450 quam
780 4378 838 4433 uim
860 4375 960 4432 babeat
983 4377 1057 4431 libra
1081 4376 1136 4430 illa
1155 4375 1287 4443 Critolai,
