2856 5084
205 281 268 349 276
444 341 447 347 ,
557 273 772 340 mensum
799 273 1009 339 BENTLEII

206 451 320 569 aarum
338 437 448 512 quidem
465 441 548 495 iaus
565 440 650 494 ducta
667 442 703 495 ab
720 438 822 497 bamili
838 439 916 496 uenit
933 441 973 494 ad
989 454 1128 494 summum.
1166 440 1245 516 Lege
1263 447 1293 495 et
1310 439 1361 494 hic

231 511 355 570 rotaria.
751 519 759 533 ·
1177 534 1181 539 ·

276 581 296 620 ‘¹‘
312 585 380 653 Gap.
399 585 426 637 4.
471 581 654 650 Aristoteles,
686 581 733 636 eir
748 598 869 637 summo
896 579 1021 650 ingenio,
1053 580 1233 636 scientiae
1260 582 1361 652 copia]

204 656 266 709 Hoc
283 655 414 708 scabrum
432 661 484 718 est,
512 671 567 706 nec
589 654 773 707 ciceroniani
797 654 896 708 moris.
933 653 1088 706 Lambinus
1105 653 1218 707 Samma
1243 655 1362 722 ingenio

205 725 377 791 scientia,
400 723 489 792 copia.
525 725 619 791 Bene,
650 725 699 778 sed
722 733 756 776 tu
773 725 866 777 adhuc
883 725 988 789 melius
1013 721 1135 777 scientia
1158 731 1184 778 et
1208 725 1299 793 copia.
1335 727 1361 778 Ε

204 797 283 852 enim
299 796 396 860 litera,
417 812 490 864 quae
507 796 613 848 ultima
631 795 835 862 estScientiae,
854 796 886 846 in
897 793 975 848 uss.
987 812 1069 864 saepe
1087 802 1168 847 notat
1180 796 1361 849 coniunctio·

203 884 271 920 nem
287 868 332 920 lit.
369 867 475 919 Noster
501 866 533 917 in
556 864 676 919 Oratore
700 883 762 936 cap.
782 872 813 922 1:
845 865 904 918 Nee
925 865 985 933 ipse
1002 864 1174 920 Aristoteles
1201 866 1297 920 admi
1303 881 1361 919 ra-

203 937 276 992 bili
293 939 440 1007 quadam
458 935 617 989 scientia
639 942 673 989 et
691 936 797 1005 copia
823 943 976 990 ceterorum
995 936 1091 990 studia
1108 937 1271 1011 restinxit..

214 1069 217 1074 .
272 1025 376 1080 Dicere
401 1024 485 1080 etiam
507 1027 606 1093 coep-it,
631 1025 817 1079 adolescentes
835 1025 942 1091 docere,
974 1030 1002 1078 et
1023 1025 1206 1093 prudentiam
1222 1042 1285 1080 cum
1302 1027 1361 1078 ele-

107 1151 110 1155 ,
203 1097 315 1167 quentia
333 1096 467 1162 iungere]
503 1097 592 1149 Video
619 1104 648 1149 te
675 1096 747 1150 haec
765 1113 832 1148 cum
850 1096 938 1170 vulgo
955 1096 998 1148 sic
1015 1096 1157 1166 accipere,
1184 1097 1258 1149 acsi
1277 1114 1360 1166 asyn-

203 1171 291 1223 deton
309 1175 390 1233 esset,
409 1169 570 1238 precaepit
589 1165 692 1231 dicere,
721 1173 748 1219 et
767 1168 867 1220 docere
894 1167 1088 1224 adolescentes.
1125 1169 1277 1236 Perperam
1296 1167 1361 1235 qui-

204 1240 283 1294 dem:
312 1238 420 1308 quippe
438 1236 628 1290 auferendum
647 1238 722 1291 illud
740 1238 861 1301 comma,
881 1245 911 1289 et
928 1238 990 1290 sine
1008 1238 1243 1308 interpunctione
1261 1238 1361 1311 legen-

204 1312 285 1364 dum:
306 1311 399 1363 dicere
417 1309 504 1360 etiam
522 1311 612 1376 coepit
629 1310 817 1362 adolescentes
834 1309 950 1362 docere:
976 1307 1031 1361 hoc
1050 1317 1102 1374 est,
1132 1309 1230 1377 coepit
1256 1308 1360 1360 docere

204 1382 396 1434 adolescentes
415 1379 502 1431 etiam
520 1388 612 1431 artem
631 1379 755 1432 dicendi.
793 1378 842 1434 Sic
859 1379 939 1430 infra
955 1379 1146 1444 Tusc.l,18.
1173 1379 1361 1431 Aristoxenus

204 1450 272 1505 laec
288 1448 430 1517 magistro
449 1451 580 1503 concedat
597 1450 748 1504 Aristoteli
753 1467 762 1515 ς
781 1466 883 1502 canere
901 1449 963 1518 ipse
980 1450 1090 1507 doceat.
1127 1448 1243 1514 Graeci,
1262 1447 1361 1501 diddo·

204 1540 260 1578 κειν
277 1522 342 1580 τούς
364 1518 426 1581 iove
448 1522 545 1587 λέγειν.

273 1605 292 1645 *
310 1611 336 1662 A
354 1609 510 1663 veterrimo
530 1608 635 1664 Codice
654 1610 730 1664 abest
749 1611 856 1664 docere.
893 1610 939 1662 An
955 1608 1125 1684 legendumt
1150 1607 1254 1662 Dicere
1273 1607 1361 1662 etiam

202 1680 295 1751 coepit
314 1681 358 1734 ad
382 1681 650 1748 adolescentes,
677 1688 704 1735 et
720 1679 901 1751 prudentiam
919 1697 980 1735 cam
997 1679 1148 1748 eloquentia
1166 1679 1284 1747 iungere
1304 1679 1362 1731 —i

202 1752 306 1807 Dicere
331 1751 382 1803 hic
407 1760 449 1804 est
474 1747 636 1826 ῥητορεύειν.
1047 1773 1049 1777 ’

273 1835 293 1876 ‘l‘
311 1840 383 1895 lbid.
421 1839 471 1894 Sic
488 1841 570 1895 nobie
585 1842 677 1910 placet
696 1856 746 1894 nec
760 1838 913 1910 pristinam
932 1838 1044 1896 dicendi
1069 1838 1195 1894 studium
1214 1841 1361 1907 deponere,

203 1919 229 1967 et
247 1910 278 1966 in
295 1909 347 1965 isac
363 1910 470 1965 maiore
490 1918 522 1967 et,
534 1911 665 1966 uberiore
683 1919 743 1966 arte
759 1911 876 1966 uersari.
914 1912 994 1965 Hane
1012 1911 1086 1965 enim
1102 1911 1256 1978 perfectam
1276 1907 1361 1979 plri-r

204 1980 405 2052 losopltiam
428 1999 538 2051 semper
560 1981 694 2048 iudicari,
726 1998 796 2052 quae
814 1984 849 2037 de
874 1983 1006 2036 maximis
1024 1982 1232 2050 quaestionibus
1249 1980 1361 2048 copiose

201 2059 295 2125 posset
314 2061 462 2123 ornateque
481 2052 584 2119 dicere]
621 2053 694 2118 Quid
711 2053 813 2106 audio?
838 2052 1007 2107 Perfectam‘
1023 2051 1237 2122 Philosophiam
1264 2054 1295 2106 iu
1313 2049 1359 2104 di·

203 2125 290 2178 aenda
309 2125 483 2178 consistere?
512 2123 562 2175 ubi
584 2132 626 2176 est
644 2124 737 2197 igitur
756 2123 817 2189 illa,
843 2125 901 2177 dux
920 2132 949 2177 et
966 2124 1105 2200 magistra
1121 2125 1213 2187 bitae,
1241 2121 1359 2175 virtutis

203 2196 377 2279 indagatrix,
398 2193 546 2276 expultrix
563 2195 705 2261 vitiorum,
725 2209 776 2246 are
792 2193 878 2260 oilae,
897 2196 1006 2249 cultura
1026 2193 1137 2249 animi?
1173 2194 1240 2247 Non
1258 2209 1360 2274 magna

204 2268 333 2338 loquetur,
353 2264 401 2318 sed
418 2264 502 2316 vivit.
539 2263 612 2315 Vide
636 2278 724 2334 porro
751 2267 1008 2339 argumentationis
1026 2266 1124 2318 filum:
1162 2264 1244 2317 Hanc
1262 2278 1359 2316 eninr.

203 2338 303 2403 Maior,
323 2335 430 2405 inquit,
446 2343 475 2386 et
486 2333 605 2387 uberior
622 2351 667 2386 ars
684 2343 735 2398 est,
755 2334 789 2387 de
802 2335 1014 2404 quaestionibus
1031 2334 1241 2406 philosophicis
1253 2333 1360 2398 dicere,

226 2463 229 2467 ,
307 2406 476 2460 declamare.
514 2405 659 2470 Quomodo
677 2404 770 2459 maior
787 2413 816 2459 et
839 2406 957 2459 uberior
974 2411 1039 2459 ars?
1056 2407 1160 2470 Tacet3
1189 2413 1218 2463 et
1242 2405 1275 2456 ab
1298 2411 1361 2456 arte

226 2477 329 2532 ‘cendi
338 2474 374 2528 ad
391 2473 607 2545 Philosophiam
625 2475 738 2527 transit.
776 2475 905 2544 Repono:
928 2477 1011 2530 Hanc
1029 2477 1104 2530 enim
1118 2477 1270 2543 perfectam
1289 2474 1363 2527 ela-

204 2547 380 2622 queatiam
403 2561 510 2613 semper
535 2543 671 2611 iudicavi,
703 2559 773 2612 quae
798 2547 843 2602 de·
862 2546 996 2600 oraximie
1020 2546 1230 2618 quaestionibus
1251 2545 1363 2614 copiose

201 2624 299 2688 posset
319 2622 467 2685 ornateque
486 2614 589 2669 dicere.
627 2615 770 2681 Quaenam
788 2624 855 2667 sunt
872 2617 941 2672 illae
959 2620 1119 2671 maximae?
1154 2619 1221 2670 Non
1239 2615 1362 2668 iudicia-

204 2691 295 2741 les-et
312 2689 451 2752 forenses,
484 2686 532 2740 sed
550 2686 585 2738 de
604 2685 708 2738 finibus
730 2686 919 2740 bonorumet
945 2690 1098 2753 malorum,
1127 2686 1161 2739 de
1180 2686 1293 2750 officiis,
1325 2686 1362 2738 do

204 2767 308 2812 natura
326 2758 455 2822 deorum,
475 2766 504 2811 et
522 2757 587 2809 aliis
606 2756 753 2809 eiusmodi.
791 2759 872 2810 Infra
889 2760 917 2824 2,
936 2763 967 2814 3:
996 2759 1163 2813 Academiae
1181 2756 1362 2820 consuetudo,

207 2830 241 2883 de
258 2827 389 2883 omnibus
406 2827 488 2881 rebus
511 2829 544 2881 in
563 2827 723 2880 contrarias
746 2834 845 2895 partes
863 2829 1033 2897 disserendi,
1056 2827 1127 2884 milri
1140 2826 1259 2897 placuit,
1288 2828 1365 2895 qaod

205 2906 278 2954 esset
297 2915 331 2955 ea
349 2897 475 2952 maxima
505 2897 652 2952 dicendi
680 2901 851 2953 exercitatio.
888 2899 938 2954 Sic
961 2902 1031 2954 alibi
1054 2901 1089 2954 ad
1107 2899 1226 2954 eandem
1245 2904 1363 2950 senten·

205 2972 288 3037 tiam,
319 2971 353 3023 de
382 2970 500 3023 Oratore
523 2966 694 3034 1.[c.13.]
722 2968 836 3022 Plenam
854 2976 935 3039 atque
958 2972 1159 3041 perfectam
1182 2973 1364 3022 oratorem

207 3057 267 3095 esse
284 3058 347 3094 eum
365 3042 467 3105 dicam,
488 3038 536 3106 qai
554 3039 589 3090 de
607 3039 739 3094 aturribus,
751 3038 836 3092 ribus
851 3042 941 3109 possit
957 3045 1037 3098 uarie
1055 3042 1215 3110 copioseque
1232 3036 1337 3093 dicere.

276 3107 296 3145 ‘i
315 3109 387 3162 lbid.
427 3112 511 3164 Quum
536 3113 625 3160 essent
648 3111 769 3176 plures
790 3127 893 3164 mecam
918 3104 1121 3180 familiarem]

276 3175 296 3214 *
313 3178 384 3232 lbid.
425 3179 491 3232 Tem
511 3177 577 3245 lavi,
596 3179 665 3247 qaid
682 3179 714 3233 in
732 3197 763 3234 eo
781 3198 884 3248 genere
904 3181 1070 3251 possem]

242 3244 295 3372 W*
314 3248 386 3301 lbid.
423 3248 472 3303 Sic
489 3196 559 3302 iaec
576 3264 663 3304 nunc
680 3250 726 3303 mi
730 3249 768 3304 lsi
785 3253 883 3307 senilis
900 3260 941 3308 est
958 3251 1136 3322 declamatio]
1158 3251 1236 3308 MSS.
1256 3269 1364 3319 omnes,

207 3335 247 3374 mr
267 3338 278 3373 a
301 3335 383 3376 nunc.

278 3385 298 3426 *
315 3390 388 3443 lbid.
424 3389 478 3443 Ad
495 3387 528 3443 id
545 3397 594 3444 aut
612 3393 710 3446 sedeas
729 3400 778 3448 aut
803 3395 946 3448 ambulans
968 3394 1161 3463 disputabam]

280 3457 384 3531 *Cap
405 3463 430 3516 t.
468 3461 623 3514 Erectus
644 3463 713 3516 siti
734 3464 893 3518 Tantalus?
918 3463 1002 3517 Num
1019 3464 1114 3532 illud]

279 3527 388 3584 *lbid.
424 3531 483 3585 Nec
500 3529 532 3588 L.
553 3533 680 3586 crassas
697 3533 879 3599 defendet,
904 3551 952 3587 nec
975 3535 1018 3587 M.
1038 3535 1201 3603 Antonius]

241 3597 298 3727 ns*
316 3602 383 3740 GJap.
402 3606 433 3667 6,
466 3601 553 3672 Atqui
566 3603 644 3672 pleni
667 3610 732 3657 sant
750 3605 820 3658 libri
837 3610 936 3658 contra
962 3604 1017 3658 ista
1034 3602 1258 3677 pbilosophorum
1277 3609 1367 3665 disee·

209 3688 240 3726 re
270 3689 334 3727 rum.

278 3740 385 3798 *lbid.
425 3744 480 3800 Uli
505 3761 593 3814 ergo
617 3741 770 3812 santii]

214 3821 216 3826 '
278 3814 341 3870 lam
358 3817 470 3870 mallem
489 3817 641 3869 Cerberum
658 3821 799 3883 metueres,
826 3833 910 3889 quam
935 3817 993 3873 ista
1016 3825 1071 3872 tam
1093 3818 1301 3876 inconsiderate
1319 3821 1366 3876 di·

209 3901 295 3940 ceres.
323 3886 359 3938 Α.
373 3887 446 3954 Quid
463 3885 608 3952 tandemt]
637 3885 682 3938 lta
701 3884 818 3955 quidem
837 3891 983 3944 Victorius
1002 3890 1101 3956 edidit,
1121 3900 1150 3944 et
1169 3908 1235 3946 eum
1253 3901 1365 3946 tenuere

209 3964 322 4010 secutus
341 3959 492 4023 Gruterus,
524 3957 584 4010 sive
602 3956 699 4026 potius
718 3956 901 4013 Gebhardus:
929 3979 945 4012 a
971 3977 1028 4030 quo
1055 3961 1086 4013 in
1108 3978 1205 4015 omnes
1228 3962 1365 4034 deinceps

210 4027 349 4096 editiones
367 4028 503 4082 manavit.
540 4026 579 4080 At
597 4026 657 4080 cod.
677 4029 727 4080 tus.
747 4044 798 4080 cur
816 4032 949 4084 tandem?
979 4031 1054 4084 unde
1080 4033 1176 4085 statim
1203 4034 1366 4100 emendari,

229 4096 259 4152 ul
276 4099 407 4154 landem?
434 4097 512 4167 quod
530 4105 559 4150 et
577 4097 588 4148 i
609 4115 640 4150 sa·
655 4099 798 4151 sententia
821 4101 956 4169 postulat.
992 4104 1100 4169 Postea,
1125 4103 1263 4172 inspectis
1280 4104 1366 4158 Lam·

209 4118 272 4223 lini
291 4178 320 4223 et
337 4167 405 4222 Aldi
423 4167 544 4238 Nepotis
563 4185 579 4222 e
601 4167 747 4236 tionibus,
765 4169 808 4222 sic
826 4170 867 4223 ibi
885 4172 963 4225 clare
981 4181 1092 4226 exstare
1111 4174 1247 4244 comperi.

280 4256 353 4310 lbid.
390 4255 425 4311 Si
446 4257 540 4324 igitar
563 4273 618 4311 non
635 4262 708 4322 sunt,
735 4256 809 4313 nita
822 4266 943 4328 possunt
969 4276 1045 4315 erse:
1071 4261 1114 4314 ita
1133 4277 1167 4316 ne
1183 4260 1284 4315 miseri
1303 4263 1367 4332 pai-

210 4330 273 4384 dem
290 4323 381 4393 sunt]
417 4327 594 4382 Tolle-illud
612 4335 690 4392 sunt,-
714 4329 790 4398 quod
807 4330 916 4384 minuit
933 4331 994 4405 rina
1017 4333 1189 4406 argrunenti.
1225 4331 1280 4385 Nil
1300 4348 1366 4403 pos-

210 4406 278 4456 sunt
295 4413 371 4466 essee
389 4397 434 4456 ita
451 4399 602 4455 remisere·
618 4398 737 4470 quidam
773 4399 976 4476 Subintellige,
991 4409 1106 4472 possum
1123 4418 1193 4461 esre.
1230 4402 1279 4459 Sic
1297 4418 1367 4459 mox
