2856 5084
128 261 192 328 ass
333 224 831 366 o1ounon1sruseuulu.
854 259 1084 362 meruere.

127 413 215 506 'quas
237 444 305 488 non
326 427 562 514 intelligimus,
584 444 667 508 quae
690 435 767 488 sunt
788 427 1057 504 innumerabiles,
1086 424 1181 487 surdi
1204 443 1287 509 pro-

131 513 220 572 fecto
242 528 365 569 sumus.
388 545 430 556 —
471 510 516 571 At
536 528 653 573 vocem
676 509 862 572 citharoedi
884 531 948 571 non
972 510 1121 571 audiunt.
1151 543 1192 554 -
1229 507 1286 568 Ne

130 590 312 654 stridorem
335 590 468 672 quidem
485 611 610 670 serrae,
632 600 703 653 tum
716 610 819 673 quum
829 596 980 668 acuitnr3
1003 600 1061 653 aut
1073 587 1286 676 grunditum,

131 777 199 830 dens
223 774 336 829 curdi.“
372 776 424 827 His
448 776 526 828 addit
551 778 656 830 nubem
680 779 877 846 exemplorum
905 785 934 830 et
951 778 1108 831 rationem:
1137 776 1186 830 sed
1204 785 1286 831 recte

128 847 269 900 Handius:
300 847 413 911 „Errat
438 847 644 918 Wopkensius.
683 849 822 918 Sequitur
848 848 925 901 enim
948 849 1031 902 surdi
1053 864 1154 904 sumus.
1192 850 1286 902 Nemo

131 928 227 972 autem
252 918 349 970 dicere
372 918 480 988 potuit:
509 935 605 971 omnes
628 918 661 972 c'n
679 918 725 972 nis
744 917 853 986 tingnis
874 920 912 972 u‘d
929 921 1009 973 surdi
1031 935 1135 972 sumtm
1174 918 1251 984 Quae
1270 935 1287 972 a

130 990 312 1060 Wopkensio
335 990 369 1042 de
386 989 441 1042 hac
459 989 549 1042 nimia
568 998 598 1042 et
615 991 686 1042 falsa
703 990 877 1043 abundantia
896 990 1088 1060 disputantur,
1115 989 1193 1040 nihil
1220 988 1287 1042 effi·

131 1061 223 1117 ciunt.
240 1100 243 1107 .
260 1062 304 1114 Ea
328 1061 414 1125 enim,
442 1060 604 1144 magnaex
625 1070 709 1130 parte
730 1078 800 1114 vera
818 1062 936 1130 quidem
955 1077 1012 1112 non
1039 1061 1170 1114 adhunc
1187 1060 1286 1112 locum

153 1134 290 1185 ertinent.
327 1129 450 1200 Scripsit
469 1131 582 1196 Cicero,
601 1131 658 1182 nisi
676 1139 754 1184 totus
772 1132 874 1183 fallor:
893 1147 1038 1201 omnesque
1056 1132 1168 1187 iidem
1185 1147 1237 1185 noa
1255 1131 1286 1184 ἐκ

131 1151 177 1256 dis
196 1202 304 1269 linguis
323 1229 356 1240 —
374 1204 456 1256 surdi
471 1204 598 1270 profecto
617 1218 719 1255 sumus.
740 1203 760 1254 i.
781 1219 805 1256 e.
832 1218 928 1255 omnes
953 1203 1024 1255 item
1042 1219 1101 1255 nos.
1139 1203 1214 1253 Nam
1232 1203 1286 1254 La·

122 1270 190 1326 ‘tini
209 1274 379 1326 adiectivam
398 1275 520 1326 formam
538 1274 612 1326 idem
634 1289 688 1343 pro
713 1273 846 1325 adverbio
871 1272 937 1325 item
959 1289 1068 1341 ponere
1091 1272 1194 1325 solent.
1223 1272 1283 1325 cic.

131 1345 166 1397 de
184 1346 276 1397 Amic.
299 1347 341 1408 18,
360 1346 408 1399 65:
437 1351 477 1397 eet
503 1346 577 1397 enim
601 1344 666 1397 boni
683 1343 752 1406 viri,
779 1360 858 1411 quem
882 1344 1024 1397 eundem
1049 1343 1203 1412 sapientem
1220 1345 1284 1397 licet

131 1415 236 1481 dicere,
256 1413 323 1467 doec
341 1421 433 1468 tenere
450 1414 483 1468 s'n
502 1412 639 1467 amicilia.
666 1415 707 1466 De
725 1412 814 1488 Lego.
835 1417 860 1480 1,
877 1417 923 1474 23,
941 1417 991 1469 61:
1028 1414 1176 1483 idemque
1202 1429 1286 1482 quum

130 1487 239 1588 ceelu‘m
253 1486 429 1609 plqrspexerit
449 1484 528 1538 cet.“
564 1485 625 1551 „Id
642 1485 724 1536 nullo
742 1459 825 1537 modo
843 1501 947 1538 verum
965 1494 1020 1553 est3
1039 1495 1110 1556 puto
1128 1484 1285 1560 legendum

129 1559 206 1613 ilem.
292 1574 334 1610 ln.

204 1644 348 1698 omnesque
366 1627 420 1696 [id]
448 1641 499 1682 noe
522 1628 553 1682 in
577 1626 617 1680 iis
642 1625 761 1696 linguis]
798 1627 921 1682 Uncinis
943 1627 1048 1680 inclusi
1072 1626 1113 1694 id,
1140 1645 1205 1679 cum
1223 1628 1285 1680 sine

131 1697 216 1752 dubio
234 1700 346 1769 aliquid
365 1700 424 1752 eius
442 1699 562 1753 voculae
579 1700 644 1751 loco
662 1717 678 1750 a
696 1698 836 1752 Cicerone
845 1699 985 1768 scriptum
1000 1699 1100 1764 fuerit,
1120 1698 1197 1768 quod
1207 1714 1286 1752 nunc

132 1771 320 1823 obliteratum
338 1779 388 1822 est.
425 1771 581 1823 Nobiscum
598 1769 709 1821 faciunt
725 1769 872 1825 FAWolf.
892 1777 922 1820 et
940 1769 1091 1839 Or.'plane
1111 1770 1199 1822 eiecit
1217 1768 1284 1822 Sch.

133 1848 245 1910 etpost
263 1858 329 1893 eum
347 1841 437 1894 Nobb.
458 1849 487 1894 et
504 1841 576 1893 Tbn.
613 1840 727 1914 Valriari
746 1840 833 1892 etiam
850 1839 906 1891 hoe
924 1839 988 1891 loco
1007 1842 1039 1892 in
1057 1840 1215 1910 scriptione
1233 1857 1285 1894 vo·

132 1911 173 1963 cis
201 1911 249 1978 its,
276 1921 309 1964 ut
337 1912 396 1964 sint
414 1911 501 1975 libri,
529 1912 581 1981 qui
606 1909 729 1963 habeant
754 1908 819 1975 liis,
848 1910 919 1962 Edd.
939 1928 1013 1979 quae
1037 1911 1159 1962 habeant
1176 1910 1222 1964 ln'e
1241 1910 1285 1976 (ut

130 1981 201 2035 Dav.
222 1990 251 2035 et
270 1983 426 2052 pleraeque
444 1982 544 2049 vett),
571 1981 692 2050 quisque
718 1981 901 2050 exspectabit.
919 2018 922 2025 .
940 1982 994 2033 Pro
1020 1998 1089 2050 quem
1113 1990 1188 2035 eunt
1215 1980 1282 2036 cod.

130 2052 206 2106 Mon.
225 2059 251 2108 1.
270 2053 357 2105 habet
375 2070 442 2123 quae
459 2053 552 2118 sint,
572 2053 648 2104 idem
666 2058 726 2106 cut
744 2068 835 2105 uocem
854 2049 1018 2107 citinroedt'.
1048 2052 1115 2107 God.
1136 2052 1225 2107 llarb.
1244 2051 1285 2106 ci-

132 2124 263 2177 taredi.
301 2125 361 2178 Mr.
856 2143 857 2146 ’

201 2194 245 2246 Ne
262 2193 419 2247 stridorem
438 2193 548 2264 quidem
566 2209 667 2248 eerree
684 2201 750 2261 tum,
770 2213 850 2263 quum
873 2193 1020 2263 accitura]
1058 2195 1187 2260 Quatuor
1213 2197 1282 2249 Oxx.

132 2264 207 2318 Gud.
227 2267 253 2319 1.
274 2272 304 2316 et
322 2265 396 2318 Gud.
417 2282 479 2318 uec
496 2264 656 2322 stridorem
677 2266 750 2318 Gud.
771 2270 797 2321 2.
816 2268 893 2332 fere
911 2266 1030 2335 quidem,
1056 2266 1155 2319 Duisb.
1175 2267 1285 2333 quidem

132 2337 216 2401 fer-ri,
235 2335 311 2398 unde
330 2344 447 2409 argutus
466 2337 581 2406 quidam
599 2336 734 2389 librarius
757 2337 788 2388 in
805 2337 889 2389 Vind.
910 2342 936 2392 l.
962 2338 1048 2390 fecit:
1076 2355 1110 2390 nc
1134 2337 1285 2391 stridorem

130 2405 240 2474 quidem
260 2422 364 2472 serrae,
383 2424 445 2460 cum
467 2407 579 2460 acuitur
594 2409 750 2474 serrnm3
773 2425 849 2459 unus
869 2408 919 2461 Ox.
938 2409 1009 2483 Reg.
1030 2409 1103 2461 Gud.
1124 2412 1148 2463 1.
1169 2410 1195 2462 2.
1224 2409 1286 2478 qui-

130 2476 193 2529 dem
209 2479 303 2544 ferc3
328 2479 415 2530 Marb.
442 2477 551 2548 quidem
574 2480 715 2544 fretum,
739 2494 820 2543 cum;
845 2479 935 2533 Rehd.
963 2479 1074 2532 omittit
1097 2493 1204 2532 serrae.
1243 2478 1286 2531 Ad

130 2554 307 2600 structuram
325 2565 359 2601 ne
376 2581 408 2592 -
429 2549 554 2618 quidem,
575 2567 631 2618 qua
649 2551 839 2620 respondetur
863 2550 1028 2604 obiectioni-
1045 2565 1133 2618 eaque
1157 2557 1189 2601 ut
1213 2567 1285 2602 vana

130 2617 261 2684 eliditur,
292 2619 352 2674 vid.
378 2637 450 2688 quae
475 2621 572 2673 docuit
590 2619 683 2672 Madvi
707 2659 713 2671 .
741 2621 776 2674 ad
794 2620 854 2676 cio.
873 2621 980 2674 Philos.
999 2623 1021 2674 1.
1039 2639 1068 2690 p·
1088 2623 1222 2678 90—96.
1253 2622 1306 2672 iu⁴

129 2688 234 2757 primis
251 2705 280 2758 p.
296 2689 339 2743 95.
357 2690 408 2742 ubi
426 2698 558 2744 nostrum
572 2691 668 2764 tangit
684 2638 789 2745 fetuum.
826 2693 888 2745 Mr.

180 2765 252 2812 ,aut
275 2761 447 2827 grunnitum,
475 2777 556 2828 quum
582 2761 741 2828 iuguletur,
767 2764 876 2830 auiae]
913 2762 1011 2828 „Cum
1027 2761 1136 2813 Victor.
1162 2776 1283 2814 consen-

130 2829 209 2883 tiunt
226 2829 305 2885 MSS.
325 2829 565 2896 Suffridi,.Vatic.
587 2832 699 2885 Gembl.
727 2835 823 2909 Vulgo
842 2833 920 2888 cet.“
939 2829 1021 2890 Geel.
1057 2831 1142 2884 Vides
1159 2833 1285 2888 voluisse

132 2901 318 2954 Gebhardum
327 2900 463 2956 exhibere
472 2905 546 2956 auis:
566 2902 615 2955 sed
632 2911 729 2957 tamen
748 2905 779 2958 in
799 2905 941 2959 contextis
952 2903 1089 2958 remansit
1107 2918 1169 2969 suc3
1190 2922 1284 2974 neque

131 2970 183 3024 hic
203 2989 287 3026 error
305 2982 451 3025 correctus
471 2974 564 3027 estin
581 2973 653 3027 Edd.
672 2974 762 3033 liond.
784 2976 875 3030 Gron.
889 2976 979 3029 .Verb.
999 2975 1057 3028 Alt.
1087 2992 1158 3044 quae
1177 2974 1284 3029 habent

133 3052 302 3096 contextum
321 3042 451 3096 Gruteri.
489 3046 620 3099 Praefert
638 3048 696 3100 stris
715 3047 802 3100 etiam
819 3046 1000 3102 Bouhierius.
1037 3046 1098 3097 Mr.

121 3174 123 3178 Ι
202 3113 261 3165 Aut
277 3114 453 3180 grunditum,
471 3133 533 3168 cum
550 3115 708 3184 iuguletur,
732 3117 801 3184 suis]
837 3119 932 3192 Vulgo
956 3115 1105 3184 iuguletur
1130 3132 1187 3169 aus.
1226 3119 1284 3172 Nos

131 3189 228 3234 autem
251 3183 435 3252 Victorianus,
458 3185 575 3239 Codices
603 3189 760 3258 sequendos
791 3188 940 3252 duximus,
977 3188 1144 3256 quibuscum
1171 3188 1285 3240 iaciunt

131 3252 208 3326 lleg.¹
227 3251 374 3378 l'ithoe'an.
399 3256 493 3310 Vatic.
522 3265 551 3310 et
579 3258 725 3313 Gemblac.
763 3258 807 3310 lta
834 3274 899 3311 sane
917 3257 992 3331 legit
1009 3257 1096 3308 etiam
1121 3255 1234 3308 Nonius
1254 3259 1284 3312 in

131 3339 277 3389 grunmrc.
345 3363 351 3377 .
639 3344 646 3353 ·

202 3394 379 3462 grunnitum,
398 3411 459 3449 cum
477 3397 624 3468 iugulatur
640 3400 713 3468 sua]
748 3398 907 3465 „Davisius
934 3395 1062 3451 correxit
1078 3396 1144 3450 suis.
1174 3397 1223 3450 sed
1244 3400 1284 3452 ita

132 3474 204 3518 esset
221 3465 316 3534 alieno
334 3466 413 3520 loco.
432 3469 541 3522 animal
558 3472 739 3547 intelligitur
755 3487 805 3523 sua
819 3474 930 3538 sponte
949 3468 980 3518 in
997 3466 1178 3535 grunnitue.“
1212 3469 1282 3525 Em.

202 3543 253 3591 aut
270 3537 446 3606 grunditum,
466 3555 546 3608 quum
562 3538 815 3612 iugulatumsuia]
851 3538 960 3607 Scripsi
978 3539 1144 3605 grunditum
1163 3541 1282 3610 antiquo

131 3621 222 3673 mor-e,
250 3625 336 3677 quem
359 3610 466 3663 habent
489 3611 582 3664 eotd..
601 3614 670 3686 Reg.
697 3609 770 3663 Gud.
790 3613 815 3664 1.
842 3616 872 3661 et
889 3607 943 3660 Ed.
961 3608 1030 3660 Dav.
1058 3610 1116 3665 vid.
1138 3607 1282 3663 ’Nonium

131 3677 260 3730 Marcell.
278 3697 307 3748 p.
329 3684 387 3735 114.
406 3700 434 3735 v.
452 3681 600 3749 grunnire,
620 3691 695 3750 etp.
713 3681 774 3734 464.
794 3696 823 3730 v.
849 3677 997 3746 grundire.
1035 3682 1069 3733 ln
1090 3681 1163 3749 Ι001.
1192 3681 1280 3734 illarb.

131 3755 189 3800 est:
210 3750 321 3802 acuitur
338 3752 455 3806 cuculus
471 3751 622 3818 gimntrum
640 3767 699 3803 cum
717 3748 877 3816 iugulatur,
896 3749 992 3805 Duisb.
1018 3756 1087 3802 tum
1105 3769 1187 3821 quum
1210 3754 1281 3820 ing,

98 3845 101 3850 ·
131 3820 206 3871 Mon.
227 3824 251 3875 l.
271 3823 378 3888 grunni
384 3830 459 3889 tur,
474 3823 506 3873 in
523 3821 614 3874 tribus
633 3823 703 3872 Oxx.
722 3819 896 3885 grunitum.
933 3820 1005 3874 Dedi
1024 3822 1095 3875 item
1114 3822 1180 3888 suis,
1207 3822 1282 3891 quod

131 3905 199 3955 non,
218 3899 252 3943 ut
268 3891 378 3946 Davisii
397 3898 600 3953 commentum,
620 3889 737 3943 debebat
754 3890 877 3944 reiicere
895 3892 1044 3949 Ernestus.
1077 3893 1185 3945 'iubent
1204 3893 1282 3945 enim

131 3960 173 4012 sic
186 3963 317 4018 scribere
336 3963 422 4017 Codd.
440 3963 481 4014 Re
503 3998 510 4012 .
531 3959 603 4012 Gud.
616 3964 649 4013 .1.
669 3963 694 4016 2.
714 3960 810 4016 Duisb.
840 3971 869 4014 et
887 3971 1010 4032 quatuor
1028 3965 1098 4017 Oxx.
1125 3973 1153 4016 et
1176 3963 1282 4016 habent

132 4031 173 4082 ita
190 4033 262 4090 Edd.
282 4037 314 4087 V.
334 4033 402 4088 Rob.
422 4031 492 4098 Step
515 4088 517 4094 .
543 4030 640 4085 llerw.
660 4034 685 4085 2.
705 4032 791 4085 Leod.
811 4033 884 4085 Lall.
903 4034 973 4087 Dav.
995 4035 1069 4090 oliv.
1086 4035 1181 4090 Wolf.
1202 4051 1279 4104 seqq.

131 4101 233 4173 Neque
251 4105 378 4157 verivest
395 4100 490 4152 simile
508 4117 525 4151 a
541 4099 669 4154 librariis
687 4117 735 4155 rue
754 4112 896 4156 mutatum
913 4105 1001 4157 fuisse
1020 4106 1052 4156 in
1070 4106 1136 4171 suis,
1156 4106 1204 4157 sed
1216 4116 1282 4157 cona

133 4175 265 4227 trarium.
301 4171 399 4292 Perqit
417 4168 484 4222 God.
505 4170 578 4224 Gud.
598 4175 623 4226 2.
643 4190 692 4226 nec
711 4190 772 4228 cum
790 4178 888 4245 quies
905 4177 1009 4240 volunt,
1027 4176 1117 4229 Rehdt
1137 4192 1186 4229 nec
1203 4191 1282 4229 con*

131 4243 431 4312 quiesceremunt.
459 4243 534 4297 Mon.
555 4246 580 4297 1.
599 4253 663 4314 post
680 4244 764 4299 haec:
785 4246 935 4300 audiunt
952 4244 1102 4312 fremitum.
1132 4249 1214 4300 Unus
1228 4248 1280 4299 0x.

130 4316 243 4369 omittit
259 4312 357 4365 merie.
378 4312 452 4367 Mon.
475 4317 499 4366 l.
525 4311 611 4366 habet
636 4331 684 4369 eoa
706 4321 832 4385 fortes.
857 4317 956 4370 Illarb..
976 4317 1122 4374 delectat.
1150 4318 1234 4371 vind.
1255 4320 1279 4372 1.

130 4382 296 4439 mearent.
334 4381 407 4434 Dedi
433 4383 536 4438 deinde
555 4392 701 4457 antequam
722 4387 754 4442 ia·
776 4405 830 4460 pro
854 4394 913 4442 ant.
942 4384 979 4443 la·
997 4405 1033 4443 ex
1050 4389 1136 4445 Codd.
1158 4392 1235 4442 Mon.
1253 4390 1278 4443 2.
