2856 5084
131 281 194 347 ³96
300 284 331 333 ··ἓ
507 279 897 349 ,ΔΒΒῙΤΔΜΕΝῬΠΜ

129 446 180 499 vel
201 444 264 500 uidi
286 444 368 511 n'e'rs‘s,
389 446 456 502 uidi
472 449 548 515 mip,
571 446 630 512 vel,
653 455 686 499 ut
710 454 753 501 est
781 446 813 500 in
838 444 977 516 Bariagii
995 445 1081 502 Ctaoe
1105 445 1293 515 diplomatica

131 517 298 586 (compend.
318 518 403 571 scrib.
422 519 496 575 med.
516 519 580 571 aevi
597 518 667 571 Tab.
687 522 714 576 8.
733 519 788 570 col·
807 517 895 582 med.)
911 515 977 572 mab
995 514 1026 585 *)
1230 539 1235 560 ·-

202 588 255 641 111.
275 590 301 645 1.
321 596 351 647 2:
371 606 432 642 cum
448 605 523 643 vero»
536 589 700 658 pareatibus
723 586 843 655 redditi,
869 589 906 644 id
932 596 987 642 est
1012 587 1165 658 magistris
1182 586 1294 643 traditi

131 673 241 723 tamam
260 661 397 714 Graviter
414 660 543 713 minatur
558 661 607 712 vir
626 661 674 724 cl,
692 659 768 730 quod
786 660 968 730 aliquantum
994 660 1151 713 abhorrere
1173 660 1295 712 videtur

131 747 147 782 a
164 739 301 784 consueta
319 734 381 785 eius
398 731 665 797 viri'humanitate,
684 730 852 800 unicuique,
872 733 923 800 qui
941 731 975 783 de
993 731 1081 783 huius
1090 731 1228 785 lectionis
1245 749 1295 784 ve·

130 800 218 854 ritate
241 803 372 856 dubitare
394 803 426 854 in
450 803 580 854 animum
609 803 735 854 inducat.
777 801 954 871 Quamquam
977 803 1008 855 id
1033 809 1075 855 est
1097 818 1157 854 non
1181 802 1295 875 legitur

128 871 189 922 nisi
212 872 391 944 in-quatuor
413 873 496 926 libris
514 873 667 926 admodum
690 871 790 925 dubiae
815 873 1010 928 auctoritatis·
1045 873 1126 938 Quod
1152 889 1226 925 vero
1253 874 1294 937 ait

129 942 176 996 Kl.
195 943 227 996 in
245 943 312 998 Cod.
331 947 371 999 Re
394 982 401 996 .
422 962 480 997 esse
499 943 579 1007 idem,
599 944 629 997 id
647 960 704 996 non
722 943 807 1012 plane
824 961 928 996 verum
948 952 1006 1010 est;
1024 943 1112 997 habet
1127 944 1209 996 enim
1227 944 1295 996 red-

131 1013 176 1066 die
198 1015 282 1077 idem,
309 962 393 1086 quoii
408 1015 433 1066 si
457 1032 525 1067 cum
550 1016 662 1068 Codicis
688 1013 761 1066 Gud.
783 1020 806 1070 1.
834 1014 979 1067 simillimi
1010 1015 1135 1067 lectione
1160 1016 1294 1067 conferas

130 1085 240 1139 redditi
264 1087 329 1140 dein
352 1087 412 1154 (cui
429 1085 530 1156 plures
556 1087 644 1138 etiam
666 1086 833 1152 accedunt),
860 1085 945 1155 plane
974 1103 1040 1139 cum
1058 1085 1118 1138 hoc·
1133 1086 1292 1152 consentit,

129 1155 186 1207 nisi
206 1158 283 1227 quod
301 1160 375 1211 male
393 1157 522 1210 divulsae
539 1157 678 1210 videntur
694 1155 797 1210 literae
822 1164 851 1208 et
872 1156 904 1207 in
922 1157 981 1209 fine
1001 1157 1063 1209 dem
1089 1172 1144 1228 pro
1164 1155 1234 1209 dein
1251 1155 1293 1210 lo-

129 1227 221 1308 gitur,
240 1247 323 1299 quae,
341 1229 391 1281 ubi
408 1227 487 1282 deest
503 1237 644 1298 punctum
661 1227 766 1280 literae
789 1228 802 1282 i
820 1227 1033 1296 imponendum,
1059 1226 1101 1293 (et
1119 1227 1217 1280 deesse
1236 1227 1292 1280 hoc

130 1315 162 1348 m
180 1300 390 1369 antiquissimis
414 1315 498 1351 nemo
523 1307 567 1351 est
591 1298 643 1368 qui
666 1299 796 1364 nesciat,)
819 1298 946 1351 discerni
970 1298 1056 1368 plane
1080 1302 1139 1352 ison
1161 1306 1292 1368 possunt.

129 1367 209 1434 Quod
234 1371 358 1442 denique
381 1370 445 1422 ideo
470 1369 570 1422 reiicit
592 1367 675 1432 dein,
709 1369 777 1438 quia
801 1369 916 1420 nullum
940 1370 1032 1423 fuerit
1060 1377 1175 1439 tempus
1201 1369 1293 1422 inter-

130 1439 248 1506 iectum,
266 1443 367 1506 (weil
384 1440 488 1492 nicht
506 1441 585 1493 eine
604 1439 816 1492 Mittelzeit‘
830 1441 1109 1508 eintrat,„wenn
1128 1440 1189 1492 die
1208 1439 1293 1494 Kin-

130 1508 195 1563 der
211 1513 271 1565 aus
289 1514 352 1567 der
369 1511 621 1563 Ammenstube
639 1510 676 1560 in
694 1509 883 1564 dieH'sinde
901 1510 966 1563 der
983 1509 1116 1562 Altern
1136 1511 1292 1573 zuriicls·

156 1583 307 1655 egeben,
325 1583 478 1636 sondern
496 1582 549 1634 sie
568 1578 771 1648 eofortden
789 1581 954 1634 Lehrern
972 1581 1179 1657 iibergebcn
1198 1600 1292 1636 wur-

131 1597 230 1719 ἕως)
247 1671 387 1724 quaerere
404 1653 503 1717 liceat,
520 1670 575 1706 cur
591 1670 649 1705 non
668 1651 742 1704 illud
759 1651 855 1722 ipsum
878 1652 943 1704 dein
961 1653 1126 1726 significare
1150 1654 1245 1722 possit
1261 1661 1291 1706 et

128 1723 286 1846 pgnificet,
324 1725 349 1780 si
376 1724 522 1800 originem
549 1732 660 1795 spectes
685 1730 715 1776 et
737 1718 837 1790 usum,
873 1724 1008 1790 sofort,
1043 1723 1292 1777 unmittelibar

155 1799 260 1848 araus
276 1801 328 1849 -?
363 1832 366 1837 ,

201 1865 256 1924 111.
276 1870 352 1932 2,.3ι
377 1873 408 1922 at
434 1864 515 1922 nobis
539 1873 680 1937 optume
702 1873 866 1922 naturam
887 1865 1026 1922 invidisse
1049 1868 1216 1934 videantur,
1241 1867 1290 1938 qui

130 1932 204 1991 stibii
219 1937 320 1992 aulius
337 1936 443 1995 bomini
460 1966 494 1978 -
511 1940 645 2012 populari
668 1940 766 2007 gloria
797 1937 1002 1993 iudicaverant.
1039 1940 1120 1993 Hanc
1145 1940 1290 1993 librorum

130 2009 194 2061 fere
213 2010 344 2064 omnium
361 2010 517 2064 lectionem
541 2011 703 2080 iamrprius
722 2010 852 2063 defendit
872 2011 918 2064 Kl.
945 2011 977 2062 in
1001 2027 1122 2063 censura
1140 2010 1289 2064 Ciceronis

131 2079 271 2134 Orelliani
295 2081 407 2147 (Jahnii
425 2082 558 2134 Annalib.
583 2082 699 2135 Philoll.
728 2089 757 2133 et
780 2081 957 2155 Paedagogg·
978 2084 1056 2138 1833.
1076 2084 1109 2138 V.
1128 2100 1158 2153 p.
1179 2085 1215 2137 60
1233 2082 1289 2204 sqp

131 2158 161 2204 st
179 2153 257 2205 nunc
276 2155 376 2205 eodem
393 2153 476 2205 modo
495 2153 654 2222 iisdemque
672 2152 766 2206 verbis
783 2157 957 2227 propugnat.
994 2153 1066 2205 Mihi
1083 2170 1154 2206 vero
1173 2152 1269 2204 dubim

131 2237 191 2275 esse
208 2223 304 2277 videri
328 2241 401 2289 rem,
425 2223 548 2277 necdum
572 2225 742 2287 confectam,
765 2223 823 2274 iam
847 2222 878 2274 in
903 2223 1088 2276 annotatione
1114 2225 1287 2299 significavi.

130 2293 216 2346 Nihil
233 2294 304 2347 addo
322 2295 379 2347 nisi
396 2294 468 2347 haec
485 2312 584 2364 pauca.
603 2295 659 2347 Vix
677 2293 751 2346 mihi
769 2295 925 2364 persuadeo
942 2295 1009 2346 fieri
1026 2311 1121 2365 posse,
1139 2303 1173 2348 ut
1186 2294 1289 2363 optime

130 2372 259 2419 acturam
277 2364 406 2418 invidere
424 2365 532 2418 dixerit
549 2366 651 2419 Cicero
676 2364 862 2434 volueritque
887 2365 1065 2441 significare:
1091 2367 1147 2420 sie·
1167 2366 1288 2420 schei-

130 2453 200 2490 nen
219 2455 283 2488 uns
301 2437 358 2490 die
376 2437 493 2489 Natnr
520 2454 608 2510 gana
631 2435 806 2489 herrlich
834 2435 942 2511 (ganz
960 2436 1177 2511 geschickt)
1205 2454 1288 2490 ror·

132 2507 389 2567 enthaltenau
406 2505 534 2562 haben:
564 2508 645 2577 quasi
668 2522 820 2577 opponere*
837 2508 912 2560 velit
928 2506 982 2560 bos
1001 2508 1114 2573 talibus,
1143 2507 1287 2578 quitmale

130 2579 210 2632 nobis
235 2584 368 2631 naturam
389 2578 533 2632 invideant
558 2577 634 2646 (die
661 2595 696 2631 es
718 2577 970 2650 ungeschickt
994 2581 1191 2653 anfange-n,
1222 2597 1287 2631 uns

130 2648 188 2702 die
207 2650 323 2702 Natnr
340 2667 386 2701 zu·
399 2649 617 2716 verleiden)
629 2645 678 2714 **)
695 2649 821 2701 Bentleii
840 2657 936 2702 autem
954 2651 1167 2703 correctionem
1186 2649 1288 2719 siquis

129 2719 229 2790 paullo
251 2720 434 2773 audaciorem
457 2720 612 2784 existimat,
635 2719 659 2772 is
682 2719 811 2789 primum
835 2728 953 2788 reputet
976 2719 1161 2774 intellectum
1180 2720 1286 2774 habere

128 2791 272 2847 librorum
292 2791 449 2845 lectionem
466 2789 684 2856 difficillimum,
717 2790 999 2861 explicationemque
1023 2792 1105 2844 valde
1125 2800 1287 2846 contortam

130 2871 161 2918 et
182 2881 200 2916 a
222 2863 369 2916 Ciceronis
395 2861 581 2933 simplicitate
606 2869 636 2914 et
658 2862 866 2933 perspicuitate
893 2863 1044 2914 admodum
1067 2862 1287 2929 abhorrentem,

130 2933 233 2988 deinde
257 2934 288 2986 in
311 2933 357 2986 bis
381 2932 451 3003 ipsis
476 2931 621 2991 vocabulis
645 2932 814 3002 compendio
839 2933 956 3002 scriptis
983 2933 1148 3004 saepissime
1176 2936 1287 2988 sactum

131 3023 191 3060 esse
213 3013 248 3057 ut
270 3021 424 3076 perperam
446 3002 631 3078 legerentur,
659 3011 693 3054 nt
715 3003 841 3070 alterum
864 3003 983 3056 alterius
1008 3005 1071 3056 loco
1099 3004 1285 3069 scriberetur,

21 3094 37 3101 ·
128 3085 221 3146 utque
243 3073 644 3146 similiumcompendiorum
666 3074 842 3129 alterutrum
868 3074 1030 3141 excideret3
1056 3075 1183 3146 denique
1208 3083 1287 3129 nata·

129 3163 194 3200 ram
211 3161 273 3216 non
286 3144 468 3210 incommode
487 3143 593 3215 opponi
611 3152 641 3198 at
659 3145 792 3214 optimam
803 3146 971 3213 magistram
988 3146 1104 3218 populo,
1124 3148 1176 3218 qui
1189 3146 1286 3217 paullo

76 3228 88 3245 ⁸
130 3225 197 3270 ante
216 3216 324 3270 dicitur
348 3215 489 3267 maximus
511 3233 557 3268 ma
580 3214 663 3283 ister3
693 3215 868 3287 praesertim
887 3234 953 3268 cum
972 3233 996 3268 c.
1017 3217 1041 3275 1.
1060 3217 1083 3282 §-
1104 3221 1130 3273 2.
1159 3219 1220 3289 ipsa
1237 3235 1287 3271 aa·

130 3293 196 3342 tara
214 3287 327 3340 dicatur
344 3285 450 3355 optima
467 3287 532 3340 das.
559 3232 650 3353 {aare
668 3304 735 3340 cum
753 3287 784 3339 in
802 3286 944 3340 librorum
961 3287 1085 3342 lectione
1104 3290 1287 3359 acquiescere

129 3360 181 3412 vix
198 3359 300 3420 liceat,
322 3358 503 3410 coniecturae
529 3357 639 3428 aliquid
658 3357 780 3410 dandum
801 3357 927 3410 ridetur.
965 3359 1000 3413 In
1020 3367 1157 3413 contexta
1175 3362 1287 3430 recepi-

128 3448 193 3484 mus
210 3429 409 3483 Bentleianam
432 3433 464 3482 ut
481 3429 561 3482 nobis
578 3432 745 3499 optimam
767 3429 986 3496 magistram
1009 3429 1146 3486 invidisse
1169 3430 1287 3485 videan-

129 3525 192 3573 tur:
217 3537 285 3572 cum
302 3534 372 3572 vero
389 3518 455 3573 fleri
472 3519 612 3590 potuerit,
638 3525 673 3573 ut
690 3518 858 3590 conrpendio
884 3521 964 3574 vocis
982 3519 1190 3574 Ciceronianae
1209 3521 1286 3574 NRA

138 3730 141 3738 ¹
163 3709 195 3781 ³¹¹)
212 3712 317 3787 Nescio
340 3712 410 3785 quo
424 3715 562 3770 acciderit
580 3733 654 3779 casu,
672 3724 713 3770 ¹ut
735 3716 767 3768 in
784 3723 880 3769 annot.
904 3723 1003 3768 nostra
1019 3735 1048 3786 p.
1068 3718 1130 3773 582
1156 3715 1285 3786 quinque

163 3809 168 3820 ¹
215 3785 309 3839 lineae
328 3795 473 3840 extremae
492 3787 594 3841 iudea
616 3789 647 3841 T.
667 3785 775 3852 Badra,
800 3805 889 3857 usque
908 3785 944 3840 ad
960 3786 1019 3841 ciri
1043 3792 1085 3842 est
1102 3787 1285 3840 incommodo

214 3856 300 3980 plane
324 3865 353 3911 et
375 3858 469 3911 alieno
498 3858 563 3910 loco
592 3858 837 3922 describerentur,
874 3875 950 3915 cum,
965 3859 1047 3930 sequi
1076 3858 1199 3912 debeant
1220 3866 1285 3931 post

228 3928 268 3980 in.
288 3933 314 3986 4.
332 3947 361 3999 p.
380 3932 442 3995 532,
461 3938 525 3999 post
541 3930 628 3982 verba
645 3929 739 3982 minas
761 3927 916 3983 humanam.

138 3995 194 4068 ·**)
213 3998 273 4052 Cur
290 4000 334 4053 bis
353 4000 504 4070 scripserit
521 4000 722 4068 verleiten,
747 4017 805 4053 non
822 4001 911 4054 facile
933 4000 1050 4055 dixeris.
1078 4027 1112 4039 -
1149 4003 1285 4055 Ceterum

137 4080 140 4085 ’
214 4087 283 4123 vere
306 4073 405 4123 monet
429 4070 511 4125 Gens.
538 4071 602 4123 Hal.
621 4072 642 4126 l.
662 4090 686 4125 c.
711 4073 812 4142 petat
830 4090 872 4142 sq.
898 4088 956 4124 non
978 4072 1111 4143 probasse
1134 4073 1285 4128 Klotaium

136 4146 139 4151 '
216 4140 319 4211 optime
343 4141 471 4196 inuidere
502 4148 634 4196 naturam
657 4143 746 4198 alicui
775 4159 833 4196 esse
858 4142 916 4209 die¹
937 4144 1053 4196 Natnr
1105 4143 1284 4197 eschickt

214 4212 504 4279 vorenthaltsn3
522 4212 598 4266 male
614 4212 755 4277 invidere,
781 4214 1036 4289 ungeschickt.
1099 4216 1140 4268 ici
1165 4215 1283 4284 quidem

214 4284 268 4337 hac
291 4285 433 4337 sententia
456 4286 603 4339 commode
625 4285 706 4353 belle,
731 4284 856 4354 putrore,
884 4285 1011 4356 egregie,
1041 4287 1200 4356 praeclare,
1227 4302 1282 4338 nec

140 4366 155 4381 '·
214 4369 286 4408 vero
307 4356 419 4424 optime.
456 4357 558 4426 Neque
585 4356 672 4410 etiam
695 4358 880 4430 perspicuum
905 4373 975 4424 esse,
1004 4357 1075 4429 quid
1100 4358 1139 4412 sit
1163 4357 1282 4412 einem

190 4450 192 4458 ,
214 4424 270 4480 die
287 4427 400 4481 Natnr
417 4426 691 4486 vorenthalten.
