2856 5084
367 274 714 352 EMENDATIONES
731 283 802 347 AD
823 280 994 346 LIBRUM
1014 281 1059 348 V.
1226 287 1288 354 349

140 453 284 529 geretur]
319 453 365 506 Ne
384 469 481 505 secum
499 449 664 505 discordent
681 456 821 520 tempora,
840 448 967 524 corrige,
994 447 1076 502 Cum
1091 451 1289 518 perceptarum

139 524 275 580 mem0rs'a
298 523 475 590 iungetur.

211 597 277 665 Cap.
296 598 341 650 34.
368 594 464 646 Labor
481 591 512 645 e'n
530 597 642 656 uenatu,
661 592 758 657 sudor,
776 606 876 644 cursus
893 591 927 643 ab
945 590 1065 655 Eurota,
1085 591 1182 657 fames,
1200 593 1297 662 stria]

139 665 185 718 Tu
203 666 272 718 haec
290 666 377 718 verba
395 663 552 717 iambicum
570 663 755 716 Octonarium
774 661 891 714 efficere
910 661 1124 726 animadvertis,
1152 663 1176 713 si
1194 665 1229 716 ad
1246 665 1289 716 di-

161 737 216 789 itos
240 736 405 809 exigantur:
433 734 508 786 unde
534 740 666 786 avetere
692 732 815 802 quodam
832 735 917 785 Poeta
941 732 1103 785 desumtum
1130 733 1287 787 arbitraris.

139 755 229 875 {tqui
248 824 330 859 aures
347 806 403 858 hoc
422 805 583 875 repudiant,
610 821 732 872 quarum
751 803 892 855 iudicium
915 820 972 854 una
998 820 1064 854 cum
1092 803 1121 854 di
1143 804 1192 854 itis
1210 805 1292 856 adhi-

140 877 266 931 bendum
285 885 335 929 est.
373 876 463 928 Nulla
481 876 560 927 enim
577 874 627 925 hic
645 874 822 940 modulatio,
841 873 956 926 numeri
975 873 1081 925 absoni.
1101 821 1202 943 ideque
1221 891 1291 928 vero

139 949 219 1000 ullus
240 948 291 1000 hic
315 948 412 999 versui
437 947 516 999 locus
544 953 610 998 est·
633 944 707 997 Cum
731 945 809 998 enim
832 961 902 997 vera
928 944 979 1008 hic
1000 943 1123 1005 historia
1146 954 1290 1010 narretur,

141 1020 193 1088 qui
212 1034 314 1088 quaeso
333 1018 428 1087 potuit
447 1032 555 1086 coquus
574 1015 729 1085 Spartanus
755 1014 934 1083 versiculum
952 1015 1088 1067 Latinum
1113 1020 1292 1069 memorare?

140 1089 311 1159 praesertim
330 1096 483 1156 antequam
507 1096 556 1138 aut
573 1087 685 1144 Ennius
712 1094 761 1138 aut
783 1085 861 1136 ullus
879 1086 1048 1142 Latinorum
1074 1094 1226 1156 poetarum
1243 1105 1293 1140 na-

142 1168 282 1213 sceretur.
321 1158 412 1224 Quare
434 1155 521 1210 verba
543 1158 638 1228 potius
657 1157 804 1209 Ciceronis
828 1156 896 1222 sint,
921 1165 955 1208 ut
979 1156 1117 1209 hactenus
1141 1166 1207 1210 sunt
1232 1158 1293 1212 exi·

130 1232 264 1283 stimate.
1000 1281 1002 1286 ,

214 1301 286 1353 lbid.
323 1301 411 1355 Quam
433 1300 521 1352 multa
545 1314 580 1351 ex
602 1303 679 1350 terra
704 1297 903 1364 arboribusque
927 1296 1095 1365 gignuntur,
1125 1315 1186 1352 cum
1213 1299 1294 1369 copia

143 1371 237 1438 faciti,
256 1379 313 1424 tum
331 1370 470 1423 suauitate
485 1369 681 1438 praestantia]
717 1369 763 1420 Tu
783 1368 914 1420 Lambini
934 1368 1162 1422 emendationem
1181 1371 1293 1441 probas.

144 1443 214 1495 Cum
232 1441 312 1510 copia
329 1442 421 1506 faciti,
447 1447 504 1493 tam
521 1442 659 1493 suavitate
675 1439 895 1507 praestanti:
923 1438 1002 1503 Quod
1020 1440 1081 1493 sine
1109 1440 1195 1493 dubio
1213 1456 1296 1509 prae·

141 1514 295 1566 ferendum
314 1522 356 1567 est
373 1513 508 1584 vulgato:
530 1520 568 1575 et,
588 1511 612 1562 si
631 1510 719 1563 codex
736 1509 895 1575 accederet,
914 1526 972 1561 non
989 1513 1191 1584 repugnarem.
1229 1511 1296 1576 Sed,

143 1584 212 1654 quia
230 1584 260 1635 id
278 1600 334 1636 non
354 1590 405 1646 est,
425 1578 467 1635 sic
485 1582 619 1652 equidem
645 1581 757 1646 malim,
783 1580 847 1633 Cura
865 1579 946 1650 copia
974 1581 1121 1648 facilia,
1145 1585 1209 1635 tum'
1230 1597 1296 1636 sua-

143 1653 228 1708 uitate
244 1653 431 1722 praestantia.

215 1725 283 1794 Gap.
302 1727 346 1782 35.
385 1725 444 1776 Cur
471 1721 567 1790 igitur
597 1723 715 1777 diuitiae
745 1721 955 1776 desiderentur?
992 1728 1042 1776 aut
1071 1722 1120 1776 ubi
1142 1729 1297 1792 paupertas

146 1797 242 1848 beatas
261 1812 320 1848 esse
339 1811 393 1848 uon
411 1794 503 1847 sinit?
541 1793 652 1860 Signis,
677 1795 769 1858 eredo,
794 1793 908 1858 tabulis,
932 1793 1015 1845 ludis.
1053 1793 1087 1847 Sa'
1110 1795 1173 1862 quis
1190 1802 1230 1847 est
1283 1795 1297 1848 ι’

146 1866 192 1919 Itis
210 1867 373 1926 detractum
392 1881 480 1918 nonne
497 1865 596 1924 melias
614 1871 709 1917 tenues
727 1863 849 1918 domines
865 1867 1008 1930 fruuntur,
1028 1880 1109 1931 quam
1126 1864 1233 1936 illiqut'
1248 1812 1298 1920 lle

147 1936 306 1990 abundant?
342 1937 392 1987 Est
420 1935 494 1987 euim
519 1949 616 1986 earum
638 1935 759 1986 omasum
782 1952 876 1987 rerum
894 1941 989 1986 nostra
1007 1934 1037 1987 e'n
1058 1937 1125 1990 urbe
1143 1940 1298 1992 summata

143 2007 254 2076 publico
272 2006 369 2073 copia.-
389 2020 457 2073 qaae
476 2005 523 2071 qua'
538 2003 648 2072 privati
664 2003 769 2068 babent,
801 2021 851 2057 aec
874 2011 927 2056 tam
944 2005 1027 2057 multa
1040 2012 1076 2060 et
1101 2021 1171 2059 raro
1189 2004 1297 2070 uident,
1330 2059 1333 2065 ,

145 2079 213 2130 cum‘
225 2078 255 2130 s‘a
274 2093 324 2130 saa
342 2093 411 2129 rura
429 2083 575 2128 uenerunt:
592 2091 669 2144 quos
694 2083 787 2128 tamen
808 2077 908 2144 pangit
934 2074 1053 2144 aliquid,
1076 2092 1138 2130 cum
1155 2076 1208 2129 itta
1225 2079 1299 2132 unde

144 2146 263 2201 babeant
281 2145 484 2210 recordentur]
520 2147 628 2198 Totum
645 2146 724 2199 hunc
742 2147 840 2198 locum
857 2162 971 2198 necesse
991 2155 1052 2199 erat
1075 2148 1247 2214 describere,
1265 2157 1299 2201 nt

144 2220 261 2271 facilius
284 2218 413 2292 intelligi
439 2217 537 2287 possit,
566 2217 638 2286 quid
663 2218 763 2269 velim.
805 2217 877 2269 Vide
899 2217 992 2288 igitur
1018 2218 1092 2270 illud
1118 2219 1234 2272 ludis.-
1269 2227 1299 2273 et

145 2307 231 2359 quam
250 2290 325 2341 male
353 2290 380 2341 ei
406 2288 560 2341 conveniat
585 2304 652 2339 cum
674 2287 871 2356 sequentibus,
898 2288 1039 2356 perspice.
1078 2289 1163 2355 Quae,
1191 2291 1298 2360 inquit,

145 2359 317 2428 qas'pra‘vata'
334 2357 445 2413 babent:
465 2376 501 2409 an
519 2357 620 2411 babere
638 2357 718 2412 ludos
736 2359 838 2410 latine
857 2357 983 2410 dicitur?
1008 2375 1045 2416 an
1067 2359 1176 2428 privati
1202 2369 1299 2414 autem

146 2432 224 2484 domi
242 2431 324 2482 ludos
343 2430 547 2482 instituebant?
584 2429 721 2496 Sequitur
738 2446 816 2492 mox,
841 2429 878 2480 Et
894 2445 964 2481 raro
982 2428 1087 2495 vident,
1111 2447 1168 2484 cum
1191 2433 1222 2486 s'n
1245 2447 1300 2486 sua

146 2518 216 2555 rura
241 2507 388 2555 uenerunt:
416 2500 473 2552 hoc
499 2498 595 2568 signis
620 2506 650 2552 et
672 2499 776 2552 tabulis
801 2499 873 2552 bene
898 2501 1043 2565 convenit,
1069 2519 1141 2571 quae
1169 2501 1199 2555 in
1217 2504 1299 2556 villis

146 2574 204 2624 suis
221 2573 327 2625 habere
345 2571 465 2624 Romani
483 2587 616 2640 proceres
636 2578 856 2623 consueverant:
883 2570 973 2624 Ludis
999 2587 1069 2624 vero
1093 2573 1222 2627 minime.
1258 2575 1300 2628 Ut

91 2657 93 2660 ·
148 2653 177 2697 et
195 2644 271 2695 illud
288 2643 413 2712 denique
428 2643 532 2709 pangit
549 2640 678 2710 aliquid*
694 2642 728 2694 ob
747 2638 914 2711 peculatum
932 2642 1047 2694 scilicet
1065 2650 1094 2694 et
1113 2644 1300 2720 sacrilegium

147 2733 164 2766 a
182 2732 211 2766 se
229 2715 396 2766 admissum:
423 2713 596 2783 plerumque
616 2713 695 2764 enim
719 2712 802 2779 signa
821 2712 873 2763 illa
891 2719 919 2765 et
938 2714 1047 2766 tabulae
1072 2731 1087 2767 e
1107 2715 1224 2768 Graecis
1250 2732 1301 2768 ur-

146 2785 227 2836 bibus
246 2785 420 2854 templisque
445 2784 546 2853 rapina
570 2791 620 2836 aut
644 2785 724 2835 furto
742 2785 850 2836 ablatae
869 2793 968 2849 erant,
994 2784 1028 2837 de
1048 2802 1104 2854 qua
1126 2803 1158 2838 re
1183 2785 1300 2839 consule

147 2857 274 2908 actiones
292 2855 470 2907 in‘Verrem.
510 2854 565 2906 Sed
584 2853 736 2923 quidhoc,
756 2856 880 2918 obsecro,
905 2855 941 2907 ad
957 2854 1052 2908 Ludos
1069 2847 1220 2924 pertinet?
1251 2856 1302 2910 Vi·

148 2928 196 2995 des
221 2926 288 2991 iam,
320 2925 438 2994 opinor,
468 2925 600 2977 lectIonis
625 2933 756 2995 receptae
783 2925 963 2994 pravitatem.
1008 2926 1055 2977 Tu
1081 2926 1147 3002 lege
1173 2943 1232 2980 non
1260 2927 1299 2982 ita

148 3015 251 3071 magna
270 2996 447 3059 mutatione,
478 3001 506 3047 ct
532 2996 609 3047 enim
633 2996 699 3047 etd
725 2995 757 3046 in
774 2996 919 3056 veteribus
947 2996 1070 3065 scriptis·
1080 3014 1161 3066 saepe
1180 2998 1301 3058 coafun-

148 3070 270 3132 duntur3
302 3066 412 3133 Signis,
439 3067 532 3132 credo,
557 3071 583 3118 et
608 3067 710 3119 tabulis
730 3065 823 3134 ps'att'
829 3080 852 3120 s.
895 3064 944 3119 Sic
968 3066 1051 3137 loqui
1081 3068 1210 3124 solebant
1233 3066 1300 3123 boni

148 3140 318 3209 scriptores:
339 3137 474 3190 Horatius
492 3137 584 3205 Epist.
604 3137 628 3201 1,
648 3139 674 3190 2.
754 3177 756 3179 -
866 3166 867 3170 =
1123 3164 1124 3167 =
1237 3154 1240 3160 ·

390 3209 427 3261 Ut
446 3208 551 3274 lippum
569 3208 664 3277 pictae
681 3205 804 3272 tabulae,
829 3210 952 3274 fomenta
968 3208 1134 3276 podagram.

152 3281 243 3336 Serm.
265 3280 289 3344 I,
310 3284 335 3334 1.
390 3279 511 3347 Cogeris
529 3284 579 3330 aut
597 3278 683 3347 pictis
702 3285 841 3346 tamquam
858 3280 984 3345 gaudere
1001 3281 1123 3333 tabellis.

150 3353 243 3421 Epist.
264 3352 303 3415 11,
323 3356 347 3405 l.
386 3348 537 3417 Suspendit
555 3349 633 3418 picta
650 3349 755 3402 uultum
772 3355 937 3418 mentemque
956 3351 1070 3419 tabella.

151 3423 252 3477 Cicero
271 3423 342 3492 ipse,
361 3422 395 3475 de
414 3422 479 3473 Nat.
499 3421 588 3474 Deor.
604 3419 642 3483 11,
661 3422 705 3474 34.
743 3416 797 3476 Qut
814 3421 907 3487 igitur
924 3421 1061 3487 convenit,
1085 3419 1229 3490 signum
1250 3430 1302 3477 aut

151 3494 304 3547 tabulam
332 3492 473 3559 pictam.
491 3507 553 3543 cam
580 3488 752 3558 adspexeris,
785 3490 858 3542 scire
881 3490 1037 3545 adhibitam
1064 3508 1124 3544 esse
1147 3499 1246 3559 artem,
1273 3502 1303 3547 et

150 3565 204 3618 111.
229 3568 273 3620 37.
310 3564 407 3616 Nonae
432 3560 636 3615 animadvertis
669 3577 703 3613 ex
726 3567 768 3614 tot
791 3561 933 3614 tabulis
952 3560 1081 3629 piatis,
1112 3578 1192 3632 quam
1222 3565 1304 3618 matti

150 3636 225 3688 votis
249 3635 306 3687 aim
328 3632 503 3700 tempestatis
526 3630 696 3699 effugerint?
728 3634 787 3702 'Pro
812 3633 923 3685 Roscio·
939 3633 1078 3685 Amerino
1103 3650 1127 3690 c.
1147 3637 1190 3690 46.
1228 3637 1303 3692 Quia

151 3711 300 3773 praeterea
318 3704 423 3757 caelati
440 3702 575 3769 argenti?
594 3701 661 3770 quid
678 3702 825 3769 stragulae
843 3701 945 3755 uestis?
963 3705 1030 3773 quid
1046 3705 1232 3772 pictarum
1249 3714 1304 3760 ta-

151 3776 337 3830 bularum?
357 3776 425 3845 quid
441 3773 651 3840 signorum?
669 3774 738 3842 quid
755 3772 903 3827 marmoris
921 3776 996 3842 apud
1013 3774 1092 3827 illum
1102 3776 1303 3843 putatisesse?

150 3850 304 3914 Postquam
329 3845 400 3898 haec
424 3846 604 3914 scripseram,
636 3849 698 3896 sero
715 3843 778 3902 ,hoc
801 3842 1003 3898 animadverti
1017 3846 1091 3914 apud
1116 3846 1301 3899 Lambinum:

152 3917 283 3981 Quidam,
307 3916 413 3985 inquit,
437 3914 542 3968 tabulis
563 3913 659 3982 pictis,
686 3915 776 3967 deleta
799 3932 863 3969 voce
880 3915 973 3967 ludis.-
1001 3929 1019 3966 a
1038 3917 1136 3983 quibas
1154 3916 1302 3970 dissentio.

151 3991 233 4043 Itane
255 4004 334 4051 vero,
359 3988 407 4039 vir
429 3986 554 4054 optime?
579 3984 688 4038 nollem
712 3987 829 4038 factum.
869 3984 924 4038 Sed
946 3984 1010 4036 aliis
1035 3985 1094 4038 tuis
1120 3995 1199 4039 recte
1217 3987 1302 4039 factis

150 4059 206 4112 hoc
225 4069 352 4112 erratum
371 4057 545 4129 pensabitur.
932 4063 933 4067 ’
1087 4067 1088 4070 ’

223 4129 290 4200 Cap.
310 4134 353 4186 37.
391 4128 454 4180 Iam
471 4143 537 4179 aero
556 4125 695 4191 exsilium,
714 4126 741 4179 ss'
758 4143 856 4178 rerum
874 4133 1016 4191 naturam,
1042 4142 1096 4179 non
1116 4125 1303 4194 ignominiam

153 4200 277 4255 nominis
295 4200 463 4272 quaerimus,
484 4202 615 4266 quantam
633 4199 739 4250 demum
752 4212 770 4249 a
782 4197 1150 4266 perpauaperegrtnaaone
1168 4198 1300 4264 disserti]

153 4273 227 4339 Quid
244 4272 293 4325 hic
312 4288 408 4325 rerum
427 4277 530 4323 natura
548 4268 645 4331 faciat,
664 4269 968 4341 nequeointelligere.
1007 4268 1139 4342 Corrige,
1165 4271 1231 4324 uei
1254 4287 1303 4323 na-

152 4352 255 4400 turam.
291 4342 323 4398 Si
342 4344 440 4414 ipsam,
470 4340 575 4410 inquit,
603 4338 686 4391 exilii
702 4347 852 4403 ssnaturam,
878 4354 935 4391 non
959 4355 1064 4392 nomen
1088 4340 1171 4395 modo
1196 4359 1302 4411 expen-

153 4417 255 4469 dimus.
292 4415 348 4468 Res
366 4423 395 4468 et
414 4428 512 4468 nomen
528 4409 634 4482 passim
652 4417 844 4482 opponuntur.
