2856 5084
239 1029 591 1128 nonnonls
613 1020 1058 1165 rnnnnnrlo.

570 1271 732 1284 m

157 1487 248 1615 Qut
266 1539 431 1604 'Editionis
452 1541 651 1606 Davisianae
676 1544 795 1604 tertiae
817 1542 1049 1625 repetitionem
1075 1506 1223 1620 curavit,

72 1653 290 1737 Gaisfordius,
323 1659 367 1720 V.
393 1657 458 1740 ct,
487 1680 570 1743 quae
597 1656 726 1745 prodiit
746 1635 867 1723 Oxonii
889 1659 993 1723 seculi
1014 1659 1113 1723 huius
1133 1679 1220 1726 anne

70 1777 199 1855 quinto,
222 1774 330 1837 eidem
347 1780 540 1861 repetitioni
554 1776 684 1840 addidit
703 1778 846 1841 Bentleii
858 1788 952 1840 notas
966 1776 1118 1858 ineditas,
1140 1798 1223 1868 quas,

70 1894 228 1953 asterisco
249 1902 376 1956 notatas
397 1896 465 1955 suis
485 1895 568 1956 locis
584 1892 875 1956 Emendationibus
896 1893 1096 1957 Bentleianis
1114 1897 1220 1963 inter·v
1330 1897 1332 1901 ’

69 2010 254 2090 posuimus,
289 2008 392 2093 quod
411 2009 500 2072 idem
531 2013 612 2074 fecit
645 2012 681 2098 in
713 2009 866 2074 Editioue
901 2009 1022 2072 horum
1053 2003 1223 2097 librorum?

70 2125 235 2205 Orellius,
268 2125 312 2192 V.
344 2125 394 2190 Cl.
425 2126 608 2192 Gaisfordii
635 2148 717 2212 vero
746 2129 866 2190 harum
896 2138 1052 2192 notarum
1079 2126 1223 2221 inedita.

69 2261 145 2304 rum
157 2227 432 2328 praefatiuncula
455 2250 511 2308 cui
524 2267 591 2309 non
602 2249 718 2332 magis,
741 2266 839 2328 quam
853 2244 994 2308 editioni
1010 2246 1086 2332 ipsi,
1094 2227 1224 2332 nomen,

68 2381 233 2422 summum
255 2366 419 2446 apposnit,
441 2363 522 2426 haec
543 2373 610 2426 est:

153 2478 271 2559 »Quae
303 2481 367 2542 tibi
393 2483 429 2541 in
460 2500 575 2542 manus
601 2477 780 2542 traduntur
799 2480 944 2543 Bentleii
975 2476 1217 2542 emendationes

68 2593 227 2658 hactenus
255 2596 399 2661 ineditae
429 2596 588 2660 eCodice
615 2597 841 2659 Bibliothecae
868 2573 1022 2681 publicae
1046 2595 1219 2661 Cantabri-

70 2715 206 2797 giensis,
228 2713 293 2778 Nn.
307 2719 338 2781 3.
349 2719 400 2780 to.
423 2719 563 2803 signato,
585 2718 763 2778 maximam
777 2724 907 2798 partem
925 2714 1109 2799 descriptae
1130 2724 1216 2777 sunt.

69 2827 208 2892 Ceterae
230 2850 248 2891 e
267 2829 341 2892 Ms.
364 2831 598 2910 Bibliothecae.
620 2831 705 2897 Coll.
727 2830 785 2896 SS.
808 2831 986 2896 Trinitatis
1007 2831 1100 2895 Cant.
1129 2829 1218 2893 deri*

34 2937 36 2941 ¹
67 2957 206 3026 vantur3
229 2968 308 3031 quas
329 2951 485 3011 asterisco
506 2951 645 3037 praefigi
666 2953 820 3012 curatum
842 2958 900 3011 est.
943 2951 986 3012 Et
1005 2949 1062 3010 has
1083 2945 1218 3031 quidem

67 3076 160 3129 notas
181 3068 218 3126 in
238 3087 335 3128 usum
349 3065 479 3129 Davisii
500 3068 582 3130 olim
603 3069 804 3151 conscriptas
825 3069 938 3146 fuisse,
959 3065 1057 3129 fidem
1077 3067 1216 3145 faciunt,
1246 3097 1256 3109 ·
1295 3074 1297 3079 ’

66 3203 150 3264 quae
181 3202 222 3244 ex
252 3185 514 3269 praefationibus
544 3183 706 3248 secundae
738 3194 772 3246 et
806 3186 925 3247 tertiae
956 3182 1029 3249 edd.
1063 3183 1217 3270 deinceps

67 3301 215 3363 subiecta
234 3300 378 3363 habestt
401 3336 444 3349 -

147 3417 206 3478 Bd.
228 3438 291 3480 sec.
318 3445 365 3484 s»
376 3417 465 3480 Meis
486 3419 575 3480 notis
596 3419 748 3480 omnibus
768 3417 884 3502 praelo
906 3419 1030 3502 paratis
1050 3416 1216 3478 recensio·

56 3509 141 3595 'nem
161 3554 264 3613 suam,
287 3556 386 3618 quam
405 3537 602 3620 plerumque
622 3555 753 3618 sequor,
782 3535 864 3598 mihi
885 3536 921 3597 in
941 3553 1056 3597 manus
1076 3531 1217 3596 tradidit

10 3693 13 3695 -
67 3649 303 3712 celeberrimus
317 3652 355 3712 R.
369 3653 556 3732 Bentleius3
569 3672 755 3736 ,secumque
769 3655 886 3716 statuit
907 3654 943 3714 in
957 3649 1217 3715 animadversio-

67 3767 164 3829 nibus
186 3766 264 3828 hnic
286 3768 374 3831 libro
396 3768 611 3857 adiungendis
639 3769 822 3850 ostendere,
851 3770 970 3853 quibus
994 3767 1216 3831 fundamentis

65 3888 163 3948 nixae
184 3887 252 3948 sint
273 3884 516 3949 emendationes
543 3907 631 3952 snae.
675 3886 751 3950 'Sed
781 3908 857 3951 cnm
888 3883 1128 3947 eruditissimus
1155 3863 1217 3946 ille

65 4005 122 4065 vir
136 4003 252 4065 multis
269 4005 411 4090 negotiis
425 4002 507 4065 adeo
523 4006 567 4067 sit
584 4003 775 4089 impeditus,
793 4013 832 4065 ut
847 4003 1019 4086 promissis
1041 4011 1130 4064 stare
1148 4019 1216 4062 non

66 4123 181 4204 possit,
202 4124 266 4184 isto
288 4120 460 4183 Thesauro
484 4140 598 4182 careas
620 4130 751 4205 oportet
778 4120 1088 4205 impraesentiarum
1109 4127 1213 4181 stes«
1270 4132 1271 4135 ’

57 4244 59 4248 ‘
148 4236 205 4300 Ed.
219 4249 295 4304 tert.
322 4238 457 4332 »stuin
479 4241 579 4301 etiam
599 4257 666 4300 non
686 4258 806 4324 paucas
827 4233 1071 4301 emendationes
1091 4237 1230 4299 memo?

17 4384 18 4387 ¹
67 4359 152 4436 ravi,
173 4376 256 4438 quae
276 4359 561 4442 perspicacissimo
580 4357 701 4426 summi
716 4356 858 4423 Bentleii
879 4354 1041 4422 debentur
1061 4357 1213 4443 ingeni03
