<?xml version="1.0" encoding="UTF-8"?>
<!DOCTYPE html PUBLIC "-//W3C//DTD XHTML 1.0 Transitional//EN"
    "http://www.w3.org/TR/xhtml1/DTD/xhtml1-transitional.dtd">
<html xmlns="http://www.w3.org/1999/xhtml" xml:lang="en" lang="en">
 <head>
  <title>
</title>
<meta http-equiv="Content-Type" content="text/html;charset=utf-8" />
  <meta name='ocr-system' content='tesseract 3.04.00' />
  <meta name='ocr-capabilities' content='ocr_page ocr_carea ocr_par ocr_line ocrx_word'/>
</head>
<body>
  <div class='ocr_page' id='page_1' title='image "./mtulliiciceroni02davigoog/mtulliiciceroni02davigoog_0131.png"; bbox 0 0 2856 5084; ppageno 0'>
   <div class='ocr_carea' id='block_1_1' title="bbox 100 242 1139 344">
    <p class='ocr_par' dir='ltr' id='par_1_1' title="bbox 100 242 1139 344">
     <span class='ocr_line' id='line_1_1' title="bbox 100 242 1139 344; baseline 0.008 -13"><span class='ocrx_word' id='word_1_1' title='bbox 100 327 102 331; x_wconf 84' lang='grc'><strong>,</strong></span> <span class='ocrx_word' id='word_1_2' title='bbox 189 280 251 344; x_wconf 83' lang='lat' dir='ltr'><strong>uo</strong></span> <span class='ocrx_word' id='word_1_3' title='bbox 389 253 887 339; x_wconf 71' lang='lat' dir='ltr'><strong>c1cuuou1&#39;s‘ruscunuu.</strong></span> <span class='ocrx_word' id='word_1_4' title='bbox 908 242 1139 339; x_wconf 73' lang='lat' dir='ltr'><strong>viseum.</strong></span> 
     </span>
    </p>
   </div>
   <div class='ocr_carea' id='block_1_2' title="bbox 188 420 1349 686">
    <p class='ocr_par' dir='ltr' id='par_1_2' title="bbox 188 420 1349 686">
     <span class='ocr_line' id='line_1_2' title="bbox 188 420 1349 519; baseline -0.005 -15"><span class='ocrx_word' id='word_1_5' title='bbox 188 440 322 505; x_wconf 78' lang='lat' dir='ltr'><strong>mellum</strong></span> <span class='ocrx_word' id='word_1_6' title='bbox 354 457 421 501; x_wconf 91' lang='lat' dir='ltr'><strong>non</strong></span> <span class='ocrx_word' id='word_1_7' title='bbox 457 420 601 501; x_wconf 90' lang='lat' dir='ltr'><strong>multum</strong></span> <span class='ocrx_word' id='word_1_8' title='bbox 641 457 661 517; x_wconf 85' lang='lat' dir='ltr'><strong>e</strong></span> <span class='ocrx_word' id='word_1_9' title='bbox 688 437 798 502; x_wconf 91' lang='lat' dir='ltr'><strong>dumis</strong></span> <span class='ocrx_word' id='word_1_10' title='bbox 825 439 1037 512; x_wconf 79' lang='lat' dir='ltr'><strong>eminentem,</strong></span> <span class='ocrx_word' id='word_1_11' title='bbox 1074 439 1110 500; x_wconf 90' lang='lat' dir='ltr'><strong>iu</strong></span> <span class='ocrx_word' id='word_1_12' title='bbox 1139 455 1206 519; x_wconf 86' lang='lat' dir='ltr'><strong>qua</strong></span> <span class='ocrx_word' id='word_1_13' title='bbox 1235 436 1349 498; x_wconf 86' lang='lat' dir='ltr'><strong>inerat</strong></span> 
     </span>
     <span class='ocr_line' id='line_1_3' title="bbox 191 519 1348 607; baseline -0.004 -21"><span class='ocrx_word' id='word_1_14' title='bbox 191 523 351 607; x_wconf 78' lang='lat' dir='ltr'><strong>sphaerae</strong></span> <span class='ocrx_word' id='word_1_15' title='bbox 376 523 483 607; x_wconf 79' lang='lat' dir='ltr'><strong>figura</strong></span> <span class='ocrx_word' id='word_1_16' title='bbox 506 530 541 583; x_wconf 86' lang='lat' dir='ltr'><strong>et</strong></span> <span class='ocrx_word' id='word_1_17' title='bbox 568 519 726 602; x_wconf 83' lang='lat' dir='ltr'><strong>cylindri.</strong></span> <span class='ocrx_word' id='word_1_18' title='bbox 792 521 901 604; x_wconf 85' lang='lat' dir='ltr'><strong>Atque</strong></span> <span class='ocrx_word' id='word_1_19' title='bbox 929 541 991 606; x_wconf 83' lang='lat' dir='ltr'><strong>ego</strong></span> <span class='ocrx_word' id='word_1_20' title='bbox 1024 522 1138 583; x_wconf 84' lang='lat' dir='ltr'><strong>statim</strong></span> <span class='ocrx_word' id='word_1_21' title='bbox 1164 519 1348 600; x_wconf 86' lang='lat' dir='ltr'><strong>Syracusa·</strong></span> 
     </span>
     <span class='ocr_line' id='line_1_4' title="bbox 191 601 1348 686; baseline -0.003 -18"><span class='ocrx_word' id='word_1_22' title='bbox 191 609 245 668; x_wconf 85' lang='lat' dir='ltr'><strong>nis</strong></span> <span class='ocrx_word' id='word_1_23' title='bbox 266 610 375 681; x_wconf 84' lang='lat' dir='ltr'><strong>(erant</strong></span> <span class='ocrx_word' id='word_1_24' title='bbox 395 611 508 666; x_wconf 87' lang='lat' dir='ltr'><strong>autem</strong></span> <span class='ocrx_word' id='word_1_25' title='bbox 528 604 697 686; x_wconf 77' lang='lat' dir='ltr'><strong>principes</strong></span> <span class='ocrx_word' id='word_1_26' title='bbox 709 603 854 684; x_wconf 89' lang='lat' dir='ltr'><strong>mecum)</strong></span> <span class='ocrx_word' id='word_1_27' title='bbox 877 604 957 683; x_wconf 83' lang='lat' dir='ltr'><strong>dixi,</strong></span> <span class='ocrx_word' id='word_1_28' title='bbox 980 624 1033 668; x_wconf 89' lang='lat' dir='ltr'><strong>me</strong></span> <span class='ocrx_word' id='word_1_29' title='bbox 1053 601 1137 664; x_wconf 91' lang='lat' dir='ltr'><strong>illud</strong></span> <span class='ocrx_word' id='word_1_30' title='bbox 1158 603 1268 685; x_wconf 88' lang='lat' dir='ltr'><strong>ipsum</strong></span> <span class='ocrx_word' id='word_1_31' title='bbox 1291 621 1348 664; x_wconf 88' lang='lat' dir='ltr'><strong>ar-</strong></span> 
     </span>
    </p>
   </div>
   <div class='ocr_carea' id='block_1_3' title="bbox 190 776 1361 1422">
    <p class='ocr_par' dir='ltr' id='par_1_3' title="bbox 192 776 1361 932">
     <span class='ocr_line' id='line_1_5' title="bbox 192 776 1361 857; baseline -0.001 -16"><span class='ocrx_word' id='word_1_32' title='bbox 192 789 316 841; x_wconf 83' lang='lat' dir='ltr'><strong>Mutatae</strong></span> <span class='ocrx_word' id='word_1_33' title='bbox 334 785 521 857; x_wconf 83' lang='lat' dir='ltr'><strong>inversaeque</strong></span> <span class='ocrx_word' id='word_1_34' title='bbox 545 794 610 839; x_wconf 89' lang='lat' dir='ltr'><strong>sunt</strong></span> <span class='ocrx_word' id='word_1_35' title='bbox 631 776 683 839; x_wconf 79' lang='lat' dir='ltr'><strong>hie</strong></span> <span class='ocrx_word' id='word_1_36' title='bbox 700 787 814 853; x_wconf 84' lang='lat' dir='ltr'><strong>literae,</strong></span> <span class='ocrx_word' id='word_1_37' title='bbox 834 785 911 840; x_wconf 87' lang='lat' dir='ltr'><strong>cct.“</strong></span> <span class='ocrx_word' id='word_1_38' title='bbox 940 784 1011 838; x_wconf 88' lang='lat' dir='ltr'><strong>Add.</strong></span> <span class='ocrx_word' id='word_1_39' title='bbox 1032 785 1160 838; x_wconf 84' lang='lat' dir='ltr'><strong>Goeller.</strong></span> <span class='ocrx_word' id='word_1_40' title='bbox 1180 783 1215 836; x_wconf 89' lang='lat' dir='ltr'><strong>de</strong></span> <span class='ocrx_word' id='word_1_41' title='bbox 1232 783 1297 838; x_wconf 86' lang='lat' dir='ltr'><strong>situ</strong></span> <span class='ocrx_word' id='word_1_42' title='bbox 1317 794 1361 840; x_wconf 82' lang='lat' dir='ltr'><strong>et-</strong></span> 
     </span>
     <span class='ocr_line' id='line_1_6' title="bbox 193 853 1346 932; baseline -0.001 -21"><span class='ocrx_word' id='word_1_43' title='bbox 193 857 272 932; x_wconf 81' lang='lat' dir='ltr'><strong>0r‘ig.</strong></span> <span class='ocrx_word' id='word_1_44' title='bbox 298 855 430 928; x_wconf 78' lang='lat' dir='ltr'><strong>syracus.</strong></span> <span class='ocrx_word' id='word_1_45' title='bbox 457 875 487 927; x_wconf 84' lang='lat' dir='ltr'><strong>p.</strong></span> <span class='ocrx_word' id='word_1_46' title='bbox 511 861 553 913; x_wconf 86' lang='lat'><strong>61.</strong></span> <span class='ocrx_word' id='word_1_47' title='bbox 581 876 622 928; x_wconf 83' lang='lat' dir='ltr'><strong>sq.</strong></span> <span class='ocrx_word' id='word_1_48' title='bbox 648 860 693 912; x_wconf 82' lang='lat'><strong>64.</strong></span> <span class='ocrx_word' id='word_1_49' title='bbox 727 858 778 926; x_wconf 86' lang='lat' dir='ltr'><strong>qui</strong></span> <span class='ocrx_word' id='word_1_50' title='bbox 810 857 911 926; x_wconf 87' lang='lat' dir='ltr'><strong>probat</strong></span> <span class='ocrx_word' id='word_1_51' title='bbox 940 857 1128 926; x_wconf 83' lang='lat' dir='ltr'><strong>scriptionem</strong></span> <span class='ocrx_word' id='word_1_52' title='bbox 1155 853 1346 924; x_wconf 70' lang='lat' dir='ltr'><strong>Achradinae,</strong></span> 
     </span>
    </p>

    <p class='ocr_par' dir='ltr' id='par_1_4' title="bbox 235 927 1347 1004">
     <span class='ocr_line' id='line_1_7' title="bbox 235 927 1347 1004; baseline 0 -24"><span class='ocrx_word' id='word_1_53' title='bbox 235 946 279 980; x_wconf 80' lang='lat' dir='ltr'><strong>arn</strong></span> <span class='ocrx_word' id='word_1_54' title='bbox 298 946 351 1004; x_wconf 79' lang='lat' dir='ltr'><strong>ego</strong></span> <span class='ocrx_word' id='word_1_55' title='bbox 370 944 485 998; x_wconf 83' lang='lat' dir='ltr'><strong>quoque</strong></span> <span class='ocrx_word' id='word_1_56' title='bbox 509 930 607 999; x_wconf 85' lang='lat' dir='ltr'><strong>recepi</strong></span> <span class='ocrx_word' id='word_1_57' title='bbox 634 945 701 981; x_wconf 89' lang='lat' dir='ltr'><strong>cum</strong></span> <span class='ocrx_word' id='word_1_58' title='bbox 727 928 898 993; x_wconf 85' lang='lat' dir='ltr'><strong>FAWolfio,</strong></span> <span class='ocrx_word' id='word_1_59' title='bbox 923 927 1007 981; x_wconf 87' lang='lat' dir='ltr'><strong>Schz.</strong></span> <span class='ocrx_word' id='word_1_60' title='bbox 1034 929 1080 981; x_wconf 89' lang='lat' dir='ltr'><strong>Or.</strong></span> <span class='ocrx_word' id='word_1_61' title='bbox 1100 927 1190 980; x_wconf 90' lang='lat' dir='ltr'><strong>Nobb.</strong></span> <span class='ocrx_word' id='word_1_62' title='bbox 1203 927 1288 983; x_wconf 70' lang='lat' dir='ltr'><strong>&#39;Tun</strong></span> <span class='ocrx_word' id='word_1_63' title='bbox 1310 945 1347 980; x_wconf 85' lang='lat' dir='ltr'><strong>ex</strong></span> 
     </span>
    </p>

    <p class='ocr_par' dir='ltr' id='par_1_5' title="bbox 190 997 1349 1422">
     <span class='ocr_line' id='line_1_8' title="bbox 220 997 1348 1053; baseline -0.001 -1"><span class='ocrx_word' id='word_1_64' title='bbox 220 1000 263 1052; x_wconf 83' lang='lat' dir='ltr'><strong>od.</strong></span> <span class='ocrx_word' id='word_1_65' title='bbox 282 1000 391 1053; x_wconf 88' lang='lat' dir='ltr'><strong>Ursini.</strong></span> <span class='ocrx_word' id='word_1_66' title='bbox 430 1001 493 1052; x_wconf 90' lang='lat' dir='ltr'><strong>Neo</strong></span> <span class='ocrx_word' id='word_1_67' title='bbox 510 1000 619 1051; x_wconf 91' lang='lat' dir='ltr'><strong>mirum</strong></span> <span class='ocrx_word' id='word_1_68' title='bbox 640 999 732 1052; x_wconf 91' lang='lat' dir='ltr'><strong>estin</strong></span> <span class='ocrx_word' id='word_1_69' title='bbox 755 1000 809 1050; x_wconf 86' lang='lat' dir='ltr'><strong>hac</strong></span> <span class='ocrx_word' id='word_1_70' title='bbox 831 1016 902 1052; x_wconf 82' lang='lat' dir='ltr'><strong>voce</strong></span> <span class='ocrx_word' id='word_1_71' title='bbox 922 1000 1067 1050; x_wconf 85' lang='lat' dir='ltr'><strong>rarissima</strong></span> <span class='ocrx_word' id='word_1_72' title='bbox 1088 1015 1195 1051; x_wconf 87' lang='lat' dir='ltr'><strong>errasse</strong></span> <span class='ocrx_word' id='word_1_73' title='bbox 1212 997 1348 1051; x_wconf 85' lang='lat' dir='ltr'><strong>librarios</strong></span> 
     </span>
     <span class='ocr_line' id='line_1_9' title="bbox 193 1068 1349 1137; baseline 0.001 -14"><span class='ocrx_word' id='word_1_74' title='bbox 193 1078 309 1123; x_wconf 88' lang='lat' dir='ltr'><strong>tantum</strong></span> <span class='ocrx_word' id='word_1_75' title='bbox 332 1088 390 1124; x_wconf 89' lang='lat' dir='ltr'><strong>non</strong></span> <span class='ocrx_word' id='word_1_76' title='bbox 413 1086 519 1126; x_wconf 88' lang='lat' dir='ltr'><strong>omnes.</strong></span> <span class='ocrx_word' id='word_1_77' title='bbox 555 1071 636 1122; x_wconf 90' lang='lat' dir='ltr'><strong>Unus</strong></span> <span class='ocrx_word' id='word_1_78' title='bbox 662 1069 711 1121; x_wconf 82' lang='lat' dir='ltr'><strong>Ox.</strong></span> <span class='ocrx_word' id='word_1_79' title='bbox 736 1070 822 1123; x_wconf 84' lang='lat' dir='ltr'><strong>habet</strong></span> <span class='ocrx_word' id='word_1_80' title='bbox 845 1087 862 1122; x_wconf 90' lang='lat' dir='ltr'><strong>a</strong></span> <span class='ocrx_word' id='word_1_81' title='bbox 884 1077 967 1137; x_wconf 86' lang='lat' dir='ltr'><strong>porta</strong></span> <span class='ocrx_word' id='word_1_82' title='bbox 990 1069 1178 1137; x_wconf 76' lang='lat' dir='ltr'><strong>sagragiana‚</strong></span> <span class='ocrx_word' id='word_1_83' title='bbox 1211 1068 1285 1120; x_wconf 87' lang='lat' dir='ltr'><strong>alius</strong></span> <span class='ocrx_word' id='word_1_84' title='bbox 1311 1071 1349 1124; x_wconf 89' lang='lat' dir='ltr'><strong>ad</strong></span> 
     </span>
     <span class='ocr_line' id='line_1_10' title="bbox 190 1139 1348 1211; baseline -0.004 -15"><span class='ocrx_word' id='word_1_85' title='bbox 190 1149 290 1211; x_wconf 82' lang='lat' dir='ltr'><strong>portas</strong></span> <span class='ocrx_word' id='word_1_86' title='bbox 306 1139 514 1209; x_wconf 73' lang='lat' dir='ltr'><strong>lagragiauae,</strong></span> <span class='ocrx_word' id='word_1_87' title='bbox 534 1140 607 1198; x_wconf 86' lang='lat' dir='ltr'><strong>alius</strong></span> <span class='ocrx_word' id='word_1_88' title='bbox 625 1139 836 1209; x_wconf 76' lang='lat' dir='ltr'><strong>Soggraginas,</strong></span> <span class='ocrx_word' id='word_1_89' title='bbox 855 1140 939 1193; x_wconf 74' lang='lat' dir='ltr'><strong>Vind.</strong></span> <span class='ocrx_word' id='word_1_90' title='bbox 953 1144 977 1194; x_wconf 94' lang='lat' dir='ltr'><strong>l.</strong></span> <span class='ocrx_word' id='word_1_91' title='bbox 995 1141 1212 1210; x_wconf 83' lang='lat' dir='ltr'><strong>Aggregianas,</strong></span> <span class='ocrx_word' id='word_1_92' title='bbox 1232 1139 1306 1192; x_wconf 88' lang='lat' dir='ltr'><strong>Gud.</strong></span> <span class='ocrx_word' id='word_1_93' title='bbox 1323 1145 1348 1197; x_wconf 91' lang='lat' dir='ltr'><strong>l.</strong></span> 
     </span>
     <span class='ocr_line' id='line_1_11' title="bbox 194 1210 1348 1287; baseline -0.003 -21"><span class='ocrx_word' id='word_1_94' title='bbox 194 1214 238 1277; x_wconf 91' lang='lat' dir='ltr'><strong>(et</strong></span> <span class='ocrx_word' id='word_1_95' title='bbox 256 1214 317 1265; x_wconf 88' lang='lat' dir='ltr'><strong>sine</strong></span> <span class='ocrx_word' id='word_1_96' title='bbox 336 1213 422 1265; x_wconf 91' lang='lat' dir='ltr'><strong>dubio</strong></span> <span class='ocrx_word' id='word_1_97' title='bbox 433 1212 514 1287; x_wconf 78' lang='lat' dir='ltr'><strong>Reg.)</strong></span> <span class='ocrx_word' id='word_1_98' title='bbox 534 1227 551 1263; x_wconf 89' lang='lat' dir='ltr'><strong>a</strong></span> <span class='ocrx_word' id='word_1_99' title='bbox 567 1217 667 1279; x_wconf 81' lang='lat' dir='ltr'><strong>portae</strong></span> <span class='ocrx_word' id='word_1_100' title='bbox 682 1212 874 1280; x_wconf 82' lang='lat' dir='ltr'><strong>agragianas,</strong></span> <span class='ocrx_word' id='word_1_101' title='bbox 895 1211 1005 1266; x_wconf 74' lang='lat' dir='ltr'><strong>Gudn</strong></span> <span class='ocrx_word' id='word_1_102' title='bbox 1026 1212 1064 1265; x_wconf 89' lang='lat' dir='ltr'><strong>ad</strong></span> <span class='ocrx_word' id='word_1_103' title='bbox 1079 1216 1179 1278; x_wconf 82' lang='lat' dir='ltr'><strong>portus</strong></span> <span class='ocrx_word' id='word_1_104' title='bbox 1197 1210 1348 1278; x_wconf 81' lang='lat' dir='ltr'><strong>eagianae,</strong></span> 
     </span>
     <span class='ocr_line' id='line_1_12' title="bbox 192 1281 1349 1351; baseline -0.003 -13"><span class='ocrx_word' id='word_1_105' title='bbox 192 1285 283 1338; x_wconf 84' lang='lat' dir='ltr'><strong>tttarb.</strong></span> <span class='ocrx_word' id='word_1_106' title='bbox 301 1281 398 1337; x_wconf 88' lang='lat' dir='ltr'><strong>Duisb.</strong></span> <span class='ocrx_word' id='word_1_107' title='bbox 418 1284 456 1336; x_wconf 87' lang='lat' dir='ltr'><strong>ad</strong></span> <span class='ocrx_word' id='word_1_108' title='bbox 465 1285 570 1351; x_wconf 81' lang='lat' dir='ltr'><strong>&#39;portas</strong></span> <span class='ocrx_word' id='word_1_109' title='bbox 589 1281 788 1348; x_wconf 69' lang='lat' dir='ltr'><strong>sagragianas,</strong></span> <span class='ocrx_word' id='word_1_110' title='bbox 817 1285 892 1335; x_wconf 83' lang='lat' dir='ltr'><strong>Mon.</strong></span> <span class='ocrx_word' id='word_1_111' title='bbox 910 1284 936 1337; x_wconf 76' lang='grc'><strong>9.</strong></span> <span class='ocrx_word' id='word_1_112' title='bbox 966 1290 996 1334; x_wconf 88' lang='lat' dir='ltr'><strong>et</strong></span> <span class='ocrx_word' id='word_1_113' title='bbox 1020 1301 1094 1335; x_wconf 88' lang='lat' dir='ltr'><strong>unus</strong></span> <span class='ocrx_word' id='word_1_114' title='bbox 1113 1283 1163 1336; x_wconf 86' lang='lat' dir='ltr'><strong>Ox.</strong></span> <span class='ocrx_word' id='word_1_115' title='bbox 1189 1282 1227 1334; x_wconf 92' lang='lat' dir='ltr'><strong>ad</strong></span> <span class='ocrx_word' id='word_1_116' title='bbox 1248 1289 1349 1351; x_wconf 87' lang='lat' dir='ltr'><strong>portae</strong></span> 
     </span>
     <span class='ocr_line' id='line_1_13' title="bbox 193 1353 1346 1422; baseline 0.001 -14"><span class='ocrx_word' id='word_1_117' title='bbox 193 1356 372 1422; x_wconf 58' lang='lat' dir='ltr'><strong>maginae,</strong></span> <span class='ocrx_word' id='word_1_118' title='bbox 396 1357 470 1409; x_wconf 86' lang='lat' dir='ltr'><strong>ltlon.</strong></span> <span class='ocrx_word' id='word_1_119' title='bbox 492 1359 515 1410; x_wconf 82' lang='lat' dir='ltr'><strong>l·</strong></span> <span class='ocrx_word' id='word_1_120' title='bbox 546 1353 584 1405; x_wconf 87' lang='lat' dir='ltr'><strong>ad</strong></span> <span class='ocrx_word' id='word_1_121' title='bbox 605 1358 705 1422; x_wconf 82' lang='lat' dir='ltr'><strong>portas</strong></span> <span class='ocrx_word' id='word_1_122' title='bbox 731 1355 916 1422; x_wconf 79' lang='lat' dir='ltr'><strong>sagragiuae,</strong></span> <span class='ocrx_word' id='word_1_123' title='bbox 948 1353 1037 1406; x_wconf 87' lang='lat' dir='ltr'><strong>Rehd.</strong></span> <span class='ocrx_word' id='word_1_124' title='bbox 1063 1355 1242 1420; x_wconf 81' lang='lat' dir='ltr'><strong>Agruianas,</strong></span> <span class='ocrx_word' id='word_1_125' title='bbox 1273 1353 1346 1410; x_wconf 87' lang='lat' dir='ltr'><strong>Gud.</strong></span> 
     </span>
    </p>
   </div>
   <div class='ocr_carea' id='block_1_4' title="bbox 92 1423 1350 1499">
    <p class='ocr_par' dir='ltr' id='par_1_6' title="bbox 92 1423 1350 1499">
     <span class='ocr_line' id='line_1_14' title="bbox 92 1423 1350 1499; baseline -0.002 -20"><span class='ocrx_word' id='word_1_126' title='bbox 92 1487 95 1499; x_wconf 43' lang='lat'><strong>,</strong></span> <span class='ocrx_word' id='word_1_127' title='bbox 193 1426 379 1494; x_wconf 76' lang='lat' dir='ltr'><strong>egrigignas.</strong></span> <span class='ocrx_word' id='word_1_128' title='bbox 415 1426 449 1477; x_wconf 91' lang='lat' dir='ltr'><strong>In</strong></span> <span class='ocrx_word' id='word_1_129' title='bbox 473 1424 525 1477; x_wconf 84' lang='lat' dir='ltr'><strong>Ed.</strong></span> <span class='ocrx_word' id='word_1_130' title='bbox 545 1426 614 1477; x_wconf 89' lang='lat' dir='ltr'><strong>Ven.</strong></span> <span class='ocrx_word' id='word_1_131' title='bbox 642 1424 701 1476; x_wconf 85' lang='lat' dir='ltr'><strong>Alt.</strong></span> <span class='ocrx_word' id='word_1_132' title='bbox 730 1442 766 1476; x_wconf 88' lang='lat' dir='ltr'><strong>ex</strong></span> <span class='ocrx_word' id='word_1_133' title='bbox 790 1441 865 1477; x_wconf 89' lang='lat' dir='ltr'><strong>corr.</strong></span> <span class='ocrx_word' id='word_1_134' title='bbox 892 1431 934 1475; x_wconf 88' lang='lat' dir='ltr'><strong>est</strong></span> <span class='ocrx_word' id='word_1_135' title='bbox 957 1423 1118 1479; x_wconf 82' lang='lat' dir='ltr'><strong>arradinos.</strong></span> <span class='ocrx_word' id='word_1_136' title='bbox 1156 1425 1209 1477; x_wconf 85' lang='lat' dir='ltr'><strong>Ed.</strong></span> <span class='ocrx_word' id='word_1_137' title='bbox 1229 1425 1260 1480; x_wconf 86' lang='lat' dir='ltr'><strong>P.</strong></span> <span class='ocrx_word' id='word_1_138' title='bbox 1281 1440 1350 1477; x_wconf 89' lang='lat' dir='ltr'><strong>cum</strong></span> 
     </span>
    </p>
   </div>
   <div class='ocr_carea' id='block_1_5' title="bbox 162 1494 1368 4478">
    <p class='ocr_par' dir='ltr' id='par_1_7' title="bbox 192 1494 1350 1778">
     <span class='ocr_line' id='line_1_15' title="bbox 192 1494 1349 1563; baseline 0 -13"><span class='ocrx_word' id='word_1_139' title='bbox 192 1498 282 1554; x_wconf 65' lang='lat' dir='ltr'><strong>Maro</strong></span> <span class='ocrx_word' id='word_1_140' title='bbox 302 1505 331 1550; x_wconf 94' lang='lat' dir='ltr'><strong>et</strong></span> <span class='ocrx_word' id='word_1_141' title='bbox 347 1495 446 1547; x_wconf 89' lang='lat' dir='ltr'><strong>Duisb.</strong></span> <span class='ocrx_word' id='word_1_142' title='bbox 465 1496 546 1560; x_wconf 83' lang='lat' dir='ltr'><strong>iacit,</strong></span> <span class='ocrx_word' id='word_1_143' title='bbox 565 1495 617 1549; x_wconf 88' lang='lat' dir='ltr'><strong>Ed.</strong></span> <span class='ocrx_word' id='word_1_144' title='bbox 633 1494 666 1546; x_wconf 88' lang='lat' dir='ltr'><strong>A.</strong></span> <span class='ocrx_word' id='word_1_145' title='bbox 686 1495 772 1547; x_wconf 85' lang='lat' dir='ltr'><strong>habet</strong></span> <span class='ocrx_word' id='word_1_146' title='bbox 785 1494 992 1563; x_wconf 82' lang='lat' dir='ltr'><strong>Sagregiunas‚</strong></span> <span class='ocrx_word' id='word_1_147' title='bbox 1010 1497 1081 1548; x_wconf 83' lang='lat' dir='ltr'><strong>Ven.</strong></span> <span class='ocrx_word' id='word_1_148' title='bbox 1102 1504 1191 1547; x_wconf 83' lang='lat' dir='ltr'><strong>nostr.</strong></span> <span class='ocrx_word' id='word_1_149' title='bbox 1212 1499 1349 1563; x_wconf 78' lang='lat' dir='ltr'><strong>ogregia-</strong></span> 
     </span>
     <span class='ocr_line' id='line_1_16' title="bbox 194 1565 1349 1637; baseline -0.002 -17"><span class='ocrx_word' id='word_1_150' title='bbox 194 1582 260 1620; x_wconf 78' lang='lat' dir='ltr'><strong>nae:</strong></span> <span class='ocrx_word' id='word_1_151' title='bbox 294 1568 325 1619; x_wconf 93' lang='lat' dir='ltr'><strong>in</strong></span> <span class='ocrx_word' id='word_1_152' title='bbox 349 1567 470 1637; x_wconf 90' lang='lat' dir='ltr'><strong>reliquis</strong></span> <span class='ocrx_word' id='word_1_153' title='bbox 493 1565 577 1619; x_wconf 85' lang='lat' dir='ltr'><strong>libris</strong></span> <span class='ocrx_word' id='word_1_154' title='bbox 604 1575 645 1618; x_wconf 89' lang='lat' dir='ltr'><strong>est</strong></span> <span class='ocrx_word' id='word_1_155' title='bbox 672 1567 711 1618; x_wconf 88' lang='lat' dir='ltr'><strong>ad</strong></span> <span class='ocrx_word' id='word_1_156' title='bbox 732 1574 832 1633; x_wconf 87' lang='lat' dir='ltr'><strong>portas</strong></span> <span class='ocrx_word' id='word_1_157' title='bbox 855 1567 1055 1634; x_wconf 80' lang='lat' dir='ltr'><strong>Agragianas,</strong></span> <span class='ocrx_word' id='word_1_158' title='bbox 1088 1567 1144 1618; x_wconf 88' lang='lat' dir='ltr'><strong>nisi</strong></span> <span class='ocrx_word' id='word_1_159' title='bbox 1173 1567 1250 1636; x_wconf 81' lang='lat' dir='ltr'><strong>quod</strong></span> <span class='ocrx_word' id='word_1_160' title='bbox 1274 1567 1349 1620; x_wconf 87' lang='lat' dir='ltr'><strong>solus</strong></span> 
     </span>
     <span class='ocr_line' id='line_1_17' title="bbox 193 1635 1350 1707; baseline -0.001 -16"><span class='ocrx_word' id='word_1_161' title='bbox 193 1638 291 1692; x_wconf 82' lang='lat' dir='ltr'><strong>Lamb.</strong></span> <span class='ocrx_word' id='word_1_162' title='bbox 310 1640 351 1707; x_wconf 87' lang='lat' dir='ltr'><strong>(ct</strong></span> <span class='ocrx_word' id='word_1_163' title='bbox 368 1640 434 1691; x_wconf 87' lang='lat' dir='ltr'><strong>Frc.</strong></span> <span class='ocrx_word' id='word_1_164' title='bbox 453 1636 555 1704; x_wconf 78' lang='lat' dir='ltr'><strong>Febr.)</strong></span> <span class='ocrx_word' id='word_1_165' title='bbox 577 1635 663 1690; x_wconf 88' lang='lat' dir='ltr'><strong>habet</strong></span> <span class='ocrx_word' id='word_1_166' title='bbox 680 1641 856 1706; x_wconf 79' lang='lat' dir='ltr'><strong>Acraganas.</strong></span> <span class='ocrx_word' id='word_1_167' title='bbox 894 1640 961 1690; x_wconf 84' lang='lat' dir='ltr'><strong>ltlox</strong></span> <span class='ocrx_word' id='word_1_168' title='bbox 984 1639 1057 1690; x_wconf 86' lang='lat' dir='ltr'><strong>Mon.</strong></span> <span class='ocrx_word' id='word_1_169' title='bbox 1078 1642 1104 1694; x_wconf 92' lang='lat'><strong>1.</strong></span> <span class='ocrx_word' id='word_1_170' title='bbox 1129 1652 1234 1706; x_wconf 80' lang='lat' dir='ltr'><strong>nvagna</strong></span> <span class='ocrx_word' id='word_1_171' title='bbox 1257 1637 1350 1707; x_wconf 84' lang='lat' dir='ltr'><strong>sepul·</strong></span> 
     </span>
     <span class='ocr_line' id='line_1_18' title="bbox 194 1709 936 1778; baseline -0.003 -16"><span class='ocrx_word' id='word_1_172' title='bbox 194 1724 308 1763; x_wconf 85' lang='lat' dir='ltr'><strong>crorum</strong></span> <span class='ocrx_word' id='word_1_173' title='bbox 331 1709 498 1778; x_wconf 77' lang='lat' dir='ltr'><strong>frequentia.</strong></span> <span class='ocrx_word' id='word_1_174' title='bbox 536 1709 597 1762; x_wconf 88' lang='lat' dir='ltr'><strong>Mr.</strong></span> <span class='ocrx_word' id='word_1_175' title='bbox 932 1728 936 1735; x_wconf 54' lang='lat'>*</span> 
     </span>
    </p>

    <p class='ocr_par' dir='ltr' id='par_1_8' title="bbox 194 1778 1351 2121">
     <span class='ocr_line' id='line_1_19' title="bbox 266 1778 1350 1854; baseline 0 -21"><span class='ocrx_word' id='word_1_176' title='bbox 266 1780 404 1834; x_wconf 89' lang='lat' dir='ltr'><strong>Animum</strong></span> <span class='ocrx_word' id='word_1_177' title='bbox 433 1778 545 1833; x_wconf 78' lang='lat' dir='ltr'><strong>adverti</strong></span> <span class='ocrx_word' id='word_1_178' title='bbox 580 1779 772 1847; x_wconf 84' lang='lat' dir='ltr'><strong>columellam]</strong></span> <span class='ocrx_word' id='word_1_179' title='bbox 813 1779 909 1854; x_wconf 79' lang='lat' dir='ltr'><strong>Vulgo</strong></span> <span class='ocrx_word' id='word_1_180' title='bbox 942 1779 1131 1834; x_wconf 83' lang='lat' dir='ltr'><strong>animadverti</strong></span> <span class='ocrx_word' id='word_1_181' title='bbox 1166 1780 1350 1839; x_wconf 85' lang='lat' dir='ltr'><strong>columellam.</strong></span> 
     </span>
     <span class='ocr_line' id='line_1_20' title="bbox 195 1850 1351 1927; baseline 0.001 -23"><span class='ocrx_word' id='word_1_182' title='bbox 195 1850 334 1904; x_wconf 79' lang='lat' dir='ltr'><strong>Codicum</strong></span> <span class='ocrx_word' id='word_1_183' title='bbox 354 1851 425 1927; x_wconf 79' lang='lat' dir='ltr'><strong>lieg.</strong></span> <span class='ocrx_word' id='word_1_184' title='bbox 451 1851 595 1903; x_wconf 84' lang='lat' dir='ltr'><strong>Pithoean.</strong></span> <span class='ocrx_word' id='word_1_185' title='bbox 623 1859 652 1903; x_wconf 89' lang='lat' dir='ltr'><strong>et</strong></span> <span class='ocrx_word' id='word_1_186' title='bbox 678 1852 770 1904; x_wconf 79' lang='lat' dir='ltr'><strong>vatic.</strong></span> <span class='ocrx_word' id='word_1_187' title='bbox 803 1851 962 1904; x_wconf 89' lang='lat' dir='ltr'><strong>lectionem</strong></span> <span class='ocrx_word' id='word_1_188' title='bbox 988 1867 1038 1903; x_wconf 91' lang='lat' dir='ltr'><strong>nos</strong></span> <span class='ocrx_word' id='word_1_189' title='bbox 1069 1851 1244 1920; x_wconf 85' lang='lat' dir='ltr'><strong>admisimus,</strong></span> <span class='ocrx_word' id='word_1_190' title='bbox 1258 1856 1351 1923; x_wconf 82' lang='lat' dir='ltr'><strong>‘quae</strong></span> 
     </span>
     <span class='ocr_line' id='line_1_21' title="bbox 194 1920 1349 1993; baseline 0.004 -19"><span class='ocrx_word' id='word_1_191' title='bbox 194 1923 274 1985; x_wconf 86' lang='lat' dir='ltr'><strong>valet</strong></span> <span class='ocrx_word' id='word_1_192' title='bbox 291 1923 368 1976; x_wconf 90' lang='lat' dir='ltr'><strong>idem</strong></span> <span class='ocrx_word' id='word_1_193' title='bbox 386 1922 463 1993; x_wconf 89' lang='lat' dir='ltr'><strong>quod</strong></span> <span class='ocrx_word' id='word_1_194' title='bbox 480 1923 604 1976; x_wconf 87' lang='lat' dir='ltr'><strong>animvm</strong></span> <span class='ocrx_word' id='word_1_195' title='bbox 622 1921 661 1974; x_wconf 89' lang='lat' dir='ltr'><strong>ad</strong></span> <span class='ocrx_word' id='word_1_196' title='bbox 680 1923 854 1976; x_wconf 83' lang='lat' dir='ltr'><strong>columellam</strong></span> <span class='ocrx_word' id='word_1_197' title='bbox 872 1920 956 1975; x_wconf 87' lang='lat' dir='ltr'><strong>verti.</strong></span> <span class='ocrx_word' id='word_1_198' title='bbox 993 1922 1116 1977; x_wconf 86' lang='lat' dir='ltr'><strong>Plaudus</strong></span> <span class='ocrx_word' id='word_1_199' title='bbox 1138 1923 1266 1978; x_wconf 87' lang='lat' dir='ltr'><strong>Pseudol.</strong></span> <span class='ocrx_word' id='word_1_200' title='bbox 1285 1929 1349 1979; x_wconf 90' lang='lat' dir='ltr'><strong>Act.</strong></span> 
     </span>
     <span class='ocr_line' id='line_1_22' title="bbox 195 1993 751 2062; baseline 0.005 -15"><span class='ocrx_word' id='word_1_201' title='bbox 195 1993 219 2047; x_wconf 75' lang='lat' dir='ltr'><strong>I·</strong></span> <span class='ocrx_word' id='word_1_202' title='bbox 238 1993 283 2048; x_wconf 77' lang='lat' dir='ltr'><strong>sc·</strong></span> <span class='ocrx_word' id='word_1_203' title='bbox 302 1995 342 2062; x_wconf 74' lang='lat' dir='ltr'><strong>ss,</strong></span> <span class='ocrx_word' id='word_1_204' title='bbox 361 1998 403 2050; x_wconf 78' lang='lat'><strong>¹⁰·</strong></span> <span class='ocrx_word' id='word_1_205' title='bbox 749 2022 751 2026; x_wconf 65' lang='lat'>&#39;</span> 
     </span>
     <span class='ocr_line' id='line_1_23' title="bbox 208 2061 1315 2121; baseline 0 -3"><span class='ocrx_word' id='word_1_206' title='bbox 208 2080 212 2091; x_wconf 72' lang='grc'><em>’</em></span> <span class='ocrx_word' id='word_1_207' title='bbox 361 2065 441 2118; x_wconf 87' lang='lat' dir='ltr'><strong>Nunc</strong></span> <span class='ocrx_word' id='word_1_208' title='bbox 459 2067 529 2121; x_wconf 85' lang='lat' dir='ltr'><strong>adeo</strong></span> <span class='ocrx_word' id='word_1_209' title='bbox 546 2064 618 2119; x_wconf 77' lang='lat' dir='ltr'><strong>lanc</strong></span> <span class='ocrx_word' id='word_1_210' title='bbox 635 2065 810 2120; x_wconf 85' lang='lat' dir='ltr'><strong>edictionem</strong></span> <span class='ocrx_word' id='word_1_211' title='bbox 828 2063 887 2119; x_wconf 85' lang='lat' dir='ltr'><strong>nisi</strong></span> <span class='ocrx_word' id='word_1_212' title='bbox 904 2064 1032 2118; x_wconf 80' lang='lat' dir='ltr'><strong>aniiuum</strong></span> <span class='ocrx_word' id='word_1_213' title='bbox 1045 2061 1196 2119; x_wconf 79' lang='lat' dir='ltr'><strong>advortitis</strong></span> <span class='ocrx_word' id='word_1_214' title='bbox 1214 2081 1315 2120; x_wconf 82' lang='lat' dir='ltr'><strong>omnes.</strong></span> 
     </span>
    </p>

    <p class='ocr_par' dir='ltr' id='par_1_9' title="bbox 167 2135 555 2202">
     <span class='ocr_line' id='line_1_24' title="bbox 167 2135 555 2202; baseline -0.003 -13"><span class='ocrx_word' id='word_1_215' title='bbox 167 2166 172 2175; x_wconf 59' lang='grc' dir='ltr'><em>ι</em></span> <span class='ocrx_word' id='word_1_216' title='bbox 194 2135 348 2191; x_wconf 77' lang='lat' dir='ltr'><strong>Lucretius</strong></span> <span class='ocrx_word' id='word_1_217' title='bbox 365 2138 416 2189; x_wconf 91' lang='lat' dir='ltr'><strong>lib.</strong></span> <span class='ocrx_word' id='word_1_218' title='bbox 437 2137 475 2202; x_wconf 92' lang='lat' dir='ltr'><strong>ll,</strong></span> <span class='ocrx_word' id='word_1_219' title='bbox 497 2139 555 2192; x_wconf 78' lang='lat'><strong>124.</strong></span> 
     </span>
    </p>

    <p class='ocr_par' dir='ltr' id='par_1_10' title="bbox 360 2205 1208 2277">
     <span class='ocr_line' id='line_1_25' title="bbox 360 2205 1208 2277; baseline 0.001 -17"><span class='ocrx_word' id='word_1_220' title='bbox 360 2208 422 2260; x_wconf 86' lang='lat' dir='ltr'><strong>Hoc</strong></span> <span class='ocrx_word' id='word_1_221' title='bbox 439 2209 523 2261; x_wconf 84' lang='lat' dir='ltr'><strong>etiam</strong></span> <span class='ocrx_word' id='word_1_222' title='bbox 540 2205 634 2274; x_wconf 80' lang='lat' dir='ltr'><strong>magis</strong></span> <span class='ocrx_word' id='word_1_223' title='bbox 650 2205 718 2263; x_wconf 81' lang='lat' dir='ltr'><strong>iaec</strong></span> <span class='ocrx_word' id='word_1_224' title='bbox 735 2208 865 2261; x_wconf 88' lang='lat' dir='ltr'><strong>animum</strong></span> <span class='ocrx_word' id='word_1_225' title='bbox 883 2215 909 2262; x_wconf 90' lang='lat' dir='ltr'><strong>te</strong></span> <span class='ocrx_word' id='word_1_226' title='bbox 926 2208 1077 2263; x_wconf 85' lang='lat' dir='ltr'><strong>advertere</strong></span> <span class='ocrx_word' id='word_1_227' title='bbox 1091 2223 1149 2277; x_wconf 84' lang='lat' dir='ltr'><strong>par</strong></span> <span class='ocrx_word' id='word_1_228' title='bbox 1166 2213 1208 2261; x_wconf 84' lang='lat' dir='ltr'><strong>eet</strong></span> 
     </span>
    </p>

    <p class='ocr_par' dir='ltr' id='par_1_11' title="bbox 162 2280 1368 4110">
     <span class='ocr_line' id='line_1_26' title="bbox 362 2280 1346 2333; baseline 0 0"><span class='ocrx_word' id='word_1_229' title='bbox 362 2280 401 2333; x_wconf 84' lang='lat' dir='ltr'><strong>Co</strong></span> <span class='ocrx_word' id='word_1_230' title='bbox 440 2296 490 2333; x_wconf 89' lang='lat' dir='ltr'><strong>ora</strong></span> <span class='ocrx_word' id='word_1_231' title='bbox 509 2306 542 2318; x_wconf 83' lang='lat'><strong>-</strong></span> <span class='ocrx_word' id='word_1_232' title='bbox 806 2324 810 2332; x_wconf 88' lang='lat'><strong>.</strong></span> <span class='ocrx_word' id='word_1_233' title='bbox 1345 2327 1346 2333; x_wconf 71' lang='grc'>,</span> 
     </span>
     <span class='ocr_line' id='line_1_27' title="bbox 196 2297 1353 2419; baseline -0.003 -16"><span class='ocrx_word' id='word_1_234' title='bbox 196 2348 247 2403; x_wconf 85' lang='lat' dir='ltr'><strong>Sic</strong></span> <span class='ocrx_word' id='word_1_235' title='bbox 263 2365 367 2404; x_wconf 81' lang='lat' dir='ltr'><strong>navem</strong></span> <span class='ocrx_word' id='word_1_236' title='bbox 386 2297 607 2404; x_wconf 57' lang='lat' dir='ltr'><strong>-rpinstrucram</strong></span> <span class='ocrx_word' id='word_1_237' title='bbox 631 2349 888 2419; x_wconf 76' lang='lat' dir='ltr'><strong>propugnatoribus</strong></span> <span class='ocrx_word' id='word_1_238' title='bbox 914 2350 1068 2405; x_wconf 87' lang='lat' dir='ltr'><strong>animum</strong></span> <span class='ocrx_word' id='word_1_239' title='bbox 1092 2348 1249 2416; x_wconf 80' lang='lat' dir='ltr'><strong>adverti,</strong></span> <span class='ocrx_word' id='word_1_240' title='bbox 1279 2349 1353 2403; x_wconf 82' lang='lat' dir='ltr'><strong>dixit</strong></span> 
     </span>
     <span class='ocr_line' id='line_1_28' title="bbox 196 2421 1350 2492; baseline 0 -19"><span class='ocrx_word' id='word_1_241' title='bbox 196 2421 310 2474; x_wconf 87' lang='lat' dir='ltr'><strong>Hirtius</strong></span> <span class='ocrx_word' id='word_1_242' title='bbox 329 2422 363 2473; x_wconf 89' lang='lat' dir='ltr'><strong>de</strong></span> <span class='ocrx_word' id='word_1_243' title='bbox 379 2422 452 2475; x_wconf 89' lang='lat' dir='ltr'><strong>Bell.</strong></span> <span class='ocrx_word' id='word_1_244' title='bbox 479 2422 560 2478; x_wconf 86' lang='lat' dir='ltr'><strong>Alex.</strong></span> <span class='ocrx_word' id='word_1_245' title='bbox 581 2438 640 2491; x_wconf 89' lang='lat' dir='ltr'><strong>cap.</strong></span> <span class='ocrx_word' id='word_1_246' title='bbox 661 2424 743 2474; x_wconf 80' lang='lat' dir='ltr'><strong>hXV.</strong></span> <span class='ocrx_word' id='word_1_247' title='bbox 769 2424 814 2475; x_wconf 93' lang='lat' dir='ltr'><strong>uti</strong></span> <span class='ocrx_word' id='word_1_248' title='bbox 833 2423 949 2492; x_wconf 88' lang='lat' dir='ltr'><strong>quidem</strong></span> <span class='ocrx_word' id='word_1_249' title='bbox 969 2421 1043 2475; x_wconf 77' lang='lat' dir='ltr'><strong>usti</strong></span> <span class='ocrx_word' id='word_1_250' title='bbox 1060 2422 1117 2474; x_wconf 87' lang='lat' dir='ltr'><strong>fide</strong></span> <span class='ocrx_word' id='word_1_251' title='bbox 1139 2421 1277 2475; x_wconf 87' lang='lat' dir='ltr'><strong>dedimus.</strong></span> <span class='ocrx_word' id='word_1_252' title='bbox 1312 2422 1350 2473; x_wconf 87' lang='lat' dir='ltr'><strong>D.</strong></span> 
     </span>
     <span class='ocr_line' id='line_1_29' title="bbox 162 2492 1353 2562; baseline -0.003 -17"><span class='ocrx_word' id='word_1_253' title='bbox 162 2499 167 2510; x_wconf 91' lang='lat'><strong><em>‘</em></strong></span> <span class='ocrx_word' id='word_1_254' title='bbox 267 2494 389 2547; x_wconf 84' lang='lat' dir='ltr'><strong>animam</strong></span> <span class='ocrx_word' id='word_1_255' title='bbox 408 2492 518 2546; x_wconf 81' lang='lat' dir='ltr'><strong>adverti</strong></span> <span class='ocrx_word' id='word_1_256' title='bbox 535 2493 719 2560; x_wconf 85' lang='lat' dir='ltr'><strong>columellam]</strong></span> <span class='ocrx_word' id='word_1_257' title='bbox 738 2495 830 2546; x_wconf 91' lang='lat' dir='ltr'><strong>Nemo</strong></span> <span class='ocrx_word' id='word_1_258' title='bbox 848 2493 935 2546; x_wconf 88' lang='lat' dir='ltr'><strong>hodie</strong></span> <span class='ocrx_word' id='word_1_259' title='bbox 950 2495 1037 2546; x_wconf 85' lang='lat' dir='ltr'><strong>facile</strong></span> <span class='ocrx_word' id='word_1_260' title='bbox 1049 2492 1170 2556; x_wconf 85' lang='lat' dir='ltr'><strong>dubitat,</strong></span> <span class='ocrx_word' id='word_1_261' title='bbox 1190 2493 1261 2562; x_wconf 86' lang='lat' dir='ltr'><strong>quin</strong></span> <span class='ocrx_word' id='word_1_262' title='bbox 1274 2508 1353 2544; x_wconf 90' lang='lat' dir='ltr'><strong>com-</strong></span> 
     </span>
     <span class='ocr_line' id='line_1_30' title="bbox 197 2563 1354 2634; baseline -0.001 -19"><span class='ocrx_word' id='word_1_263' title='bbox 197 2563 281 2616; x_wconf 88' lang='lat' dir='ltr'><strong>mode</strong></span> <span class='ocrx_word' id='word_1_264' title='bbox 301 2565 413 2616; x_wconf 88' lang='lat' dir='ltr'><strong>dicatur</strong></span> <span class='ocrx_word' id='word_1_265' title='bbox 431 2566 554 2616; x_wconf 83' lang='lat' dir='ltr'><strong>animum</strong></span> <span class='ocrx_word' id='word_1_266' title='bbox 573 2563 721 2618; x_wconf 86' lang='lat' dir='ltr'><strong>advertere</strong></span> <span class='ocrx_word' id='word_1_267' title='bbox 739 2582 792 2634; x_wconf 91' lang='lat' dir='ltr'><strong>pro</strong></span> <span class='ocrx_word' id='word_1_268' title='bbox 811 2565 1046 2629; x_wconf 83' lang='lat' dir='ltr'><strong>animadvertere,</strong></span> <span class='ocrx_word' id='word_1_269' title='bbox 1072 2564 1097 2616; x_wconf 88' lang='lat' dir='ltr'><strong>si</strong></span> <span class='ocrx_word' id='word_1_270' title='bbox 1120 2563 1247 2616; x_wconf 85' lang='lat' dir='ltr'><strong>absolute</strong></span> <span class='ocrx_word' id='word_1_271' title='bbox 1287 2578 1354 2614; x_wconf 88' lang='lat' dir='ltr'><strong>ona·</strong></span> 
     </span>
     <span class='ocr_line' id='line_1_31' title="bbox 197 2633 1349 2704; baseline -0.001 -20"><span class='ocrx_word' id='word_1_272' title='bbox 197 2641 256 2699; x_wconf 92' lang='lat' dir='ltr'><strong>tur,</strong></span> <span class='ocrx_word' id='word_1_273' title='bbox 274 2635 324 2686; x_wconf 82' lang='lat' dir='ltr'><strong>vel</strong></span> <span class='ocrx_word' id='word_1_274' title='bbox 343 2643 477 2703; x_wconf 85' lang='lat' dir='ltr'><strong>sequatur</strong></span> <span class='ocrx_word' id='word_1_275' title='bbox 494 2641 533 2699; x_wconf 87' lang='lat' dir='ltr'><strong>vt,</strong></span> <span class='ocrx_word' id='word_1_276' title='bbox 553 2637 694 2702; x_wconf 76' lang='lat' dir='ltr'><strong>praenotio,</strong></span> <span class='ocrx_word' id='word_1_277' title='bbox 715 2653 767 2704; x_wconf 82' lang='lat' dir='ltr'><strong>qva</strong></span> <span class='ocrx_word' id='word_1_278' title='bbox 786 2635 899 2688; x_wconf 85' lang='lat' dir='ltr'><strong>ratione</strong></span> <span class='ocrx_word' id='word_1_279' title='bbox 919 2644 947 2686; x_wconf 90' lang='lat' dir='ltr'><strong>et</strong></span> <span class='ocrx_word' id='word_1_280' title='bbox 965 2634 1086 2687; x_wconf 83' lang='lat' dir='ltr'><strong>similia:</strong></span> <span class='ocrx_word' id='word_1_281' title='bbox 1105 2649 1133 2687; x_wconf 73' lang='lat' dir='ltr'><strong>r.</strong></span> <span class='ocrx_word' id='word_1_282' title='bbox 1153 2650 1177 2688; x_wconf 90' lang='lat' dir='ltr'><strong>c.</strong></span> <span class='ocrx_word' id='word_1_283' title='bbox 1195 2633 1262 2684; x_wconf 82' lang='lat' dir='ltr'><strong>deo</strong></span> <span class='ocrx_word' id='word_1_284' title='bbox 1289 2634 1349 2683; x_wconf 91' lang='lat'><strong>.11.</strong></span> 
     </span>
     <span class='ocr_line' id='line_1_32' title="bbox 197 2704 1353 2772; baseline -0.002 -14"><span class='ocrx_word' id='word_1_285' title='bbox 197 2707 241 2760; x_wconf 81' lang='grc'><strong>19.</strong></span> <span class='ocrx_word' id='word_1_286' title='bbox 261 2708 304 2760; x_wconf 87' lang='lat'><strong>68.</strong></span> <span class='ocrx_word' id='word_1_287' title='bbox 324 2711 353 2756; x_wconf 87' lang='lat' dir='ltr'><strong>ut</strong></span> <span class='ocrx_word' id='word_1_288' title='bbox 372 2706 495 2759; x_wconf 82' lang='lat' dir='ltr'><strong>animvm</strong></span> <span class='ocrx_word' id='word_1_289' title='bbox 513 2706 661 2758; x_wconf 87' lang='lat' dir='ltr'><strong>advertant</strong></span> <span class='ocrx_word' id='word_1_290' title='bbox 682 2737 713 2747; x_wconf 96' lang='lat'><em>-</em></span> <span class='ocrx_word' id='word_1_291' title='bbox 739 2724 773 2759; x_wconf 87' lang='lat' dir='ltr'><strong>ne</strong></span> <span class='ocrx_word' id='word_1_292' title='bbox 791 2722 859 2772; x_wconf 83' lang='lat' dir='ltr'><strong>quos</strong></span> <span class='ocrx_word' id='word_1_293' title='bbox 882 2708 1040 2772; x_wconf 69' lang='lat' dir='ltr'><strong>offendant,</strong></span> <span class='ocrx_word' id='word_1_294' title='bbox 1057 2704 1135 2757; x_wconf 79' lang='lat' dir='ltr'><strong>Lael.</strong></span> <span class='ocrx_word' id='word_1_295' title='bbox 1156 2705 1200 2767; x_wconf 77' lang='lat'><strong>26,</strong></span> <span class='ocrx_word' id='word_1_296' title='bbox 1219 2705 1269 2757; x_wconf 80' lang='lat'><strong>99:</strong></span> <span class='ocrx_word' id='word_1_297' title='bbox 1289 2704 1353 2756; x_wconf 86' lang='lat' dir='ltr'><strong>ani-</strong></span> 
     </span>
     <span class='ocr_line' id='line_1_33' title="bbox 196 2774 1354 2847; baseline -0.002 -20"><span class='ocrx_word' id='word_1_298' title='bbox 196 2791 270 2828; x_wconf 90' lang='lat' dir='ltr'><strong>mum</strong></span> <span class='ocrx_word' id='word_1_299' title='bbox 296 2776 442 2829; x_wconf 86' lang='lat' dir='ltr'><strong>advertant</strong></span> <span class='ocrx_word' id='word_1_300' title='bbox 461 2809 493 2818; x_wconf 95' lang='lat'>-</span> <span class='ocrx_word' id='word_1_301' title='bbox 521 2791 554 2828; x_wconf 85' lang='lat' dir='ltr'><strong>ne</strong></span> <span class='ocrx_word' id='word_1_302' title='bbox 578 2777 737 2845; x_wconf 82' lang='lat' dir='ltr'><strong>capiantur.</strong></span> <span class='ocrx_word' id='word_1_303' title='bbox 783 2779 822 2829; x_wconf 87' lang='lat' dir='ltr'><strong>Et</strong></span> <span class='ocrx_word' id='word_1_304' title='bbox 845 2778 876 2829; x_wconf 90' lang='lat' dir='ltr'><strong>in</strong></span> <span class='ocrx_word' id='word_1_305' title='bbox 898 2778 953 2830; x_wconf 83' lang='lat' dir='ltr'><strong>hac</strong></span> <span class='ocrx_word' id='word_1_306' title='bbox 980 2774 1266 2847; x_wconf 81' lang='lat' dir='ltr'><strong>quidem‘structura</strong></span> <span class='ocrx_word' id='word_1_307' title='bbox 1291 2774 1354 2825; x_wconf 85' lang='lat' dir='ltr'><strong>sola</strong></span> 
     </span>
     <span class='ocr_line' id='line_1_34' title="bbox 197 2845 1354 2922; baseline -0.003 -23"><span class='ocrx_word' id='word_1_308' title='bbox 197 2863 264 2899; x_wconf 87' lang='lat' dir='ltr'><strong>eum</strong></span> <span class='ocrx_word' id='word_1_309' title='bbox 289 2865 373 2899; x_wconf 89' lang='lat' dir='ltr'><strong>usum</strong></span> <span class='ocrx_word' id='word_1_310' title='bbox 395 2847 563 2922; x_wconf 83' lang='lat' dir='ltr'><strong>legitimum</strong></span> <span class='ocrx_word' id='word_1_311' title='bbox 588 2865 646 2901; x_wconf 91' lang='lat' dir='ltr'><strong>esse</strong></span> <span class='ocrx_word' id='word_1_312' title='bbox 674 2848 824 2901; x_wconf 89' lang='lat' dir='ltr'><strong>contendit</strong></span> <span class='ocrx_word' id='word_1_313' title='bbox 841 2849 989 2901; x_wconf 83' lang='lat' dir='ltr'><strong>Bentleius</strong></span> <span class='ocrx_word' id='word_1_314' title='bbox 1011 2846 1045 2900; x_wconf 85' lang='lat' dir='ltr'><strong>ad</strong></span> <span class='ocrx_word' id='word_1_315' title='bbox 1068 2845 1163 2917; x_wconf 85' lang='lat' dir='ltr'><strong>ipsum</strong></span> <span class='ocrx_word' id='word_1_316' title='bbox 1185 2845 1283 2897; x_wconf 91' lang='lat' dir='ltr'><strong>locum</strong></span> <span class='ocrx_word' id='word_1_317' title='bbox 1301 2861 1354 2896; x_wconf 90' lang='lat' dir='ltr'><strong>no-</strong></span> 
     </span>
     <span class='ocr_line' id='line_1_35' title="bbox 197 2916 1353 2992; baseline -0.001 -23"><span class='ocrx_word' id='word_1_318' title='bbox 197 2925 299 2972; x_wconf 88' lang='lat' dir='ltr'><strong>strum.</strong></span> <span class='ocrx_word' id='word_1_319' title='bbox 349 2917 406 2972; x_wconf 81' lang='lat' dir='ltr'><strong>Sed</strong></span> <span class='ocrx_word' id='word_1_320' title='bbox 433 2936 499 2971; x_wconf 91' lang='lat' dir='ltr'><strong>cum</strong></span> <span class='ocrx_word' id='word_1_321' title='bbox 523 2919 684 2971; x_wconf 82' lang='lat' dir='ltr'><strong>accusativo</strong></span> <span class='ocrx_word' id='word_1_322' title='bbox 709 2920 795 2971; x_wconf 86' lang='lat' dir='ltr'><strong>etiam</strong></span> <span class='ocrx_word' id='word_1_323' title='bbox 820 2919 925 2972; x_wconf 87' lang='lat' dir='ltr'><strong>obiecti</strong></span> <span class='ocrx_word' id='word_1_324' title='bbox 950 2919 1035 2992; x_wconf 77' lang='lat' dir='ltr'><strong>iungi</strong></span> <span class='ocrx_word' id='word_1_325' title='bbox 1060 2917 1184 2971; x_wconf 81' lang='lat' dir='ltr'><strong>animvm</strong></span> <span class='ocrx_word' id='word_1_326' title='bbox 1207 2916 1353 2968; x_wconf 84' lang='lat' dir='ltr'><strong>advertere</strong></span> 
     </span>
     <span class='ocr_line' id='line_1_36' title="bbox 197 2986 1354 3060; baseline 0 -19"><span class='ocrx_word' id='word_1_327' title='bbox 197 2989 296 3041; x_wconf 89' lang='lat' dir='ltr'><strong>docuit</strong></span> <span class='ocrx_word' id='word_1_328' title='bbox 320 2989 473 3043; x_wconf 85' lang='lat' dir='ltr'><strong>Ruhnken.</strong></span> <span class='ocrx_word' id='word_1_329' title='bbox 499 2989 532 3041; x_wconf 89' lang='lat' dir='ltr'><strong>ad</strong></span> <span class='ocrx_word' id='word_1_330' title='bbox 555 2989 700 3042; x_wconf 87' lang='lat' dir='ltr'><strong>Rutilium</strong></span> <span class='ocrx_word' id='word_1_331' title='bbox 720 2992 836 3060; x_wconf 83' lang='lat' dir='ltr'><strong>Lupum</strong></span> <span class='ocrx_word' id='word_1_332' title='bbox 861 3009 889 3060; x_wconf 91' lang='lat' dir='ltr'><strong>p.</strong></span> <span class='ocrx_word' id='word_1_333' title='bbox 910 2994 958 3044; x_wconf 68' lang='lat' dir='ltr'><strong>il.</strong></span> <span class='ocrx_word' id='word_1_334' title='bbox 990 3005 1048 3041; x_wconf 87' lang='lat' dir='ltr'><strong>non</strong></span> <span class='ocrx_word' id='word_1_335' title='bbox 1075 2987 1245 3040; x_wconf 81' lang='lat' dir='ltr'><strong>Sallustium</strong></span> <span class='ocrx_word' id='word_1_336' title='bbox 1269 2986 1354 3041; x_wconf 87' lang='lat' dir='ltr'><strong>modo</strong></span> 
     </span>
     <span class='ocr_line' id='line_1_37' title="bbox 197 3057 1352 3135; baseline -0.001 -24"><span class='ocrx_word' id='word_1_337' title='bbox 197 3060 313 3112; x_wconf 85' lang='lat' dir='ltr'><strong>laudans</strong></span> <span class='ocrx_word' id='word_1_338' title='bbox 332 3062 398 3135; x_wconf 84' lang='lat' dir='ltr'><strong>Jug.</strong></span> <span class='ocrx_word' id='word_1_339' title='bbox 419 3064 466 3115; x_wconf 82' lang='lat'><strong>93:</strong></span> <span class='ocrx_word' id='word_1_340' title='bbox 496 3059 620 3112; x_wconf 79' lang='lat' dir='ltr'><strong>animvm</strong></span> <span class='ocrx_word' id='word_1_341' title='bbox 638 3061 761 3114; x_wconf 86' lang='lat' dir='ltr'><strong>advertit</strong></span> <span class='ocrx_word' id='word_1_342' title='bbox 780 3093 813 3106; x_wconf 84' lang='lat'><em>-</em></span> <span class='ocrx_word' id='word_1_343' title='bbox 833 3066 958 3130; x_wconf 81' lang='lat' dir='ltr'><strong>repentes</strong></span> <span class='ocrx_word' id='word_1_344' title='bbox 975 3057 1100 3116; x_wconf 81' lang='lat' dir='ltr'><strong>cocltleae</strong></span> <span class='ocrx_word' id='word_1_345' title='bbox 1123 3057 1201 3123; x_wconf 88' lang='lat' dir='ltr'><strong>[add.</strong></span> <span class='ocrx_word' id='word_1_346' title='bbox 1222 3058 1300 3111; x_wconf 82' lang='lat' dir='ltr'><strong>Caes.</strong></span> <span class='ocrx_word' id='word_1_347' title='bbox 1320 3057 1352 3110; x_wconf 93' lang='lat' dir='ltr'><strong>B.</strong></span> 
     </span>
     <span class='ocr_line' id='line_1_38' title="bbox 198 3129 1353 3200; baseline -0.002 -16"><span class='ocrx_word' id='word_1_348' title='bbox 198 3130 234 3184; x_wconf 77' lang='lat' dir='ltr'><strong>G.</strong></span> <span class='ocrx_word' id='word_1_349' title='bbox 254 3132 277 3183; x_wconf 86' lang='lat'><strong>1.</strong></span> <span class='ocrx_word' id='word_1_350' title='bbox 297 3133 344 3186; x_wconf 78' lang='lat'><strong>24:</strong></span> <span class='ocrx_word' id='word_1_351' title='bbox 371 3137 517 3200; x_wconf 84' lang='lat' dir='ltr'><strong>postquam</strong></span> <span class='ocrx_word' id='word_1_352' title='bbox 535 3131 567 3183; x_wconf 83' lang='lat' dir='ltr'><strong>id</strong></span> <span class='ocrx_word' id='word_1_353' title='bbox 586 3131 709 3184; x_wconf 85' lang='lat' dir='ltr'><strong>animvm</strong></span> <span class='ocrx_word' id='word_1_354' title='bbox 733 3131 872 3195; x_wconf 77' lang='lat' dir='ltr'><strong>advertit5</strong></span> <span class='ocrx_word' id='word_1_355' title='bbox 900 3132 950 3184; x_wconf 92' lang='lat' dir='ltr'><strong>ubi</strong></span> <span class='ocrx_word' id='word_1_356' title='bbox 967 3131 1026 3184; x_wconf 85' lang='lat' dir='ltr'><strong>vid.</strong></span> <span class='ocrx_word' id='word_1_357' title='bbox 1044 3129 1162 3196; x_wconf 82' lang='lat' dir='ltr'><strong>llloeb.]:</strong></span> <span class='ocrx_word' id='word_1_358' title='bbox 1192 3130 1239 3181; x_wconf 87' lang='lat' dir='ltr'><strong>sed</strong></span> <span class='ocrx_word' id='word_1_359' title='bbox 1259 3130 1353 3198; x_wconf 88' lang='lat' dir='ltr'><strong>ipsum</strong></span> 
     </span>
     <span class='ocr_line' id='line_1_39' title="bbox 198 3201 1354 3272; baseline -0.002 -18"><span class='ocrx_word' id='word_1_360' title='bbox 198 3201 367 3255; x_wconf 84' lang='lat' dir='ltr'><strong>Ciceronem</strong></span> <span class='ocrx_word' id='word_1_361' title='bbox 386 3203 419 3255; x_wconf 86' lang='lat' dir='ltr'><strong>de</strong></span> <span class='ocrx_word' id='word_1_362' title='bbox 438 3201 502 3253; x_wconf 89' lang='lat' dir='ltr'><strong>Inv.</strong></span> <span class='ocrx_word' id='word_1_363' title='bbox 522 3201 560 3254; x_wconf 90' lang='lat'><strong>11.</strong></span> <span class='ocrx_word' id='word_1_364' title='bbox 581 3206 631 3258; x_wconf 82' lang='lat'><strong>51:</strong></span> <span class='ocrx_word' id='word_1_365' title='bbox 663 3205 833 3272; x_wconf 77' lang='lat' dir='ltr'><strong>naufragam</strong></span> <span class='ocrx_word' id='word_1_366' title='bbox 858 3204 993 3271; x_wconf 79' lang='lat' dir='ltr'><strong>avendum</strong></span> <span class='ocrx_word' id='word_1_367' title='bbox 1015 3207 1158 3254; x_wconf 86' lang='lat' dir='ltr'><strong>natantem</strong></span> <span class='ocrx_word' id='word_1_368' title='bbox 1178 3231 1211 3243; x_wconf 89' lang='lat'>-</span> <span class='ocrx_word' id='word_1_369' title='bbox 1231 3202 1354 3253; x_wconf 81' lang='lat' dir='ltr'><strong>animvm</strong></span> 
     </span>
     <span class='ocr_line' id='line_1_40' title="bbox 198 3272 1368 3346; baseline -0.002 -20"><span class='ocrx_word' id='word_1_370' title='bbox 198 3272 383 3337; x_wconf 82' lang='lat' dir='ltr'><strong>adverterunt,</strong></span> <span class='ocrx_word' id='word_1_371' title='bbox 402 3281 436 3325; x_wconf 87' lang='lat' dir='ltr'><strong>ut</strong></span> <span class='ocrx_word' id='word_1_372' title='bbox 455 3291 469 3326; x_wconf 94' lang='lat' dir='ltr'><strong>e</strong></span> <span class='ocrx_word' id='word_1_373' title='bbox 487 3272 565 3326; x_wconf 84' lang='lat' dir='ltr'><strong>MSS.</strong></span> <span class='ocrx_word' id='word_1_374' title='bbox 586 3273 742 3346; x_wconf 81' lang='lat' dir='ltr'><strong>legendum</strong></span> <span class='ocrx_word' id='word_1_375' title='bbox 768 3275 865 3327; x_wconf 91' lang='lat' dir='ltr'><strong>docuit</strong></span> <span class='ocrx_word' id='word_1_376' title='bbox 884 3273 1112 3343; x_wconf 89' lang='lat' dir='ltr'><strong>Oudendorpius:</strong></span> <span class='ocrx_word' id='word_1_377' title='bbox 1145 3272 1220 3341; x_wconf 89' lang='lat' dir='ltr'><strong>quod</strong></span> <span class='ocrx_word' id='word_1_378' title='bbox 1243 3273 1368 3324; x_wconf 83' lang='lat' dir='ltr'><strong>factum</strong></span> 
     </span>
     <span class='ocr_line' id='line_1_41' title="bbox 196 3343 1352 3416; baseline -0.002 -20"><span class='ocrx_word' id='word_1_379' title='bbox 196 3359 261 3396; x_wconf 72' lang='lat' dir='ltr'><strong>non‘</strong></span> <span class='ocrx_word' id='word_1_380' title='bbox 274 3344 418 3414; x_wconf 89' lang='lat' dir='ltr'><strong>improbat</strong></span> <span class='ocrx_word' id='word_1_381' title='bbox 436 3344 569 3399; x_wconf 89' lang='lat' dir='ltr'><strong>Orellius.</strong></span> <span class='ocrx_word' id='word_1_382' title='bbox 608 3345 730 3398; x_wconf 86' lang='lat' dir='ltr'><strong>Accedit</strong></span> <span class='ocrx_word' id='word_1_383' title='bbox 755 3345 930 3416; x_wconf 88' lang='lat' dir='ltr'><strong>optimorum</strong></span> <span class='ocrx_word' id='word_1_384' title='bbox 949 3346 978 3396; x_wconf 90' lang='lat' dir='ltr'><strong>h.</strong></span> <span class='ocrx_word' id='word_1_385' title='bbox 998 3345 1019 3396; x_wconf 91' lang='lat'><strong>1.</strong></span> <span class='ocrx_word' id='word_1_386' title='bbox 1038 3344 1180 3396; x_wconf 87' lang='lat' dir='ltr'><strong>librorum</strong></span> <span class='ocrx_word' id='word_1_387' title='bbox 1198 3343 1352 3411; x_wconf 89' lang='lat' dir='ltr'><strong>scriptura,</strong></span> 
     </span>
     <span class='ocr_line' id='line_1_42' title="bbox 196 3414 1354 3490; baseline -0.003 -21"><span class='ocrx_word' id='word_1_388' title='bbox 196 3415 267 3490; x_wconf 79' lang='lat' dir='ltr'><strong>Reg.</strong></span> <span class='ocrx_word' id='word_1_389' title='bbox 286 3416 378 3468; x_wconf 88' lang='lat' dir='ltr'><strong>Vatic.</strong></span> <span class='ocrx_word' id='word_1_390' title='bbox 400 3415 473 3469; x_wconf 83' lang='lat' dir='ltr'><strong>Gud.</strong></span> <span class='ocrx_word' id='word_1_391' title='bbox 495 3421 517 3471; x_wconf 94' lang='lat'><strong>1.</strong></span> <span class='ocrx_word' id='word_1_392' title='bbox 546 3416 633 3468; x_wconf 78' lang='lat' dir='ltr'><strong>Mart.</strong></span> <span class='ocrx_word' id='word_1_393' title='bbox 654 3434 746 3486; x_wconf 86' lang='lat' dir='ltr'><strong>neque</strong></span> <span class='ocrx_word' id='word_1_394' title='bbox 773 3416 940 3470; x_wconf 84' lang='lat' dir='ltr'><strong>adversatur</strong></span> <span class='ocrx_word' id='word_1_395' title='bbox 959 3415 1030 3468; x_wconf 89' lang='lat' dir='ltr'><strong>Gud.</strong></span> <span class='ocrx_word' id='word_1_396' title='bbox 1052 3417 1079 3470; x_wconf 82' lang='lat'><strong>2.</strong></span> <span class='ocrx_word' id='word_1_397' title='bbox 1108 3414 1140 3465; x_wconf 92' lang='lat' dir='ltr'><strong>in</strong></span> <span class='ocrx_word' id='word_1_398' title='bbox 1166 3431 1222 3482; x_wconf 90' lang='lat' dir='ltr'><strong>quo</strong></span> <span class='ocrx_word' id='word_1_399' title='bbox 1242 3421 1284 3465; x_wconf 91' lang='lat' dir='ltr'><strong>est</strong></span> <span class='ocrx_word' id='word_1_400' title='bbox 1302 3414 1354 3466; x_wconf 90' lang='lat' dir='ltr'><strong>ad-</strong></span> 
     </span>
     <span class='ocr_line' id='line_1_43' title="bbox 197 3482 1354 3557; baseline -0.004 -17"><span class='ocrx_word' id='word_1_401' title='bbox 197 3486 277 3553; x_wconf 84' lang='lat' dir='ltr'><strong>verti,</strong></span> <span class='ocrx_word' id='word_1_402' title='bbox 297 3487 398 3540; x_wconf 93' lang='lat' dir='ltr'><strong>omisso</strong></span> <span class='ocrx_word' id='word_1_403' title='bbox 418 3489 549 3540; x_wconf 83' lang='lat' dir='ltr'><strong>animvm.</strong></span> <span class='ocrx_word' id='word_1_404' title='bbox 587 3486 666 3552; x_wconf 84' lang='lat' dir='ltr'><strong>Quod</strong></span> <span class='ocrx_word' id='word_1_405' title='bbox 684 3505 754 3540; x_wconf 84' lang='lat' dir='ltr'><strong>vero</strong></span> <span class='ocrx_word' id='word_1_406' title='bbox 771 3486 906 3557; x_wconf 87' lang='lat' dir='ltr'><strong>plerique</strong></span> <span class='ocrx_word' id='word_1_407' title='bbox 924 3487 1031 3551; x_wconf 84' lang='lat' dir='ltr'><strong>habent</strong></span> <span class='ocrx_word' id='word_1_408' title='bbox 1049 3482 1247 3550; x_wconf 84' lang='lat' dir='ltr'><strong>animadverti,</strong></span> <span class='ocrx_word' id='word_1_409' title='bbox 1268 3483 1298 3535; x_wconf 93' lang='lat' dir='ltr'><strong>id</strong></span> <span class='ocrx_word' id='word_1_410' title='bbox 1317 3502 1354 3537; x_wconf 86' lang='lat' dir='ltr'><strong>ex</strong></span> 
     </span>
     <span class='ocr_line' id='line_1_44' title="bbox 196 3556 1353 3628; baseline -0.002 -18"><span class='ocrx_word' id='word_1_411' title='bbox 196 3575 302 3610; x_wconf 86' lang='lat' dir='ltr'><strong>vocum</strong></span> <span class='ocrx_word' id='word_1_412' title='bbox 320 3559 497 3628; x_wconf 89' lang='lat' dir='ltr'><strong>compendiis</strong></span> <span class='ocrx_word' id='word_1_413' title='bbox 516 3566 545 3610; x_wconf 89' lang='lat' dir='ltr'><strong>et</strong></span> <span class='ocrx_word' id='word_1_414' title='bbox 563 3558 721 3611; x_wconf 85' lang='lat' dir='ltr'><strong>scribarum</strong></span> <span class='ocrx_word' id='word_1_415' title='bbox 748 3558 953 3611; x_wconf 88' lang='lat' dir='ltr'><strong>consuetudine</strong></span> <span class='ocrx_word' id='word_1_416' title='bbox 971 3560 1082 3609; x_wconf 85' lang='lat' dir='ltr'><strong>factum</strong></span> <span class='ocrx_word' id='word_1_417' title='bbox 1102 3564 1158 3608; x_wconf 84' lang='lat' dir='ltr'><strong>est:</strong></span> <span class='ocrx_word' id='word_1_418' title='bbox 1190 3573 1243 3608; x_wconf 87' lang='lat' dir='ltr'><strong>nec</strong></span> <span class='ocrx_word' id='word_1_419' title='bbox 1254 3556 1353 3608; x_wconf 67' lang='lat' dir='ltr'><strong>tacite</strong></span> 
     </span>
     <span class='ocr_line' id='line_1_45' title="bbox 197 3627 1354 3698; baseline -0.001 -18"><span class='ocrx_word' id='word_1_420' title='bbox 197 3628 302 3698; x_wconf 85' lang='lat' dir='ltr'><strong>aliquis</strong></span> <span class='ocrx_word' id='word_1_421' title='bbox 322 3628 446 3683; x_wconf 81' lang='lat' dir='ltr'><strong>avinzvm</strong></span> <span class='ocrx_word' id='word_1_422' title='bbox 464 3629 574 3683; x_wconf 82' lang='lat' dir='ltr'><strong>adverti</strong></span> <span class='ocrx_word' id='word_1_423' title='bbox 591 3630 696 3682; x_wconf 84' lang='lat' dir='ltr'><strong>fecerit</strong></span> <span class='ocrx_word' id='word_1_424' title='bbox 708 3647 743 3681; x_wconf 83' lang='lat' dir='ltr'><strong>ex</strong></span> <span class='ocrx_word' id='word_1_425' title='bbox 761 3630 964 3684; x_wconf 80' lang='lat' dir='ltr'><strong>animadverti:</strong></span> <span class='ocrx_word' id='word_1_426' title='bbox 983 3628 1161 3681; x_wconf 85' lang='lat' dir='ltr'><strong>contrarium</strong></span> <span class='ocrx_word' id='word_1_427' title='bbox 1180 3635 1276 3679; x_wconf 84' lang='lat' dir='ltr'><strong>autom</strong></span> <span class='ocrx_word' id='word_1_428' title='bbox 1294 3627 1354 3679; x_wconf 86' lang='lat' dir='ltr'><strong>fuit</strong></span> 
     </span>
     <span class='ocr_line' id='line_1_46' title="bbox 198 3697 1354 3770; baseline -0.003 -19"><span class='ocrx_word' id='word_1_429' title='bbox 198 3699 348 3753; x_wconf 87' lang='lat' dir='ltr'><strong>admodum</strong></span> <span class='ocrx_word' id='word_1_430' title='bbox 365 3702 505 3770; x_wconf 87' lang='lat' dir='ltr'><strong>proclive.</strong></span> <span class='ocrx_word' id='word_1_431' title='bbox 534 3702 615 3753; x_wconf 88' lang='lat' dir='ltr'><strong>Unus</strong></span> <span class='ocrx_word' id='word_1_432' title='bbox 629 3701 678 3754; x_wconf 86' lang='lat' dir='ltr'><strong>Ox.</strong></span> <span class='ocrx_word' id='word_1_433' title='bbox 700 3700 817 3752; x_wconf 86' lang='lat' dir='ltr'><strong>exhibet</strong></span> <span class='ocrx_word' id='word_1_434' title='bbox 836 3700 1038 3763; x_wconf 82' lang='lat' dir='ltr'><strong>columnellam,</strong></span> <span class='ocrx_word' id='word_1_435' title='bbox 1059 3715 1115 3768; x_wconf 88' lang='lat' dir='ltr'><strong>quo</strong></span> <span class='ocrx_word' id='word_1_436' title='bbox 1135 3698 1226 3750; x_wconf 87' lang='lat' dir='ltr'><strong>scriba</strong></span> <span class='ocrx_word' id='word_1_437' title='bbox 1245 3697 1354 3750; x_wconf 88' lang='lat' dir='ltr'><strong>doctri·</strong></span> 
     </span>
     <span class='ocr_line' id='line_1_47' title="bbox 198 3768 1353 3838; baseline -0.002 -16"><span class='ocrx_word' id='word_1_438' title='bbox 198 3788 274 3838; x_wconf 90' lang='lat' dir='ltr'><strong>nam,</strong></span> <span class='ocrx_word' id='word_1_439' title='bbox 293 3779 327 3823; x_wconf 87' lang='lat' dir='ltr'><strong>ut</strong></span> <span class='ocrx_word' id='word_1_440' title='bbox 345 3771 469 3837; x_wconf 89' lang='lat' dir='ltr'><strong>videtur,</strong></span> <span class='ocrx_word' id='word_1_441' title='bbox 489 3789 566 3824; x_wconf 82' lang='lat' dir='ltr'><strong>suam</strong></span> <span class='ocrx_word' id='word_1_442' title='bbox 579 3779 722 3823; x_wconf 87' lang='lat' dir='ltr'><strong>ostentare</strong></span> <span class='ocrx_word' id='word_1_443' title='bbox 733 3771 853 3823; x_wconf 87' lang='lat' dir='ltr'><strong>volebat.</strong></span> <span class='ocrx_word' id='word_1_444' title='bbox 883 3773 917 3824; x_wconf 88' lang='lat' dir='ltr'><strong>ln</strong></span> <span class='ocrx_word' id='word_1_445' title='bbox 937 3771 1005 3824; x_wconf 79' lang='lat' dir='ltr'><strong>eod.</strong></span> <span class='ocrx_word' id='word_1_446' title='bbox 1025 3769 1123 3822; x_wconf 91' lang='lat' dir='ltr'><strong>Duisb.</strong></span> <span class='ocrx_word' id='word_1_447' title='bbox 1144 3770 1247 3822; x_wconf 84' lang='lat' dir='ltr'><strong>desunt</strong></span> <span class='ocrx_word' id='word_1_448' title='bbox 1264 3768 1353 3821; x_wconf 85' lang='lat' dir='ltr'><strong>verba</strong></span> 
     </span>
     <span class='ocr_line' id='line_1_48' title="bbox 196 3840 1352 3912; baseline -0.003 -17"><span class='ocrx_word' id='word_1_449' title='bbox 196 3859 251 3895; x_wconf 88' lang='lat' dir='ltr'><strong>non</strong></span> <span class='ocrx_word' id='word_1_450' title='bbox 268 3843 391 3898; x_wconf 72' lang='lat' dir='ltr'><strong>niallam.</strong></span> <span class='ocrx_word' id='word_1_451' title='bbox 429 3844 509 3896; x_wconf 83' lang='lat' dir='ltr'><strong>idem</strong></span> <span class='ocrx_word' id='word_1_452' title='bbox 526 3841 611 3893; x_wconf 86' lang='lat' dir='ltr'><strong>habet</strong></span> <span class='ocrx_word' id='word_1_453' title='bbox 630 3841 660 3894; x_wconf 87' lang='lat' dir='ltr'><strong>in</strong></span> <span class='ocrx_word' id='word_1_454' title='bbox 679 3857 733 3907; x_wconf 79' lang='lat' dir='ltr'><strong>aaa</strong></span> <span class='ocrx_word' id='word_1_455' title='bbox 758 3847 850 3907; x_wconf 88' lang='lat' dir='ltr'><strong>erat,</strong></span> <span class='ocrx_word' id='word_1_456' title='bbox 874 3850 907 3893; x_wconf 88' lang='lat' dir='ltr'><strong>ut</strong></span> <span class='ocrx_word' id='word_1_457' title='bbox 928 3859 1015 3912; x_wconf 86' lang='lat' dir='ltr'><strong>supra</strong></span> <span class='ocrx_word' id='word_1_458' title='bbox 1038 3842 1149 3910; x_wconf 82' lang='lat' dir='ltr'><strong>aliquot</strong></span> <span class='ocrx_word' id='word_1_459' title='bbox 1166 3840 1198 3893; x_wconf 85' lang='lat' dir='ltr'><strong>in</strong></span> <span class='ocrx_word' id='word_1_460' title='bbox 1215 3840 1276 3892; x_wconf 85' lang='lat' dir='ltr'><strong>eivs</strong></span> <span class='ocrx_word' id='word_1_461' title='bbox 1293 3856 1352 3892; x_wconf 88' lang='lat' dir='ltr'><strong>mo-</strong></span> 
     </span>
     <span class='ocr_line' id='line_1_49' title="bbox 196 3910 1354 3982; baseline -0.003 -18"><span class='ocrx_word' id='word_1_462' title='bbox 196 3919 376 3967; x_wconf 86' lang='lat' dir='ltr'><strong>numento-</strong></span> <span class='ocrx_word' id='word_1_463' title='bbox 404 3914 570 3982; x_wconf 83' lang='lat' dir='ltr'><strong>scriptos.</strong></span> <span class='ocrx_word' id='word_1_464' title='bbox 608 3915 674 3964; x_wconf 86' lang='lat' dir='ltr'><strong>Mox</strong></span> <span class='ocrx_word' id='word_1_465' title='bbox 692 3911 780 3965; x_wconf 86' lang='lat' dir='ltr'><strong>Rehd.</strong></span> <span class='ocrx_word' id='word_1_466' title='bbox 810 3911 1059 3968; x_wconf 77' lang='lat' dir='ltr'><strong>etcltiliadrus.</strong></span> <span class='ocrx_word' id='word_1_467' title='bbox 1097 3910 1170 3966; x_wconf 81' lang='lat' dir='ltr'><strong>Gud.</strong></span> <span class='ocrx_word' id='word_1_468' title='bbox 1190 3913 1216 3965; x_wconf 79' lang='lat'><strong>2.</strong></span> <span class='ocrx_word' id='word_1_469' title='bbox 1242 3911 1354 3962; x_wconf 87' lang='lat' dir='ltr'><strong>omittit</strong></span> 
     </span>
     <span class='ocr_line' id='line_1_50' title="bbox 197 3980 1352 4055; baseline -0.003 -18"><span class='ocrx_word' id='word_1_470' title='bbox 197 4001 258 4052; x_wconf 85' lang='lat' dir='ltr'><strong>ego.</strong></span> <span class='ocrx_word' id='word_1_471' title='bbox 296 3986 376 4038; x_wconf 88' lang='lat' dir='ltr'><strong>Unus</strong></span> <span class='ocrx_word' id='word_1_472' title='bbox 395 3985 446 4038; x_wconf 84' lang='lat' dir='ltr'><strong>Ox.</strong></span> <span class='ocrx_word' id='word_1_473' title='bbox 470 3985 557 4038; x_wconf 87' lang='lat' dir='ltr'><strong>habet</strong></span> <span class='ocrx_word' id='word_1_474' title='bbox 583 3990 659 4036; x_wconf 87' lang='lat' dir='ltr'><strong>erat</strong></span> <span class='ocrx_word' id='word_1_475' title='bbox 686 3990 779 4036; x_wconf 84' lang='lat' dir='ltr'><strong>autem</strong></span> <span class='ocrx_word' id='word_1_476' title='bbox 804 3983 989 4055; x_wconf 83' lang='lat' dir='ltr'><strong>princeps.-</strong></span> <span class='ocrx_word' id='word_1_477' title='bbox 1018 3991 1046 4037; x_wconf 92' lang='lat' dir='ltr'><strong>et</strong></span> <span class='ocrx_word' id='word_1_478' title='bbox 1068 3982 1110 4034; x_wconf 87' lang='lat' dir='ltr'><strong>sic</strong></span> <span class='ocrx_word' id='word_1_479' title='bbox 1128 3980 1212 4037; x_wconf 90' lang='lat' dir='ltr'><strong>Vind.</strong></span> <span class='ocrx_word' id='word_1_480' title='bbox 1234 3985 1258 4035; x_wconf 92' lang='lat'><strong>1.</strong></span> <span class='ocrx_word' id='word_1_481' title='bbox 1284 3981 1352 4035; x_wconf 83' lang='lat' dir='ltr'><strong>(lod.</strong></span> 
     </span>
     <span class='ocr_line' id='line_1_51' title="bbox 196 4057 536 4110; baseline -0.003 -2"><span class='ocrx_word' id='word_1_482' title='bbox 196 4058 271 4109; x_wconf 84' lang='lat' dir='ltr'><strong>Mon.</strong></span> <span class='ocrx_word' id='word_1_483' title='bbox 292 4060 316 4110; x_wconf 95' lang='lat'><strong>1.</strong></span> <span class='ocrx_word' id='word_1_484' title='bbox 345 4057 436 4110; x_wconf 81' lang='lat' dir='ltr'><strong>dixit.</strong></span> <span class='ocrx_word' id='word_1_485' title='bbox 474 4057 536 4110; x_wconf 89' lang='lat' dir='ltr'><strong>Mr.</strong></span> 
     </span>
    </p>

    <p class='ocr_par' dir='ltr' id='par_1_12' title="bbox 197 4123 1355 4478">
     <span class='ocr_line' id='line_1_52' title="bbox 267 4123 1355 4195; baseline -0.004 -17"><span class='ocrx_word' id='word_1_486' title='bbox 267 4143 310 4179; x_wconf 85' lang='lat' dir='ltr'><strong>me</strong></span> <span class='ocrx_word' id='word_1_487' title='bbox 328 4127 400 4180; x_wconf 85' lang='lat' dir='ltr'><strong>illud</strong></span> <span class='ocrx_word' id='word_1_488' title='bbox 423 4128 514 4194; x_wconf 85' lang='lat' dir='ltr'><strong>ipsvm</strong></span> <span class='ocrx_word' id='word_1_489' title='bbox 536 4125 676 4181; x_wconf 83' lang='lat' dir='ltr'><strong>arbitrari</strong></span> <span class='ocrx_word' id='word_1_490' title='bbox 701 4141 770 4191; x_wconf 84' lang='lat' dir='ltr'><strong>esse,</strong></span> <span class='ocrx_word' id='word_1_491' title='bbox 802 4127 874 4193; x_wconf 82' lang='lat' dir='ltr'><strong>quod</strong></span> <span class='ocrx_word' id='word_1_492' title='bbox 897 4125 1066 4195; x_wconf 79' lang='lat' dir='ltr'><strong>quaererem]</strong></span> <span class='ocrx_word' id='word_1_493' title='bbox 1091 4125 1183 4178; x_wconf 82' lang='lat' dir='ltr'><strong>llledit</strong></span> <span class='ocrx_word' id='word_1_494' title='bbox 1207 4123 1297 4178; x_wconf 90' lang='lat' dir='ltr'><strong>Orell.</strong></span> <span class='ocrx_word' id='word_1_495' title='bbox 1319 4141 1355 4176; x_wconf 88' lang='lat' dir='ltr'><strong>ex</strong></span> 
     </span>
     <span class='ocr_line' id='line_1_53' title="bbox 197 4194 1355 4266; baseline -0.004 -15"><span class='ocrx_word' id='word_1_496' title='bbox 197 4198 255 4251; x_wconf 82' lang='lat' dir='ltr'><strong>sola</strong></span> <span class='ocrx_word' id='word_1_497' title='bbox 273 4198 325 4251; x_wconf 84' lang='lat' dir='ltr'><strong>Ed.</strong></span> <span class='ocrx_word' id='word_1_498' title='bbox 345 4201 374 4250; x_wconf 92' lang='lat' dir='ltr'><strong>P.</strong></span> <span class='ocrx_word' id='word_1_499' title='bbox 394 4199 487 4266; x_wconf 85' lang='lat' dir='ltr'><strong>ipsvm</strong></span> <span class='ocrx_word' id='word_1_500' title='bbox 504 4197 584 4263; x_wconf 81' lang='lat' dir='ltr'><strong>illud,</strong></span> <span class='ocrx_word' id='word_1_501' title='bbox 609 4198 678 4259; x_wconf 72' lang='lat' dir='ltr'><strong>alios</strong></span> <span class='ocrx_word' id='word_1_502' title='bbox 697 4214 795 4250; x_wconf 89' lang='lat' dir='ltr'><strong>omnes</strong></span> <span class='ocrx_word' id='word_1_503' title='bbox 819 4196 925 4251; x_wconf 86' lang='lat' dir='ltr'><strong>habere</strong></span> <span class='ocrx_word' id='word_1_504' title='bbox 943 4198 1040 4251; x_wconf 90' lang='lat' dir='ltr'><strong>dicens</strong></span> <span class='ocrx_word' id='word_1_505' title='bbox 1064 4197 1139 4253; x_wconf 83' lang='lat' dir='ltr'><strong>illud</strong></span> <span class='ocrx_word' id='word_1_506' title='bbox 1157 4195 1260 4265; x_wconf 83' lang='lat' dir='ltr'><strong>ipsam.</strong></span> <span class='ocrx_word' id='word_1_507' title='bbox 1298 4194 1355 4248; x_wconf 88' lang='lat' dir='ltr'><strong>Sed</strong></span> 
     </span>
     <span class='ocr_line' id='line_1_54' title="bbox 197 4265 1353 4338; baseline -0.003 -18"><span class='ocrx_word' id='word_1_508' title='bbox 197 4277 299 4322; x_wconf 87' lang='lat' dir='ltr'><strong>contra</strong></span> <span class='ocrx_word' id='word_1_509' title='bbox 324 4269 453 4321; x_wconf 89' lang='lat' dir='ltr'><strong>omnium</strong></span> <span class='ocrx_word' id='word_1_510' title='bbox 471 4269 556 4322; x_wconf 84' lang='lat' dir='ltr'><strong>codd.</strong></span> <span class='ocrx_word' id='word_1_511' title='bbox 576 4269 778 4321; x_wconf 87' lang='lat' dir='ltr'><strong>auctoritatem</strong></span> <span class='ocrx_word' id='word_1_512' title='bbox 805 4268 939 4338; x_wconf 88' lang='lat' dir='ltr'><strong>equidem</strong></span> <span class='ocrx_word' id='word_1_513' title='bbox 956 4269 1111 4327; x_wconf 83' lang='lat' dir='ltr'><strong>verborum</strong></span> <span class='ocrx_word' id='word_1_514' title='bbox 1131 4267 1273 4330; x_wconf 88' lang='lat' dir='ltr'><strong>ordinem,</strong></span> <span class='ocrx_word' id='word_1_515' title='bbox 1301 4265 1353 4334; x_wconf 86' lang='lat' dir='ltr'><strong>qui</strong></span> 
     </span>
     <span class='ocr_line' id='line_1_55' title="bbox 197 4338 1355 4410; baseline -0.003 -20"><span class='ocrx_word' id='word_1_516' title='bbox 197 4340 272 4392; x_wconf 85' lang='lat' dir='ltr'><strong>ferri</strong></span> <span class='ocrx_word' id='word_1_517' title='bbox 290 4346 393 4410; x_wconf 87' lang='lat' dir='ltr'><strong>potest,</strong></span> <span class='ocrx_word' id='word_1_518' title='bbox 424 4355 482 4391; x_wconf 90' lang='lat' dir='ltr'><strong>non</strong></span> <span class='ocrx_word' id='word_1_519' title='bbox 506 4340 729 4394; x_wconf 87' lang='lat' dir='ltr'><strong>immutaverim.</strong></span> <span class='ocrx_word' id='word_1_520' title='bbox 767 4340 889 4391; x_wconf 83' lang='lat' dir='ltr'><strong>Mutavit</strong></span> <span class='ocrx_word' id='word_1_521' title='bbox 915 4348 1012 4393; x_wconf 89' lang='lat' dir='ltr'><strong>tamen</strong></span> <span class='ocrx_word' id='word_1_522' title='bbox 1029 4339 1084 4391; x_wconf 86' lang='lat' dir='ltr'><strong>Ed.</strong></span> <span class='ocrx_word' id='word_1_523' title='bbox 1103 4338 1178 4390; x_wconf 85' lang='lat' dir='ltr'><strong>Tbn.</strong></span> <span class='ocrx_word' id='word_1_524' title='bbox 1216 4338 1355 4390; x_wconf 81' lang='lat' dir='ltr'><strong>Ceterum</strong></span> 
     </span>
     <span class='ocr_line' id='line_1_56' title="bbox 197 4403 1353 4478; baseline -0.003 -15"><span class='ocrx_word' id='word_1_525' title='bbox 197 4410 250 4463; x_wconf 83' lang='lat' dir='ltr'><strong>Ed.</strong></span> <span class='ocrx_word' id='word_1_526' title='bbox 271 4411 306 4464; x_wconf 84' lang='grc' dir='ltr'><strong>Ε.</strong></span> <span class='ocrx_word' id='word_1_527' title='bbox 326 4427 393 4463; x_wconf 88' lang='lat' dir='ltr'><strong>cum</strong></span> <span class='ocrx_word' id='word_1_528' title='bbox 411 4408 477 4463; x_wconf 81' lang='lat' dir='ltr'><strong>(lod.</strong></span> <span class='ocrx_word' id='word_1_529' title='bbox 496 4411 579 4463; x_wconf 84' lang='lat' dir='ltr'><strong>Vind.</strong></span> <span class='ocrx_word' id='word_1_530' title='bbox 600 4415 625 4466; x_wconf 87' lang='lat' dir='ltr'><strong>l.</strong></span> <span class='ocrx_word' id='word_1_531' title='bbox 653 4403 776 4464; x_wconf 71' lang='lat' dir='ltr'><strong>omittit&#39;</strong></span> <span class='ocrx_word' id='word_1_532' title='bbox 789 4409 887 4478; x_wconf 82' lang='lat' dir='ltr'><strong>ipsum.</strong></span> <span class='ocrx_word' id='word_1_533' title='bbox 926 4409 1001 4477; x_wconf 85' lang='lat' dir='ltr'><strong>Sola,</strong></span> <span class='ocrx_word' id='word_1_534' title='bbox 1024 4418 1057 4462; x_wconf 91' lang='lat' dir='ltr'><strong>ut</strong></span> <span class='ocrx_word' id='word_1_535' title='bbox 1075 4409 1200 4475; x_wconf 88' lang='lat' dir='ltr'><strong>videtur,</strong></span> <span class='ocrx_word' id='word_1_536' title='bbox 1220 4409 1273 4460; x_wconf 81' lang='lat' dir='ltr'><strong>Ed.</strong></span> <span class='ocrx_word' id='word_1_537' title='bbox 1293 4406 1353 4460; x_wconf 85' lang='lat' dir='ltr'><strong>Alt.</strong></span> 
     </span>
    </p>
   </div>
   <div class='ocr_carea' id='block_1_6' title="bbox 0 0 1439 5084">
    <p class='ocr_par' dir='ltr' id='par_1_13' title="bbox 0 0 1439 5084">
     <span class='ocr_line' id='line_1_57' title="bbox 0 0 1439 5084; baseline 0 0"><span class='ocrx_word' id='word_1_538' title='bbox 0 0 1439 5084; x_wconf 95' lang='lat' dir='ltr'><strong> </strong></span> 
     </span>
    </p>
   </div>
  </div>
 </body>
</html>
