2856 5084
484 332 488 337 -
585 282 718 349 ntem·
736 286 781 365 V,
805 284 856 352 tt.
1040 310 1043 317 ·
1225 287 1284 354 197

136 458 204 514 tem.
245 448 332 514 Mili
354 449 490 514 amictui
510 459 560 514 est
580 448 940 539 Seyttimmeegtmm,
963 448 1211 531 calciamentum,
1231 472 1285 516 coa

133 634 264 759 {epistolas
282 634 370 690 hodie
387 652 472 690 nemo
489 637 577 690 facile
596 636 763 691 crediderit.
800 636 842 690 De
860 645 974 690 nostrae
1000 637 1137 721 epistolae
1160 638 1284 693 veritate

157 707 234 759 icero
252 707 404 761 manifesto
422 724 481 761 non
498 708 647 761 dubitavit.
668 735 702 746 -
721 706 865 761 scribitur
882 709 1001 776 epistola
1019 725 1051 759 m
1068 706 1155 761 codd.
1169 707 1243 761 Gud.
1260 714 1284 763 1.

133 783 164 830 et
185 793 243 829 uno
266 777 334 842 01„
364 777 399 830 sle
423 772 479 847 nna
506 779 664 848 scriptione
688 778 754 830 vide
777 793 881 831 novam
911 778 964 832 Et.
992 778 1155 832 Porcellini
1184 777 1287 848 Germ.

183 849 242 901 177.
268 865 294 900 c.
319 848 354 899 T.
372 846 411 901 11.
435 847 506 916 ibiq.
532 849 626 901 laudi.
664 850 719 901 Pro
743 845 789 900 tte
813 856 856 901 est
879 845 945 913 iiis,
970 858 1004 901 ut
1027 849 1091 902 fere
1109 865 1233 918 semper,
1253 849 1287 903 in

175 916 201 969 d.
220 917 328 982 Duisb.‚
347 918 386 970 iis
404 918 436 969 in
454 919 528 970 Mon.
547 921 575 973 2.
611 919 719 971 Vocem
736 916 831 970 verbio
848 935 906 973 non
923 918 1009 972 habet
1026 919 1080 971 Et.
1101 918 1129 973 S.
1156 918 1199 971 De
1208 918 1286 971 Han·

132 1002 207 1040 none
234 989 292 1040 vid.
313 987 463 1057 Schirlitc.
490 987 523 1038 in
541 986 656 1049 Seebod.
676 988 768 1041 Krit.
787 986 875 1043 Bibl.
897 991 974 1051 1818.
1004 990 1049 1045 68.
1077 1007 1105 1058 p·
1131 991 1194 1044 54⁰.
1230 991 1285 1043 Pro

131 1056 266 1114 Hannone·
291 1067 335 1110 est
361 1057 490 1110 Ammoni
513 1057 545 1109 in
566 1074 624 1111 uno
649 1058 712 1122 Ox..
738 1058 862 1113 llamont'
881 1059 912 1111 in
929 1058 1014 1114 Vind.
1035 1063 1071 1123 1.,
1100 1058 1237 1113 oracioni
1253 1059 1286 1112 in

132 1126 206 1180 (iud.
225 1131 253 1193 2,
271 1128 397 1180 mimoni
414 1128 446 1179 in
458 1127 554 1191 liebri.
591 1129 751 1193 „Fuerunt
776 1128 937 1199 complures
956 1127 1046 1183 carth
1084 1130 1206 1184 inienses
1228 1129 1286 1181 hu·
1373 1129 1375 1132 ⁴

132 1196 177 1249 ius
195 1199 331 1264 nominis,
349 1215 419 1268 quos
437 1207 568 1252 recenset
584 1199 733 1251 Fabricius
750 1198 823 1251 Bibl.
844 1199 897 1252 Gr.
914 1201 936 1253 1.
956 1203 982 1255 6.
1002 1202 1029 1256 9.
1105 1209 1120 1254 t
1144 1199 1195 1254 hic
1222 1200 1284 1253 sine

133 1267 221 1334 dubio
239 1269 351 1337 primus
376 1267 515 1333 omnium,
546 1269 580 1322 cle
607 1269 710 1338 quibus
729 1283 779 1320 nos
797 1269 915 1339 quidem
934 1270 1109 1336 audivimus:
1142 1288 1196 1324 nec
1212 1286 1285 1325 vero

134 1337 196 1389 eius
221 1337 300 1402 alibi,
330 1356 416 1408 quam
439 1339 469 1389 in
492 1339 547 1392 hac
571 1339 707 1410 epistola,
731 1339 766 1390 nt
792 1339 934 1393 mentio.“
959 1337 1049 1394 Boot.
1096 1340 1284 1395 Schirlitzius

132 1406 154 1458 l.
166 1425 191 1463 c.
211 1408 364 1473 existimat,
384 1409 519 1477 eumtqui
537 1408 587 1463 hic
604 1409 746 1474 laudatur,
765 1410 936 1465 Hannonem
953 1427 1012 1464 esse
1031 1411 1153 1464 eundem
1172 1412 1207 1465 de
1225 1426 1283 1481 quo

132 1477 266 1547 loquitur
281 1478 336 1531 Dio
355 1478 501 1548 chrysost.
529 1479 605 1534 Orat.
626 1477 953 1548 xxv.p.tet.1.utet.
974 1483 1060 1537 16⁰4:
1088 1485 1206 1545 Νουμᾶν
1230 1481 1284 1547 μὲν

108 1575 111 1581 ·
129 1545 260 1614 Ῥωμαῖοι
277 1548 360 1618 ννχδν
378 1547 415 1600 δν
432 1548 538 1615 λέγοιεν
555 1549 648 1604 αὑτῶν
666 1548 797 1617 δαίμονα,
816 1554 895 1622 ΚαρΙ
917 1551 1007 1605 δόνιοι
1019 1552 1142 1604 Ἄννωνα
1159 1553 1207 1604 καὶ
1222 1551 1283 1605 Ἅν-

131 1625 212 1688 alpem
229 1653 293 1742 M.
313 1655 321 1673 .
381 1617 590 1690 Καρχηδονίους
612 1619 644 1673 δὲ
662 1620 768 1673 Ἄννων
791 1621 844 1688 μίν
868 1625 931 1676 ανιί
956 1623 1065 1692 Τυρίων
1091 1621 1205 1689 ἐποίησε
1230 1627 1282 1679 At·

151 1709 166 1744 ο
198 1725 205 1740 .
279 1705 303 1741 r.
853 1709 855 1713 ’
1063 1703 1065 1707 ·

132 1696 376 1814 orchadum
395 1759 537 1827 Hannoni]
574 1759 684 1813 Graece
703 1760 744 1812 sic
762 1760 790 1812 le
813 1761 873 1813 itur
891 1761 976 1814 inter
986 1763 1134 1832 Epistolasl
1148 1763 1283 1819 Generae

132 1829 222 1884 editas
269 1867 275 1880 .
296 1833 356 1887 349.
390 1826 552 1899 Ἀνάχαρσις
570 1824 696 1885 ’Ἄννωνα
732 1777 811 1896 Ἐμοξ
825 1829 880 1902 μὲν
905 1836 1059 1901 πιρίβίημα
1080 1837 1181 1903 χίαῖνα
1205 1837 1281 1887 Σκο-

131 1893 209 1965 δικῆ·
240 1846 370 1967 iisdem
395 1899 484 1971 δέρμα
502 1900 615 1952 ποδοῖν·
643 1904 718 1967 κοίτη
742 1900 775 1952 δὲ
792 1909 871 1953 πᾶσα
888 1908 940 1971 γῆ·
966 1903 1083 1957 δεῖπνον
1107 1908 1152 1956 καί
1168 1905 1282 1974 ἄριστον

132 1968 204 2039 γάλα
227 1971 273 2020 καί
294 1972 375 2040 τυρὸς
397 1974 444 2023 καί
468 1972 544 2040 κρέας
569 1968 673 2024 δπιδν·
707 1975 784 2023 πιεῖν
810 1967 895 2040 ὕδωρ.
930 1973 974 2034 Ὡς
1001 1971 1054 2027 οὖν
1083 1969 1201 2042 ἄγοντόςΙ
1225 1993 1281 2040 μου

131 2038 246 2109 σχολήν,
270 2033 312 2094 ὧν
329 2042 359 2094 οἱ
376 2044 496 2096 πλεῖστοι
519 2039 609 2095 ἕνεκεν
632 2037 827 2107 ἀσχολοῦνται,
854 2044 1011 2111 παραγίνου
1029 2043 1098 2115 πρός
1115 2060 1161 2114 με,
1179 2047 1206 2098 εί
1220 2044 1282 2098 τινά

130 2128 187 2181 μου
205 2113 303 2180 χρείαν
320 2113 395 2180 ἔχεις·
415 2112 492 2179 δῶρα
511 2111 551 2176 δέ,
571 2105 784 2180 οίςίνιροφρῖιε,
803 2112 1073 2183 δντιδωροιίμαίσοι·
1094 2114 1172 2184 opacis
1184 2113 1282 2169 δ’δσοι

132 2182 348 2249 Καρχηδονίων,
377 2181 417 2241 εἰς
436 2182 520 2251 χάριν
539 2177 592 2249 σὴν
617 2183 753 2235 &attente
769 2185 854 2242 θεοῖς.
891 2185 1003 2238 Ultima
1025 2185 1123 2252 verba,
1144 2187 1175 2237 si
1198 2186 1281 2240 modo

131 2269 199 2304 sana
220 2261 296 2317 sunt,
321 2253 451 2306 versioni
472 2253 623 2306 Tullianae
648 2268 708 2304 non
727 2254 913 2320 conveniunt,
941 2272 996 2322 qua
1014 2255 1048 2307 ds
1066 2271 1099 2306 re
1122 2255 1188 2307 virle
1205 2257 1280 2308 Petr.

132 2323 296 2375 Victorium
313 2324 379 2374 Var.
399 2324 477 2374 Lect.
496 2324 556 2385 XV,
576 2325 618 2377 19.
655 2323 786 2375 Fortasse
803 2323 906 2392 reponi
927 2323 1017 2392 possit
1039 2323 1117 2388 ὑμεῖς
1134 2322 1166 2377 δὲ
1186 2326 1282 2376 ΊῸΓΣ

130 2392 341 2462 Καρχηδονίοις
364 2394 598 2456 ΧΑΡΓΖΕΣΘΕ,
631 2391 670 2442 Ἦ
687 2386 832 2446 'daiberte
862 2396 951 2453 Θεοῖς.
987 2393 1013 2445 Α
1040 2393 1178 2448 Cicerone
1208 2400 1283 2448 πιεῖν

130 2463 209 2533 ὕδωρ
228 2478 285 2515 non
302 2465 533 2528 transfer-uotum
557 2469 656 2515 contra
674 2461 752 2515 nihil
769 2472 813 2516 est
830 2462 863 2515 in
884 2463 1012 2533 Graecis,
1041 2479 1098 2534 quo
1115 2465 1281 2532 palpamen-

133 2540 202 2599 tum,
229 2536 319 2601 fomes
342 2534 523 2589 denotentur.
550 2532 609 2599 „Ad
632 2533 782 2586 ineuntem
803 2533 879 2585 hanc
896 2534 1056 2603 Epistulam
1073 2537 1192 2618 respicit
1216 2536 1282 2589 Gle-

132 2623 213 2658 mens
235 2603 445 2666 Alexandrinus
471 2603 576 2657 Strom.
600 2603 623 2656 l.
651 2621 679 2673 p.
699 2606 760 2659 364.
805 2598 899 2666 otios,
919 2603 1100 2675 (Ἀνάχαρσις)
1113 2607 1223 2676 inquit,
1247 2602 1283 2674 ἦν

132 2672 232 2745 ὄναρ
254 2675 382 2800 Ἕλλησιυ
384 2677 567 2748 θαυμασθείς,
590 2669 607 2728 δ
627 2675 727 2744 φήσας,
748 2674 827 2743 Ἐμοὶ
849 2678 1000 2747 semermi
1021 2679 1142 2746 χλαῖνα·
1167 2677 1282 2732 δεῖπνον

151 2744 201 2799 δία
230 2765 261 2797 τω
280 2745 316 2806 δς.
383 2784 389 2798 .
1269 2773 1271 2778 ·

132 2763 151 2865 y.
203 2765 415 2875 lililiomictui
439 2822 481 2870 eet
499 2815 656 2884 scythicum
681 2816 800 2882 tegmem]
836 2817 975 2892 &Dudum
991 2818 1064 2873 haec
1090 2821 1131 2873 ite
1150 2821 1283 2874 emenda-

132 2895 215 2940 verat
232 2887 579 2956 edideratquevictorins,
598 2904 684 2956 quem
701 2902 786 2940 nemo
805 2903 842 2939 ex
857 2889 1063 2957 posterioribus
1081 2889 1282 2956 (considerate,

132 2957 226 3023 sultis,
254 2957 406 3011 hominum
432 2957 610 3042 pertinacem
635 2957 773 3009 invidiam
802 2964 832 3010 et
860 2958 989 3010 invidam
1014 2959 1214 3029 pertinaciam)
1250 2961 1282 3013 in

132 3028 359 3171 {titt-itt?
372 3024 791 3166 {tzittiftttltl
807 3027 1283 3155 tettt¹¹ttll²5ttttt

133 3170 254 3225 Mostell.
273 3170 323 3223 ubi
340 3169 425 3240 plura
443 3170 470 3222 J.
490 3169 626 3221 Mellerus
644 3169 807 3225 Palmarius.
826 3168 920 3244 Vulgo
939 3169 1060 3225 amictus
1078 3178 1133 3224 este
1151 3168 1282 3241 putide.“

133 3239 215 3298 Geth.
252 3242 343 3295 Locus
364 3239 458 3291 Plauti
483 3247 525 3291 est
550 3239 667 3291 Curcul.
687 3240 736 3291 lv.
755 3241 781 3293 4.
802 3240 845 3294 tt.
882 3239 1009 3306 Amisiae
1024 3239 1111 3295 lubet
1136 3259 1211 3294 unus
1229 3242 1281 3294 Ox.

133 3319 162 3435 gt
175 3312 312 3435 l{ineimt
337 3309 409 3363 Edd.
436 3311 473 3362 Μ.
492 3311 524 3361 1..
543 3308 606 3362 Gar.
628 3308 726 3379 Steph.
753 3308 818 3360 Ald.
846 3309 928 3363 Boul.
953 3311 1035 3364 Brut.
1059 3310 1146 3365 Goth.
1166 3312 1279 3365 Lambb.

208 3418 215 3433 .
239 3423 241 3427 ,
288 3399 313 3434 r.

154 3401 175 3505 ,y
203 3451 361 3522 Scythicum
382 3449 512 3520 tegimen]
552 3449 602 3504 Sic
623 3451 692 3524 Reg.
719 3448 863 3506 Pithoean.
888 3458 918 3502 et
942 3449 1014 3503 Med.
1042 3452 1137 3524 Vulgo
1161 3459 1280 3519 tegmen.

132 3523 204 3576 Erat
223 3541 258 3576 ex
274 3522 397 3593 pellibus
416 3523 588 3575 confectum.
624 3519 750 3572 lustinus
768 3520 802 3572 de
821 3519 939 3590 Scythis
957 3521 1008 3584 lib,
1026 3519 1064 3572 11.
1084 3538 1143 3591 cap·
1162 3523 1190 3575 9.
1225 3519 1283 3573 Lo·

132 3608 185 3646 nae
203 3591 244 3645 ι’ίι
261 3609 329 3646 osae
346 3609 381 3645 oc
397 3593 513 3656 cestium
531 3592 643 3659 ignotae
663 3617 696 3628 -
712 3590 833 3658 pellitos
850 3597 942 3645 tomen
960 3589 1066 3656 ferinis
1089 3597 1138 3645 oet
1162 3590 1284 3648 mritis

133 3667 258 3716 utuntur.
283 3663 365 3723 ,Vite
383 3671 413 3714 et
431 3663 567 3730 Senecam
585 3661 678 3730 Epist.
697 3664 742 3717 90.
780 3661 817 3717 D.

204 3747 359 3818 styrmen.
376 3751 495 3816 segmen]
527 3751 594 3816 „ne
614 3749 730 3818 Scythis
748 3750 879 3803 sueinus
896 3751 969 3804 urst.
989 3752 1028 3808 11.
1048 3754 1073 3808 a.
1097 3750 1167 3818 [vie
1185 3752 1284 3805 losum

133 3822 165 3872 in
184 3839 248 3871 ann.
268 3819 350 3885 Bam]
386 3819 466 3884 Quod
482 3822 620 3872 usitatum
638 3837 715 3873 nunc
772 3837 845 3890 nque
861 3819 999 3886 Tamaris,
1020 3823 1072 3889 qui
1089 3822 1124 3873 ad
1135 3822 1284 3874 Orientem

133 3892 274 3945 incolunt.
303 3889 477 3958 Hesychius:
506 3889 679 3957 Σανυνδδκη,
700 3890 728 3942 la
748 3910 803 3956 ωμοι
821 3888 1098 3946 Σκυθικόν.“·Βοιι1.
1140 3890 1285 3943 scribitur
1371 3908 1378 3926 s

133 3963 246 4016 cilicum
264 3963 295 4013 in
315 3960 382 4012 God.
403 3963 477 4012 Mon.
496 3965 520 4016 1.
540 3960 670 4014 tithicam
693 3963 725 4014 in
743 3963 832 4014 Rehd.
859 3961 988 4014 criticum
1011 3961 1043 4011 in
1060 3961 1136 4012 Mon.
1156 3961 1181 4012 2.
1209 3963 1284 4014 seri-

133 4050 193 4086 cum
212 4033 243 4084 in
261 4048 318 4084 uno
336 4031 387 4083 Ox.
413 4034 562 4099 acy-ticum
578 4032 717 4100 regimen
735 4032 767 4082 in
784 4031 871 4084 Marb.
903 4030 1017 4100 Scripsi
1041 4035 1135 4081 autem
1162 4030 1284 4096 tegimen

134 4121 202 4156 cum
219 4105 287 4156 Dav.
309 4103 355 4155 Or.
376 4101 448 4153 Tbn.
469 4118 504 4155 ex
522 4101 606 4155 Codd.
626 4104 696 4176 Reg.
714 4101 811 4153 Duisb.
830 4103 904 4154 Mon.
926 4105 951 4156 1.
976 4117 1067 4170 eoque
1090 4098 1172 4151 ducit
1196 4102 1283 4152 etiam

101 4222 107 4237 ,
135 4173 248 4226 Codicis
265 4174 352 4226 Marb.
380 4172 511 4240 regimen.
548 4171 662 4224 Habent
686 4171 812 4236 eandem,
840 4189 926 4240 quam
943 4188 995 4223 nos
1014 4168 1188 4238 exhibemus,
1213 4171 1284 4223 scri·

155 4245 265 4297 tionem
283 4245 344 4297 sine
362 4243 449 4297 dubio
466 4243 564 4313 plures
583 4242 668 4295 eote
706 4242 761 4305 Sed
780 4243 874 4295 solent
891 4260 949 4296 esse
966 4242 1110 4295 librorum
1125 4240 1202 4298 MSS.
1224 4243 1284 4294 col-

133 4263 241 4367 latores
275 4315 325 4378 (sit
349 4314 434 4367 venia
458 4313 524 4366 voci
548 4311 782 4388 Augustinianae)
816 4313 848 4364 in
868 4313 916 4366 his
941 4313 1025 4366 rebus
1046 4312 1283 4389 negligentiores.
1317 4338 1319 4342 ⁴

137 4384 246 4455 Scripsi
265 4385 351 4451 etiam
368 4383 589 4439 calciamentum
607 4401 674 4453 cpm
691 4383 762 4438 Edd.
784 4384 910 4454 exceptis
920 4384 1042 4443 HWolf.
1063 4393 1092 4439 et
1100 4384 1129 4440 S.
1150 4392 1179 4439 et
1188 4383 1283 4450 nott,
