2856 5084
298 272 355 335 un
376 273 576 337 ammon.
607 271 856 337 rasennam
878 245 1168 339 marannis,
1249 275 1314 342 aar

153 457 273 510 alterius
292 456 362 508 item
380 458 584 513 Ciceronianae
602 457 803 528 compendium
822 457 948 510 eiectum
965 455 1013 522 sit,
1037 457 1125 520 MRA,
1148 456 1208 510 loci
1229 475 1312 529 prae·

152 536 232 581 terea
257 540 326 598 quos
350 529 539 595 laudavimus,
567 547 599 584 eo
618 531 733 596 ducant,
760 544 813 614 ego
831 528 1001 600 nuperrime
1023 528 1208 582 coniecisset
1232 531 1312 584 nodia

152 599 319 668 optimam
343 601 549 668 magistram
578 607 748 654 natraram
776 599 917 653 sevidisse
943 599 1102 666 videantur,
1146 596 1218 651 (lum
1240 616 1311 655 vero

153 671 243 722 semel
262 671 414 725 excidisset
430 673 599 742 magistram
635 671 767 742 proclive
785 671 847 723 fuit·
860 679 974 723 rnutare
998 668 1131 739 optimam
1148 670 1180 721 in
1199 671 1311 740 optime.-

150 743 216 793 Non
236 742 378 794 contendo
397 743 471 796 hanc
491 761 550 797 esse
570 743 717 796 Ciceronis
736 758 865 794 manum:
885 749 1012 796 nostram
1029 756 1099 793 vero
1118 741 1310 812 suspicionem

152 829 167 863 a
187 813 334 865 Ciceronis
353 815 496 867 sententia
514 831 573 867 non
592 813 746 866 abhorrere
764 812 901 865 fidentius
924 811 1143 866 affirmaverim.

219 902 274 955 111.
294 905 335 958 16.
356 906 402 959 35:
422 904 460 956 m
480 910 510 957 ta
529 902 761 967 antecessiones,
782 902 854 972 qaod
872 906 968 954 contra
993 907 1126 954 naturam
1144 906 1198 954 eata
1225 901 1309 971 qaia

141 972 363 1026 maturationem
386 981 439 1027 esa
458 973 605 1039 carridium,
633 980 806 1043 extorqueas,
829 971 979 1025 inveterati
1003 971 1135 1026 doloris?
1171 972 1215 1025 Ita
1240 973 1309 1032 (lod.

147 1044 218 1118 Reg.
240 1051 268 1096 et
287 1045 391 1114 optimi
412 1046 533 1116 quique:
563 1063 651 1114 quare
669 1045 798 1098 servavit
825 1061 887 1111 eam
905 1043 1093 1114 scriptionem
1110 1044 1242 1097 Klotaius
1262 1063 1310 1098 ex·

147 1115 273 1196 plicans:
293 1115 371 1168 Und
389 1115 435 1169 du
453 1116 638 1193 gcbietest
655 1117 870 1188 Vergessen,
895 1131 967 1166 was
986 1131 1099 1190 gegen
1118 1113 1173 1167 die
1192 1116 1309 1170 Natur

147 1194 208 1248 ist,
228 1185 314 1238 weil
333 1187 417 1239 aber
433 1204 501 1240 von
520 1187 587 1240 der
603 1187 719 1240 Natur
751 1188 834 1241 eiue
853 1185 963 1238 Hiilfe
991 1185 1107 1238 audie
1126 1184 1309 1262 llaudge·

148 1257 260 1331 geben
279 1257 490 1321 ist,·willst
516 1258 563 1309 du
585 1259 638 1310 sie
657 1265 748 1311 elwa
766 1257 1014 1331 verdriingen,
1040 1255 1203 1309 n‘aimlich
1230 1258 1306 1311 dass

145 1344 225 1378 man
249 1327 313 1380 den
333 1327 501 1381 Schmerz
529 1327 663 1392 (durch
681 1328 747 1381 den
773 1327 971 1381 Gedanken
998 1327 1122 1391 daran)
1141 1327 1306 1385 kraftlos

146 1399 293 1451 worden
311 1399 425 1452 lasse?
457 1401 629 1456 Coutortum
648 1416 707 1453 esse
725 1399 755 1450 h.
774 1399 795 1450 l.
816 1416 902 1463 usum¹
916 1398 996 1450 vocis
1015 1396 1082 1467 qaia
1101 1397 1153 1461 ait,
1171 1397 1221 1452 sed
1237 1416 1307 1469 pro-

144 1469 242 1539 prium
271 1469 415 1533 Ciceroni,
445 1472 552 1541 quippe
578 1470 629 1540 qui
652 1470 683 1520 in
707 1468 891 1540 philosophia
914 1486 1029 1538 quoque
1057 1476 1201 1521 oratorem
1219 1485 1305 1554 agere

145 1554 352 1608 nonnunquam
371 1542 473 1594 soleat:
500 1543 542 1594 sic
562 1559 626 1594 eum
646 1538 675 1592 h.
693 1539 716 1592 1.
745 1541 810 1607 qaia
834 1555 951 1613 ponere,
979 1538 1058 1609 quasi
1077 1539 1222 1609 Epicurus
1241 1540 1304 1597 adeo

144 1619 318 1680 extorquere
341 1613 471 1665 voluerit
495 1612 569 1664 illud
596 1610 747 1672 auxilium,
778 1609 845 1678 qaia
867 1618 1003 1663 enatura
1026 1610 1065 1662 sit
1091 1610 1203 1663 datum:
1229 1612 1306 1683 quod

142 1698 214 1734 vero
241 1683 272 1734 in
290 1679 348 1735 fine
374 1683 492 1735 addatur
515 1681 667 1737 inveterati
685 1681 802 1743 doloris,
827 1697 881 1752 pro
900 1697 957 1754 quo
976 1680 1151 1734 recentiores
1173 1680 1305 1737 dicerent

94 1777 101 1786 =
144 1755 197 1805 cci
204 1754 216 1804 1
222 1756 233 1806 ι’
239 1759 295 1805 cet
315 1754 464 1807 inveterata*
483 1752 603 1815 doloris,
623 1753 652 1805 id
671 1770 730 1805 esse
747 1753 833 1822 plane
851 1751 985 1814 latinum,
1019 1751 1206 1804 Latinitatem
1223 1753 1305 1807 locu·

145 1824 246 1888 tionis,
267 1826 328 1876 fere
348 1825 481 1890 dixerim,
501 1825 554 1877 sibi
571 1822 689 1877 habeat:
716 1823 792 1875 mihi
811 1830 942 1876 contorta
965 1821 1091 1876 videtur.
1128 1825 1305 1894 Interpreta-

145 1894 222 1945 tioni
247 1903 344 1946 autem
368 1896 473 1947 furtim
517 1895 580 1947 uasi
603 1895 726 1947 inseruit
742 1911 845 1947 vocem
871 1893 955 1946 aber
971 1902 1036 1963 post
1054 1892 1138 1963 quiea
1158 1895 1235 1966 'quod
1251 1898 1303 1961 vix¹

145 1964 225 2016 licet.
262 1964 318 2018 Sed
335 1967 494 2018 sententiae
526 1964 571 2018 oci
588 1980 647 2017 uon
666 1981 807 2038 repugno,
827 1980 912 2034 quam
932 1963 958 2016 ei
977 1965 1070 2017 inesse
1090 1963 1170 2018 dicit.

208 2053 267 2119 ·1V‚
286 2056 312 2117 9,
331 2057 383 2109 il:
405 2053 550 2108 discordia
568 2054 615 2108 ira
632 2052 772 2119 acerbior,
799 2052 926 2105 intumo
953 2051 1035 2108 adio
1055 2059 1085 2106 et
1112 2053 1221 2109 carde
1238 2072 1302 2112 aaa·

143 2130 232 2191 capta.
271 2126 351 2176 Hanc
369 2125 475 2177 habent
493 2125 649 2179 lectionem
668 2123 755 2179 Oodd.
775 2122 920 2194 plerique,
948 2140 1001 2175 nec
1019 2133 1117 2177 tamen
1134 2141 1242 2192 omnes,
1267 2136 1302 2182 ut

144 2196 291 2256 existimat
308 2195 366 2261 Kl,
395 2198 446 2266 qui
465 2197 497 2248 iu
515 2214 546 2250 ea
569 2195 727 2266 acquiescit
753 2196 850 2248 dicens
868 2195 995 2248 intimum
1012 2196 1107 2249 odiam
1126 2214 1183 2250 esse
1202 2198 1302 2253 odium

141 2267 256 2335 penitus
284 2267 414 2329 insitum,
441 2284 494 2320 nec
527 2265 663 2336 impediri
694 2266 867 2319 sententiam
897 2266 1094 2319 accedentibus
1122 2268 1240 2321 vocibus
1272 2274 1301 2338 et

141 2338 240 2390 corde:
276 2353 327 2389 nos
356 2337 475 2404 qriidem
495 2338 593 2390 eodem
612 2336 707 2401 modo„
721 2337 832 2389 dicere:
869 2333 915 2387 im
933 2336 1129 2399 innersten
1146 2340 1300 2412 Hassge·

141 2407 250 2460 fiihle
269 2408 342 2460 und
360 2408 510 2461 Heraen.
547 2407 627 2474 Quod
645 2406 719 2475 mihi
735 2407 854 2478 quidem
871 2407 1101 2463 secusvidetur:
1121 2425 1189 2462 nam
1206 2426 1300 2480 neque

141 2479 275 2547 equidem
303 2497 477 2548 quemquam
506 2480 547 2530 ita
569 2479 737 2548 loquentem
761 2477 860 2531 audivi
882 2477 930 2530 vel
955 2479 1130 2532 scribentem
1147 2480 1217 2544 vidi,
1244 2499 1300 2537 nec

140 2549 201 2618 ipse
221 2568 346 2618 unquam
367 2552 407 2603 sic
426 2550 562 2613 dixerim,
588 2567 642 2601 uec
661 2548 829 2602 Ciceronem
850 2547 882 2598 in
900 2549 1030 2602 animum
1052 2550 1197 2613 induruisse
1216 2550 1245 2604 lo
1289 2553 1296 2568 ⁸

140 2620 175 2673 de
199 2619 247 2672 ira
272 2620 336 2674 odio
362 2628 389 2673 et
418 2621 502 2673 corde
525 2626 663 2688 suscepta,
695 2637 766 2690 quae
790 2620 865 2671 mira
890 2637 955 2672 sane
978 2628 1050 2672 esset
1074 2622 1169 2696 figura
1192 2617 1224 2676 ia
1247 2567 1299 2678 §pp

140 2690 231 2752 δυοῖν,
254 2691 288 2744 ab
305 2692 392 2747 huius
411 2692 563 2762 scriptoris
582 2691 694 2744 ratione
712 2691 797 2761 plane
815 2689 981 2759 abhorrens.
1000 2691 1073 2745 lllihi
1091 2691 1211 2762 quidem
1220 2711 1298 2748 nunc

138 2780 208 2832 prae
227 2763 330 2816 ceteris
348 2763 478 2832 placeret
504 2764 600 2816 intimo
618 2763 684 2815 odio
702 2761 809 2814 corde
825 2767 996 2830 concepta
1014 2762 1033 2813 i.
1054 2781 1078 2819 e.
1104 2765 1297 2833 quum‘rids.

138 2833 210 2886 licet
229 2834 366 2885 intimum
392 2835 489 2891 odium
506 2835 601 2886 ‘corde
621 2841 791 2902 conceptum
817 2839 872 2885 est:
898 2833 922 2883 si
947 2849 1018 2886 vero
1040 2834 1124 2886 malis
1140 2835 1297 2891 lectionem

139 2904 209 2956 libri
226 2904 333 2971 veteris
353 2906 524 2970 auctoritate
541 2905 696 2969 firmatam,
714 2903 780 2977 lege
800 2920 835 2956 ex
854 2902 921 2956 cna.
941 2913 1039 2956 nostro
1058 2905 1133 2972 Mon.
1146 2910 1176 2963 12
1195 2900 1296 2971 intima

139 2976 204 3029 adia
221 2976 331 3029 carde
350 2983 487 3044 concepta,
512 2983 546 3026 ut
564 2977 603 3027 sit
621 2974 686 3045 ira,
700 2991 772 3044 quae
791 2973 877 3027 corde
899 2983 1038 3045 concepta
1057 2983 1099 3028 est
1120 2975 1172 3042 ita,
1194 2984 1228 3046 ut
1251 2979 1297 3044 in-¹

138 3046 210 3099 timo
229 3047 295 3100 odio
314 3064 342 3098 se
361 3047 393 3098 in
412 3047 540 3099 animum
560 3045 670 3119 infigat.

140 3167 144 3173 -
208 3137 256 3198 IV,
277 3138 319 3198 14,
338 3139 387 3191 32:
406 3135 463 3188 Nec
480 3151 546 3188 vero
564 3133 596 3187 in
619 3151 726 3189 omnem
752 3137 874 3190 merdam
893 3163 926 3176 -·
946 3137 1059 3192 animas
1084 3137 1228 3206 ingeniosi
1248 3158 1295 3195 ca·

137 3205 196 3260 dit:
216 3224 270 3259 aon
289 3197 362 3259 mim
378 3207 493 3259 multa
511 3206 635 3270 ecferata
653 3214 679 3260 et
696 3208 841 3271 immania,
861 3209 997 3277 quaedam
1009 3209 1296 3268 aurem-tammam
1357 3230 1363 3241 ·

138 3302 170 3315 ··-
190 3276 289 3331 liabent
308 3309 340 3320 -
360 3277 488 3346 speciem.
525 3277 692 3352 Casligatur
719 3278 754 3329 a'd
776 3278 805 3329 h.
826 3278 847 3329 l.
871 3281 1002 3347 primum
1025 3282 1206 3334 imitatorum
1234 3281 1295 3337 sors

134 3366 203 3400 vum
222 3366 320 3417 pecus,
336 3351 386 3418 qui
404 3348 530 3401 Bentleii
548 3357 608 3401 tam
625 3365 707 3419 saepe
724 3348 889 3400 festinantis
908 3358 947 3402 et'
962 3353 1094 3420 perversi
1110 3353 1235 3426 vestigia
1252 3356 1295 3408 le·'

135 3419 242 3493 gerint,
261 3420 363 3472 deinde
382 3417 594 3472 emendationes
623 3436 720 3472 omnes
744 3420 901 3472 sententiae
923 3423 1012 3472 totius
1030 3421 1089 3474 loci
1112 3440 1171 3476 non
1188 3440 1294 3479 conve·

134 3490 200 3541 nire
226 3488 370 3554 dicuntur,
395 3491 625 3560 denique'quasi
646 3489 703 3543 hoo
721 3491 862 3543 facillime
887 3491 1072 3567 intelligatur
1097 3510 1132 3545 ex
1149 3494 1293 3549 librorum

134 3560 305 3629 scriptione,
324 3560 403 3612 locus
423 3579 454 3614 ca
473 3562 643 3632 ’μεταφράσει
660 3561 832 3625 explicatur,
859 3579 944 3630 quam
963 3563 988 3614 si
1005 3563 1100 3616 voluit
1118 3565 1221 3618 Cicero
1239 3566 1293 3618 ali·
1315 3599 1323 3611 κ

134 3639 182 3684 ter
199 3631 284 3700 plane
303 3631 428 3684 scribere
446 3632 558 3696 debuit3
582 3631 637 3685 hac
659 3631 813 3685 videlicett
843 3631 1054 3706 Allerdings
1079 3651 1111 3688 es
1137 3637 1292 3690 verf'aillt

134 3701 231 3753 auch
249 3704 306 3755 ein
324 3705 472 3774 gretser
490 3703 592 3755 Geist
611 3701 713 3755 nicht
738 3702 775 3753 in
793 3701 873 3766 jede
890 3704 1097 3759 Krankheit
1120 3708 1192 3760 und
1209 3710 1292 3762 Lei·

133 3772 339 3826 d'enschaft.
377 3773 477 3826 Dcnn
496 3774 614 3825 seiten
633 3773 681 3825 ist
699 3791 735 3827 es
752 3774 866 3826 Rohes
884 3776 955 3828 und
973 3777 1116 3831 Wildes
1135 3778 1291 3843 (worein

135 3842 612 3912 arveriallt),„biswe·ileu
648 3842 711 3906 hat
746 3860 781 3896 es
817 3845 901 3897 aber
936 3862 1041 3920 sogar
1073 3856 1195 3901 auerst
1223 3849 1291 3902 den

133 3913 270 3968 Schei‘n
302 3914 363 3968 des
391 3913 775 3968 Achtmenschliohen
811 3917 873 3967 fiir
899 3916 996 3982 sich,
1032 3917 1101 3970 wie
1128 3918 1290 3984 Mitleid,

134 3985 353 4045 Wehmuth,
379 3985 605 4061 Besorgniss.
642 3984 739 4038 Placet
757 3985 909 4048 sententia,
933 3986 1069 4056 displicet
1093 3988 1151 4039 iam
1175 3989 1290 4043 anobis

131 4063 281 4126 receptum
298 4056 374 4108 illud
392 4057 423 4109 ia
440 4057 499 4110 alla
516 4054 724 4108 Bentleianum.
761 4053 817 4108 Sed
834 4056 867 4107 in
884 4055 1028 4110 librorum
1053 4059 1212 4128 scriptione
1230 4076 1290 4112 non

131 4126 206 4180 inest
222 4126 410 4196 haeo,.quam
426 4128 492 4179 vult
509 4127 569 4190 KL,
588 4126 740 4188 sententia,
758 4126 815 4178 nisi
827 4126 931 4179 scribas
950 4127 962 4180 a'
969 4145 988 4180 n
1005 4129 1101 4182 malta.
1139 4129 1228 4196 Quam
1245 4134 1291 4183 fa·
1374 4176 1377 4182 .

131 4199 188 4251 cile
210 4208 307 4252 autem
329 4199 361 4251 in
388 4206 454 4250 ante
479 4215 506 4250 m
529 4197 663 4250 excidere
680 4196 770 4267 possit
795 4204 824 4249 et
842 4215 928 4266 quam
946 4216 1029 4268 saepe
1057 4198 1207 4265 exciderit,
1230 4217 1290 4254 non
1383 4224 1385 4229 ·

132 4277 186 4322 est?
200 4270 277 4338 quod
300 4269 440 4340 exernplis
463 4268 617 4339 propositis
635 4264 760 4320 doceam.
797 4267 936 4344 Intelligo
954 4270 1031 4323 cadit
1057 4278 1122 4341 post
1140 4271 1288 4338 immania,

130 4348 161 4395 et
179 4339 286 4394 duobus
310 4343 425 4410 punctis
444 4341 599 4413 distinguo.
739 4406 745 4420 .
1000 4382 1003 4388 .
1053 4387 1056 4391 ,
1282 4378 1286 4389 .

136 4457 139 4463 .
202 4413 250 4465 lv.
261 4415 305 4469 28.
315 4416 365 4469 61:
384 4413 460 4466 inter
477 4426 571 4465 omnes
585 4437 616 4450 -
630 4424 778 4465 convenere
795 4415 912 4486 eportet,
932 4411 1289 4469 commotionecam'mamm
