2856 5084
187 280 231 346 aa
311 364 319 373 ἱ
375 273 607 343 ctoanoms
629 271 1133 367 nuscuntuo1srursr.

356 440 524 509 Le'nitudo
545 438 717 522 ordlionis,
745 438 912 505 millituclc
934 436 1096 521 cdrporlsa

191 631 269 694 clea3
294 629 408 693 facilius
427 627 507 680 enim
529 627 704 687 crediderim
721 625 854 678 librarios
877 625 1028 678 nominum
1048 617 1239 678 similitudine
1258 621 1348 676 fuisse
1420 666 1424 672 .

190 700 333 770 deceptos,
367 717 454 768 quam
481 698 652 751 Ciceronem
680 698 823 750 memoria
849 713 908 750 esse
934 697 1078 766 lapsum.“
1102 693 1191 750 Boua.
1236 694 1349 765 „Apud
1378 759 1383 766 q

190 773 320 825 Nonium
339 771 472 823 mendose
489 770 617 843 legitur?
636 785 670 823 ea
687 769 743 824 eibi
761 769 832 821 bona
852 767 985 822 ducens.“
1011 770 1075 822 Fre.
1095 768 1179 821 Fabr.
1217 814 1224 825 .

262 844 338 898 Quae
365 841 497 894 Anticlea
525 840 639 906 laudat]
677 841 749 894 cum
770 840 905 892 Anticlea
933 841 1026 892 fuerit
1048 840 1160 908 Ulyssis
1185 846 1288 903 mater,
1315 845 1350 904 ut

191 911 270 966 inter
288 914 358 966 alios
377 912 518 966 docebunt
537 910 655 964 Servius
674 913 708 964 ad
725 910 797 964 Aen.
817 912 866 976 VI,
886 911 946 966 529.
968 919 997 964 et
1015 910 1188 965 scholiastes
1206 909 1241 960 ad
1261 908 1350 962 Calli-

189 982 286 1037 machi
312 986 420 1055 Hymn.
448 982 479 1034 in
503 983 584 1034 Dian.
608 1000 649 1035 vs.
674 985 735 1038 211.
771 982 918 1052 Euryclea
943 997 1012 1034 vero
1037 982 1147 1047 nutrix,
1176 997 1248 1052 quae
1273 977 1349 1050 apud

191 1055 351 1108 Homerum
370 1055 466 1125 Odyss.
487 1054 522 1119 T,
541 1057 602 1110 392.
622 1072 700 1123 seqq.
739 1053 838 1123 Ulyssi
862 1053 948 1123 pedes
971 1052 1080 1117 abluit;
1107 1051 1244 1104 nonnulli
1265 1050 1350 1102 libris

122 1153 128 1160 ·
190 1127 403 1180 adversantibus
430 1125 598 1194 Eurycliam
628 1125 792 1189 inculcant3
827 1124 879 1176 alii
910 1125 1084 1191 μνημονικὸν
1114 1123 1164 1176 hic
1197 1119 1350 1191 andernaci

192 1199 383 1268 suspicantur.
423 1195 468 1261 [ln
488 1196 585 1252 1.Ed.
606 1196 768 1248 addiderat:
788 1195 898 1264 dequo
918 1204 1015 1248 tamen
1032 1194 1228 1264 ampliandum
1247 1203 1298 1248 est.
1314 1198 1351 1237 -·‘

193 1269 338 1322 Credibile
350 1268 476 1331 videtur,
496 1275 592 1318 nostro
605 1267 636 1317 in
647 1275 775 1318 mentem
793 1266 880 1318 fuisse
893 1267 1050 1340 tragicum:
1072 1266 1149 1334 quod
1164 1273 1348 1335 exsequente

191 1340 353 1393 Trccbaico
378 1355 518 1408 perquam
540 1337 604 1390 veri
633 1339 668 1389 fit
691 1337 796 1393 simile.
839 1337 934 1390 Certe‘
953 1337 1166 1411 tragoediarum
1192 1337 1351 1407 scriptores

193 1428 226 1466 ea
248 1411 348 1481 Ulyssi
372 1409 548 1473 tribuerunt,
584 1425 708 1477 quorum
735 1408 766 1467 in
789 1407 915 1460 Homero
942 1408 1024 1461 nulla
1049 1410 1166 1461 omnino
1195 1413 1349 1476 supersunt

190 1483 323 1557 vestigia.
362 1479 419 1533 Adi
443 1479 575 1531 Tullium
600 1478 653 1531 cff.
680 1477 735 1532 111.
762 1477 823 1544 26.]
859 1479 911 1530 His
938 1481 1073 1548 equidem
1096 1480 1256 1544 adsentior;
1282 1494 1350 1548 nam

155 1550 166 1567 ⁴
191 1555 343 1607 nominum
370 1551 530 1604 similitudo
554 1550 671 1607 facilem
693 1550 788 1620 lapsui
812 1550 917 1602 sternit
939 1552 1027 1603 viam.
1070 1551 1104 1603 In
1127 1548 1245 1602 Pacuvii
1269 1557 1348 1603 certe

192 1625 307 1695 Niptris
326 1623 423 1675 nullus
432 1620 582 1674 Anticleae
599 1621 696 1691 potuit
708 1638 766 1673 esse
784 1621 879 1686 locus,
900 1621 1008 1692 quippe
1021 1639 1052 1674 ea
1068 1622 1119 1674 diu
1136 1622 1217 1692 prius
1235 1628 1350 1674 mortua

192 1697 261 1760 fuit,
291 1713 377 1766 quam
400 1711 457 1761 res,
485 1693 557 1764 quae
581 1692 692 1745 fabulae
716 1700 814 1746 ortum
840 1692 929 1760 dedit,
957 1702 1101 1749 evenerat.
1143 1692 1244 1764 Ulyssi
1270 1698 1351 1746 certe

192 1767 302 1821 inferos
323 1767 431 1820 visenti
848 1775 852 1788 ·

352 1826 456 1890 Ἦλθεν
479 1832 525 1891 lut
548 1831 622 1904 ψυχὴ
641 1835 745 1907 μητρὸς
768 1836 981 1904 κατατεθνηυίας

357 1908 519 1963 Αὐτολύκου
543 1909 668 1978 θυγάτηρ
691 1908 875 1979 μεγαλήτορος
896 1906 1050 1962 Ἀντίκλεια.

193 1980 298 2034 Versus
315 1979 465 2034 Homerici
483 1987 550 2032 sunt
571 1998 606 2033 ex
625 1981 721 2048 Odyss.
741 1985 777 2045 A,
797 1983 839 2036 84.
877 1980 914 2032 D.

264 2052 414 2120 Anticlea]
450 2054 538 2118 „Hoc
556 2052 700 2104 siveram
719 2059 770 2116 est,
789 2052 929 2104 memoria
951 2050 1048 2119 lapsus
1069 2057 1112 2104 est
1129 2049 1242 2117 Cicero,
1280 2049 1351 2117 Quia

192 2138 264 2176 vero
282 2123 353 2175 Edd.
373 2131 443 2178 vett.
464 2131 498 2175 ut
517 2118 633 2188 Juntae,
652 2121 729 2187 Aldi,
747 2121 853 2175 habent
871 2123 1019 2189 Euryclea,
1043 2122 1073 2174 id
1092 2123 1176 2175 edere
1195 2139 1253 2176 non
1271 2123 1353 2175 dubi-

194 2193 287 2247 tavi.“
313 2194 384 2247 Era.
427 2194 500 2247 Cum
526 2194 597 2246 Ern.
627 2195 699 2246 facit
725 2193 809 2247 Scha.
838 2195 884 2248 Or.
911 2194 1000 2246 Nobb.
1024 2193 1097 2247 Tbn.
1140 2191 1272 2248 Incertus
1299 2202 1351 2252 est.

193 2265 290 2322 Wolf.
311 2265 342 2319 in
361 2264 477 2331 scholis,
496 2265 528 2316 in
539 2265 592 2317 Ed.
611 2264 697 2319 habet
707 2265 857 2333 Euryclea.
888 2265 951 2339 Ego
969 2280 1039 2318 vero
1058 2272 1154 2316 certus
1173 2283 1246 2332 sum,
1265 2266 1353 2318 libra-

195 2337 255 2390 rios
278 2337 342 2391 ideo
367 2355 424 2391 non
447 2343 624 2408 permutasse
648 2336 697 2389 vel
721 2338 882 2390 confudisse
905 2336 1023 2389 nomina
1048 2335 1150 2387 matris
1170 2345 1199 2388 et
1217 2336 1351 2403 nutricis,

195 2409 264 2478 quia
282 2417 440 2479 utrumque
459 2425 517 2461 non
535 2415 683 2460 noverant.
708 2407 811 2461 Cicero
830 2409 890 2477 ipse
901 2407 1032 2460 confudit
1049 2407 1167 2459 nomina
1185 2407 1352 2461 simillimae

196 2480 272 2547 quod
290 2497 360 2533 vero
380 2479 489 2532 multae
512 2478 584 2531 Edd.
602 2487 674 2530 vett.
701 2495 806 2531 nomen
825 2479 978 2548 Eurycleae
999 2477 1119 2543 habent,
1153 2494 1185 2531 ea
1209 2479 1354 2533 correctio

196 2549 317 2602 debetur
335 2551 396 2603 sine
415 2550 500 2602 dubio
518 2549 584 2600 viro
603 2549 691 2601 alicui
711 2550 805 2616 docto,
834 2551 885 2618 qui
904 2549 1024 2603 editioni
1042 2549 1132 2601 alicui
1151 2566 1186 2602 ex
1210 2550 1355 2620 principi-

194 2619 246 2672 bus
265 2622 402 2690 praefuit.
430 2620 554 2690 Aliquot
565 2620 650 2676 Godd.
663 2621 732 2673 Oxx.
753 2619 871 2674 eandem
890 2621 1101 2674 correctionem
1117 2619 1233 2685 habere,
1253 2638 1355 2690 quam-

195 2690 241 2742 vis
261 2709 296 2742 ex
315 2690 468 2744 collatione
487 2691 605 2744 Halensi
632 2691 778 2755 coniicias,
809 2701 922 2745 certum
945 2708 1003 2743 non
1022 2700 1076 2743 est:
1106 2691 1130 2743 s'i
1146 2689 1259 2755 babent,
1288 2708 1354 2743 cor·

195 2761 307 2814 rectori
327 2761 453 2818 debetur.
491 2762 544 2815 Est
562 2760 640 2814 enim
657 2762 787 2815 Anticlea
805 2763 836 2814 in
855 2762 940 2816 Codd.
960 2764 1029 2835 Reg.
1051 2761 1124 2817 Gud.
1144 2764 1169 2815 1.
1195 2761 1355 2831 (praecedit

196 2839 224 2886 et
243 2832 342 2902 aeque)
363 2833 437 2885 Gud.
457 2837 483 2888 2.
505 2833 611 2904 (praec.
632 2839 659 2887 el
678 2834 741 2903 equ)
760 2833 846 2886 lllarb.
866 2835 911 2897 (ut
928 2834 1011 2908 Reg.)
1035 2835 1111 2885 blon.
1131 2835 1157 2888 2.
1175 2833 1247 2886 Edd.
1270 2841 1356 2886 vetu-

197 2904 329 2956 stissimis
353 2906 382 2957 P.
408 2903 441 2957 A.
471 2911 500 2956 et
523 2905 577 2957 Ed.
597 2903 630 2956 D.
668 2904 694 2956 Ii
719 2921 788 2957 vero
815 2904 895 2970 libri,
926 2905 957 2956 in
983 2905 1086 2974 quibus
1113 2913 1284 2974 corruptum
1312 2911 1355 2956 est

196 2993 313 3040 nomen,
340 2976 459 3028 eandem
485 2976 576 3049 magis
598 2973 797 3045 scriptionem,
826 2994 910 3045 quam
930 2984 1097 3039 correctam,
1125 2976 1268 3032 referunt.
1305 2974 1354 3027 Sic

196 3047 270 3120 Aug.
292 3052 424 3116 alaeque
444 3044 651 3111 cathalaven.
674 3049 696 3103 1.
722 3062 755 3099 ea
773 3063 843 3116 quae
860 3046 1018 3110 Anticlera,
1037 3046 1121 3097 vind.
1141 3049 1167 3100 2.
1193 3052 1220 3100 et
1239 3051 1355 3116 equeunl

198 3117 260 3182 dea,
279 3117 367 3170 Rebd.
395 3133 428 3170 ea
455 3133 524 3186 quae
551 3115 592 3170 ait
620 3117 681 3183 dea,
710 3118 784 3173 Gud.
811 3135 845 3171 ea
870 3134 940 3188 quae
958 3116 1073 3171 antidea
1098 3134 1165 3169 cum
1183 3120 1259 3170 llllon.
1282 3123 1304 3172 1.
1326 3125 1357 3170 et

198 3203 256 3239 uno
275 3187 336 3252 Ox,
355 3188 451 3243 Duisb.
472 3195 582 3256 eqnanl·
602 3205 643 3253 ea,
662 3208 736 3241 unus
755 3190 805 3243 Ox.
827 3206 892 3258 eque
910 3189 1039 3242 Anticlea
1057 3189 1102 3242 ael
1118 3187 1232 3242 Anticle
1251 3187 1357 3242 auxilii

198 3273 336 3328 aequorea
359 3265 391 3312 ut
416 3259 476 3311 olea
500 3260 568 3324 (ubi
585 3258 671 3312 habes
692 3261 886 3324 memorabile,
910 3261 990 3312 iuxta
1012 3261 1130 3330 probam
1157 3260 1356 3332 scriptionem,

197 3331 346 3383 rariorum
365 3348 497 3384 errorum
517 3331 598 3400 quasi
615 3331 817 3406 florilegium),
845 3332 919 3385 alius
944 3348 1010 3400 eque
1028 3330 1140 3385 Anticle
1157 3331 1272 3386 auxilii.
1311 3330 1357 3384 si-

198 3401 271 3454 mile
291 3410 333 3454 est
351 3401 436 3467 illud,
455 3419 629 3472 quamquam
646 3405 766 3456 fortasse
784 3403 1021 3468 vetustissimum,
1046 3400 1202 3455 discrimen
1221 3405 1252 3455 in
1270 3402 1357 3454 unius

198 3489 335 3544 personae
353 3474 476 3526 'nomine
503 3490 538 3526 ex
566 3472 766 3542 antiquissima
796 3474 830 3527 de
856 3475 940 3526 rebus
962 3473 1106 3526 Thebanis
1131 3472 1236 3531 fabula.
1279 3474 1356 3539 Quae

200 3545 278 3597 enim
296 3543 429 3614 Epicasle
455 3543 564 3596 dicitur
588 3546 713 3597 Homero
733 3545 829 3615 Odyss.
849 3547 897 3599 XI.
918 3546 979 3611 270,
998 3545 1116 3619 tragicis
1133 3546 1227 3615 poetis
1247 3544 1358 3598 dicitur

200 3615 321 3668 Jocarle.
360 3617 494 3669 Ceterum
513 3615 590 3668 abest
608 3615 707 3675 laudat
726 3633 742 3668 a
759 3616 860 3668 multis
879 3616 964 3669 Codd.
985 3633 1020 3668 ex
1039 3617 1146 3668 nostris
1165 3635 1181 3670 a
1200 3616 1273 3669 Gud.
1292 3620 1318 3671 1.
1329 3619 1356 3671 2.

199 3687 273 3760 Aug.
293 3686 382 3740 Rebd.
402 3687 498 3739 Duisb.
520 3687 592 3740 Gud.
618 3689 695 3740 lllon.
716 3691 740 3740 l.
761 3691 786 3742 2.
806 3687 890 3741 Vind.
913 3691 936 3741 l.
957 3689 982 3740 2.
1007 3688 1094 3739 blarb.
1114 3705 1172 3740 uno
1191 3687 1241 3740 Ox.
1279 3686 1359 3740 Scri·

200 3757 280 3809 bitur
307 3758 394 3827 Ulyxi
416 3758 447 3809 in
470 3759 541 3811 Edd.
568 3760 597 3810 P.
626 3759 707 3810 Junt.
737 3758 799 3810 Car.
828 3756 926 3828 steph.
954 3757 1035 3810 Boul.
1064 3759 1144 3810 Brut.
1170 3758 1236 3810 Ald.
1266 3757 1357 3828 sylb,

203 3827 294 3882 Ulissi
311 3831 342 3881 in
360 3845 417 3881 uno
438 3829 499 3894 Ox,
522 3827 621 3898 Ulissi
643 3829 675 3880 in
692 3828 758 3881 Asc.
779 3835 803 3885 l.
823 3832 849 3884 2.
877 3827 907 3883 G.
928 3828 1026 3882 Herw.
1049 3831 1082 3883 V.
1103 3830 1173 3886 Rob.
1202 3828 1302 3899 Steph.
1320 3829 1356 3880 E.

200 3901 287 3953 Leod.
309 3900 393 3954 Grut.
418 3899 487 3954 Ern.
512 3900 596 3952 Verb.
643 3899 677 3950 In
701 3900 825 3970 reliquis
849 3899 932 3954 libris
958 3908 1036 3954 recte
1062 3897 1152 3955 Ulisi.
1190 3901 1253 3953 Vox
1274 3899 1360 3969 pedes

193 3972 311 4024 ,excidit
329 3972 360 4023 in
379 3969 447 4026 eod.
466 3970 554 4024 Rebd.
592 3970 653 4023 Me.

272 4058 408 4112 Lenilado
434 4057 590 4124 orationis]
628 4057 754 4112 Adducit
780 4058 852 4112 haec
879 4061 992 4113 Nonius
1017 4061 1048 4112 in
1072 4061 1206 4116 lenitudo.
1243 4061 1285 4114 Ea
1302 4076 1361 4113 vox

202 4131 337 4184 Ciceroni
356 4130 499 4183 reddenda
516 4130 566 4185 lib.
586 4129 609 4181 Ι.
629 4130 710 4182 offic.
732 4148 791 4200 cap.
812 4133 854 4186 25.
892 4132 928 4184 In
946 4132 1054 4195 liberis,
1075 4134 1180 4202 inquit,
1206 4133 1316 4200 populis
1334 4136 1361 4183 el

203 4201 328 4256 iniuria
347 4201 554 4268 aequabilitate
566 4203 719 4254 exercenda
738 4203 822 4254 eliam
842 4207 883 4254 eat
903 4204 1030 4269 facilitas
1049 4211 1076 4256 et
1096 4203 1252 4257 altitudo
1271 4201 1360 4255 animi

201 4289 270 4340 quae
288 4271 403 4326 dicitur.
440 4273 624 4325 Rescribatur
649 4272 814 4326 lenitudo
839 4273 936 4340 animi,
962 4283 1049 4344 prout
1067 4275 1173 4328 diserte
1192 4291 1360 4343 repraesen-

200 4352 273 4468 {anit
290 4344 402 4468 Eibem'
435 4350 465 4395 et
493 4344 626 4398 Lincoln.
654 4363 721 4398 nam
748 4344 870 4400 altitudo
898 4347 984 4400 animi
1013 4346 1099 4416 plane
1132 4345 1210 4399 nihil
1237 4345 1273 4427 ad
1296 4355 1360 4398 r'em

215 4431 281 4468 aci.
350 4451 357 4465 .
