2856 5084
156 665 181 700 a·

212 263 274 330 242
413 255 646 323 CICERONIS.
661 255 911 322 TUSCULAN.
931 256 1172 324 DISl’U‘I'A'I'.v

91 456 105 481 e
211 434 329 489 caecus
350 443 454 486 annos
475 424 600 485 multos
622 424 699 494 fuit,
729 431 763 486 ct
780 397 825 486 'eu
850 423 1102 511 magistratibus
1130 431 1164 486 et
1193 441 1235 486 ex
1266 425 1370 490 rebus

210 511 313 594 gestis
334 507 552 592 intelligimus
571 508 607 567 in
629 507 688 568 illo
710 525 770 569 eno
793 527 871 570 casu
892 527 954 569 nec
982 509 1114 588 privato
1142 525 1202 570 nec
1233 508 1372 588 publico¹

127 590 201 641 ΡΜ·
209 593 343 655 muneri
365 589 521 652 defuisse:
559 587 599 652 G.
622 589 727 651 Drusi
739 589 873 651 domum
895 591 1058 672 compleri
1078 609 1098 651 a
1118 591 1370 654 consultoribus

376 779 438 833 Quo
454 777 532 831 uobis
550 783 662 842 mentes,
681 783 775 832 sectae
793 793 864 846 quae
880 784 959 831 sture
977 777 1101 830 solebant

375 847 512 914 Antehac,
536 850 673 901 dementes
690 864 749 900 sese
771 848 872 911 flexere
888 847 970 901 uiui?

208 919 321 974 Deinde
337 921 436 990 paullo
455 919 577 972 inferius
590 919 646 984 [11,
658 917 734 984 ³7.]:
755 925 890 988 quattuor
900 919 1028 972 robustos
1044 915 1129 984 filios,
1147 918 1267 987 quinque
1277 917 1367 988 tiliae,

109 1048 114 1060 .
210 999 319 1046 tantuin
336 993 455 1056 demum,
486 996 585 1044 iunias
607 989 755 1043 clientelas
772 990 884 1058 Appius
906 990 1022 1058 regebus
1049 994 1075 1041 ei
1100 1004 1199 1042 caecus
1223 997 1251 1043 et
1269 1007 1365 1046 senes.

209 1062 345 1116 intentum
363 1063 438 1116 enim
460 1064 584 1116 animum
608 1067 739 1129 tunquam
763 1076 860 1113 arcum
883 1059 1011 1126 liniebat,
1035 1076 1084 1113 nec
1103 1064 1289 1128 languescens
1305 1078 1368 1118 sue

208 1135 351 1188 cumbebat
368 1134 511 1186 senectuti.
535 1132 690 1202 ¹Ulpianus
707 1131 770 1184 his.
790 1132 843 1186 lIl.
862 1131 1049 1206 Digestorum
1066 1132 1109 1184 ait
1125 1148 1252 1197 caecum,
1275 1134 1368 1194 utris,-

210 1221 267 1273 que
284 1205 443 1257 luminibus
462 1203 602 1267 orbatum,
635 1203 743 1272 repelli
766 1203 909 1272 praetoris
928 1203 1022 1256 edicto
1043 1220 1061 1254 a
1076 1203 1256 1272 postulando,
1289 1207 1368 1272 quod

210 1276 337 1348 insignia
354 1276 537 1358 magistratus
554 1274 653 1326 videre
673 1283 702 1325 et
720 1274 851 1326 revereri
869 1289 927 1325 non
944 1273 1045 1343 possit:
1074 1282 1171 1326 tamen
1188 1276 1367 1328 senatorium

209 1347 341 1398 ordinem
359 1354 488 1397 retinere
507 1351 537 1396 et
554 1344 700 1397 iudicandi
717 1344 815 1397 silicio
833 1344 919 1417 fungi
935 1349 1016 1414 posse
1033 1342 1085 1395 ait.
1108 1346 1250 1413 numquid
1273 1348 1366 1420 magi·

208 1424 314 1469 stratus
332 1433 434 1500 gerere
452 1414 553 1484 possit,
571 1414 643 1467 dicit
659 1431 691 1466 so
709 1414 947 1479 deliberaturum,
972 1423 1002 1468 et
1020 1423 1122 1480 exstat,
1140 1415 1248 1484 inquit,
1267 1433 1366 1470 exem-

208 1487 292 1556 plum
319 1503 392 1551 etus,
426 1486 476 1554 qui
502 1485 600 1558 gessit.
646 1483 756 1554 Appius
788 1485 914 1555 denique
941 1485 1076 1538 Claudius
1103 1501 1202 1537 caecus
1235 1488 1366 1540 consiliis

208 1556 334 1626 publicis
353 1555 504 1620 intererat,
524 1564 554 1608 et
572 1555 603 1608 in
621 1565 722 1609 senatu
737 1557 949 1610 severissimam
967 1557 1042 1610 dixit
1056 1556 1229 1609 sententiam
1247 1557 1281 1609 de
1293 1561 1367 1628 Pyr·
1421 1581 1423 1590 ¹

209 1627 258 1679 riri
277 1627 398 1697 captivis
416 1644 474 1680 non
492 1625 697 1695 recipiendis.“
715 1651 747 1665 ···
784 1629 866 1680 Unus
886 1627 935 1680 Ox.
958 1628 1070 1680 omittit
1088 1634 1216 1692 veterem,
1241 1629 1315 1681 Gud.
1335 1633 1363 1686 2.

208 1710 311 1750 vocem
328 1697 418 1763 illuns,
438 1696 505 1760 God.
526 1700 600 1752 Mon.
623 1701 645 1751 l.
670 1697 758 1750 habet
775 1698 855 1751 illurn
871 1705 999 1751 ueterem.
1036 1697 1120 1761 Satis,
1144 1699 1240 1763 credo,
1264 1716 1366 1752 causae

209 1768 403 1832 delendarum,
422 1768 456 1820 ad
474 1768 591 1839 mudum
609 1768 714 1833 Beieri,
732 1768 836 1820 harum
854 1785 969 1821 vocum.
1006 1768 1042 1821 In
1058 1768 1143 1820 Viud.
1164 1772 1190 1823 1.
1209 1778 1253 1822 est
1275 1773 1366 1824 mul-

208 1846 265 1893 tes
290 1853 400 1892 annes
423 1837 485 1903 fuit.
525 1839 587 1890 Me.

258 1925 313 1961 ex
330 1905 555 1976 magistratibus]
587 1908 688 1982 „Ergo
715 1908 803 1961 etiam
821 1924 921 1961 caecus
946 1909 1131 1982 magistratus
1148 1912 1268 1985 gessit.“
1293 1913 1363 1966 Ern.

208 1980 272 2032 Vid.
291 1980 464 2032 Beroaldum
480 1980 515 2031 ad
532 1976 562 2029 h.
581 1978 603 2029 l.
623 1979 690 2032 Cod.
712 1979 787 2034 Gud
807 1980 918 2032 omittit
935 1981 1017 2033 rebus
1035 1990 1101 2037 ante
1119 1983 1219 2048 gestis.
1240 1987 1316 2039 Mon.
1338 1991 1363 2040 1.

177 2043 239 2103 'et
257 2051 309 2103 ux.
326 2050 361 2106 D.
385 2050 492 2102 habant
518 2048 719 2117 intelligemur.
762 2049 846 2104 Alius
871 2044 922 2103 Ox.
954 2052 1055 2127 pergit
1081 2055 1182 2107 nulle
1207 2068 1257 2108 suo
1285 2071 1363 2110 eesu.

210 2121 283 2175 Gud.
303 2122 328 2174 2.
358 2121 468 2172 omittit
493 2118 626 2183 defuisse.
664 2121 722 2173 Mr.
887 2170 890 2174 .

277 2189 349 2245 osis·
365 2191 458 2243 Drusi
476 2189 602 2254 domum]
640 2190 713 2254 „sic
730 2190 826 2259 praeit
843 2190 998 2265 legendum
1019 2195 1078 2247 Pal.
1099 2205 1192 2266 quart.
1212 2195 1264 2266 qui
1281 2214 1366 2272 rege-

208 2261 250 2315 rit
268 2261 335 2315 Gau
351 2261 436 2315 trusi.
460 2260 519 2313 Pal.
540 2268 608 2316 tert.
634 2260 748 2316 Gembl.
776 2260 877 2327 aliun,
904 2262 971 2317 Fab.
998 2265 1109 2330 atrisii,
1132 2269 1215 2323 Mart.
1235 2267 1365 2334 Gatrusi,

208 2333 266 2385 Pal.
298 2349 353 2385 sec.
379 2331 522 2386 Gretrusi.
564 2331 661 2416 Vulgo
687 2331 720 2386 O.
751 2339 840 2386 autem
867 2332 968 2401 Drusi,
1004 2337 1246 2408 interpolatitie.“
1279 2338 1364 2392 Gabis.

208 2405 327 2457 Praeter
341 2403 414 2455 Lau.
433 2419 518 2456 nemo
537 2411 648 2471 receprt
666 2402 742 2455 illud
759 2408 865 2468 antem:
881 2405 958 2472 quod
974 2405 1080 2461 habere
1097 2410 1236 2462 videntur
1252 2410 1366 2478 aliquot

208 2474 292 2540 Oxii,
320 2482 475 2543 postquam
499 2480 650 2526 extrusum
675 2481 717 2526 est
740 2491 757 2526 a
781 2474 943 2528 Gebhardo.
980 2478 1028 2530 Ex
1049 2479 1155 2532 nostris
1178 2479 1265 2532 habet
1289 2481 1367 2532 solus

208 2547 284 2598 Mon.
304 2546 331 2603 2.
369 2544 405 2596 ln
423 2548 498 2597 Mon.
518 2548 543 2597 1.
569 2552 597 2595 et
620 2544 671 2596 Ox.
691 2544 726 2595 D.
754 2554 797 2596 est
823 2547 854 2599 (l.
875 2545 998 2613 Acrisii,
1025 2548 1058 2600 in
1081 2551 1151 2626 Reg.
1181 2551 1254 2604 Gud.
1275 2553 1301 2604 2.
1332 2553 1365 2604 0·

208 2616 312 2680 utrusi,
331 2615 363 2666 in
381 2615 455 2670 Gnd.
475 2620 500 2669 1.
530 2614 655 2679 Gatrusi,
682 2615 715 2669 in
732 2615 829 2668 Duisb.
860 2616 929 2671 Gaii
950 2617 1059 2684 atrisis',
1086 2619 1119 2669 in
1145 2618 1235 2672 Rehd.
1255 2620 1388 2676 Graeco

151 2719 153 2723 -
208 2696 279 2750 usus
306 2685 337 2738 in
358 2701 416 2738 uno
436 2686 486 2738 Ox.
513 2693 558 2738 est
576 2686 731 2750 calcaneis,
756 2687 788 2739 in
805 2687 864 2741 alio
882 2687 1034 2752 Gatrussis‘,
1060 2689 1091 2739 in
1114 2706 1171 2742 uno
1190 2689 1239 2741 Gn.
1259 2690 1365 2745 Drusi.

208 2757 252 2810 De
269 2756 326 2809 hoc
344 2755 436 2809 Druse
453 2774 481 2808 r.
507 2756 596 2809 etiam
620 2757 678 2811 (lic.
707 2759 739 2811 iu
760 2758 850 2813 Bruto
869 2759 913 2813 28.
949 2758 1070 2812 Plenum
1093 2759 1155 2812 eins
1173 2775 1277 2812 nomen
1294 2762 1365 2814 fuit.

210 2828 244 2882 G.
264 2825 361 2882 Livius
378 2827 494 2880 Drusm.
531 2827 591 2880 Mr.

282 2898 314 2951 0.
334 2897 435 2964 Drusi]
471 2897 604 2950 Valerius
629 2898 770 2952 Maximus
794 2899 846 2953 lib.
865 2898 944 2953 VIII.
973 2917 1035 2970 cap.
1054 2901 1118 2967 Vll,
1143 2904 1169 2957 4.
1207 2902 1369 2958 Consimilis

208 2969 432 3040 pemeoeruntiee
456 2966 554 3022 Livius
577 2970 700 3034 Drusus,
728 2969 779 3039 qui
804 2971 907 3023 aetatis
930 2971 1040 3034 (forsan
1061 2973 1180 3038 effoetis)
1202 2972 1313 3025 uiribus
1340 2983 1367 3029 et

210 3040 273 3093 acie
292 3041 433 3094 erulorum
451 3040 582 3106 defectus,
601 3040 649 3095 ius
664 3041 747 3096 ciuile
762 3041 864 3110 ponto
883 3040 1080 3109 benignissime
1097 3043 1298 3110 interpretatus
1315 3053 1367 3112 est,

208 3111 416 3178 utilissimaque
441 3110 553 3164 discere
576 3110 609 3164 id
636 3111 811 3180 cupientibus
837 3119 1011 3166 monumenta
1036 3115 1197 3184 compesuit.
1238 3115 1312 3168 Num
1335 3123 1367 3172 ui

210 3181 303 3235 seium
320 3179 403 3233 illum
421 3185 533 3248 nutura,
551 3197 660 3236 caecum
678 3184 903 3249 fortuneincere
917 3183 1029 3252 potnit,
1056 3185 1100 3238 ita
1117 3192 1217 3237 muira
1233 3187 1368 3251 interpel·

210 3253 275 3306 lere
291 3249 388 3315 ualuit,
408 3267 442 3304 ne
460 3269 512 3306 non
529 3252 621 3306 enimc
638 3259 665 3307 et
681 3252 789 3307 uideret
806 3257 833 3304 et
848 3252 965 3320 vigeret.
992 3255 1096 3307 Merito
1114 3256 1267 3316 mirantur,
1285 3253 1368 3311 hunc

210 3324 330 3452 ilffium
347 3322 426 3374 iuter
436 3323 527 3446 'iim
544 3341 603 3378 nen
620 3324 707 3376 fuisse
725 3324 852 3377 relatum
867 3341 884 3375 a
900 3323 1055 3392 Pomponio
1073 3324 1161 3398 Digg.
1180 3324 1231 3375 lib.
1251 3326 1275 3376 Ι.
1302 3327 1364 3382 Tit.

241 3397 312 3460 ,35.
332 3410 381 3461 seq
405 3430 411 3443 ·
479 3433 484 3445 .
728 3402 731 3407 “
806 3440 808 3444 .
1091 3404 1093 3410 ’

282 3411 402 3518 (lusitaniI
413 3465 547 3532 compleri
575 3480 595 3517 e
622 3461 827 3522 consultoribus
856 3461 994 3528 witus]
1029 3463 1166 3528 „Immisi
1192 3480 1210 3516 a
1232 3483 1268 3518 ex
1292 3468 1364 3528 Pall.

212 3535 352 3604 quinque,
372 3535 473 3589 Gemi.
492 3534 631 3589 Martin.“
649 3531 732 3588 Gebls.
768 3535 950 3602 Receperunt
967 3533 1043 3586 illud
1060 3552 1078 3588 u
1094 3533 1166 3588 Dav.
1187 3535 1260 3598 (sine
1279 3538 1365 3593 dubio

212 3623 248 3658 ex
266 3606 334 3658 God.
352 3606 435 3679 Reg.)
454 3607 528 3660 tait
546 3607 618 3660 Ero.
642 3603 738 3658 Nost.
759 3603 833 3658 stu.
871 3604 974 3671 Neque
1000 3621 1053 3678 ego
1077 3606 1158 3657 volui
1180 3607 1327 3661 discedere
1349 3628 1365 3662 a

212 3676 338 3730 laesione
356 3676 552 3744 plurimorum
569 3675 655 3732 Oedi.
678 3687 753 3742 quse
778 3672 853 3724 ferri
872 3681 977 3742 potest,
1002 3693 1174 3744 quamquam
1192 3692 1211 3728 a
1229 3680 1365 3733 omissum

211 3746 303 3820 tnagis
320 3741 463 3816 placeret.¹
479 3791 481 3794 Α
496 3747 589 3802 Habet
605 3745 695 3799 etism
711 3741 765 3796 Ed.
784 3744 825 3807 P.,
843 3741 1056 3812 instanteset,
1076 3748 1214 3816 exceptis,
1233 3758 1266 3800 ut
1284 3751 1364 3804 vide·

212 3824 273 3884 tur,
289 3817 375 3870 Vind.
395 3822 419 3873 1.
441 3817 514 3872 Gud.
536 3820 571 3882 1.‚
597 3830 703 3867 omnes.
740 3811 889 3867 connitor
913 3814 1048 3869 Ciceroni
1076 3818 1153 3872 solus
1177 3827 1219 3870 est
1247 3819 1280 3883 is,
1312 3823 1364 3890 qui

213 3889 368 3942 consilium
385 3889 470 3958 petit,
489 3885 565 3950 aliis,
583 3884 674 3938 stiam·
688 3881 825 3936 Sallustio
844 3885 906 4007 loq.
922 3889 966 3942 68.
985 3904 1067 3958 saepe
1087 3890 1121 3953 is,
1141 3890 1192 3958 qui
1211 3890 1365 3944 eonsilium

213 3957 270 4013 dat.
306 3961 361 4013 Pro
377 3956 512 4026 compleri
529 3954 597 4008 Ood.
615 3953 699 4006 Vind.
720 3957 745 4008 1.
766 3962 809 4006 est
826 3956 942 4024 reperi,
961 3957 1039 4011 idem
1058 3959 1089 4011 in
1107 3977 1184 4029 seqq.
1211 3960 1363 4015 sidede-

212 4045 287 4085 snue
301 4029 436 4084 solitum:
455 4025 511 4080 sie
529 4022 744 4092 accepimus,
762 4041 824 4077 cusu
841 4043 963 4094 moriens
1000 4031 1081 4083 Unus
1098 4031 1149 4083 Ox.
1170 4031 1280 4083 emittit
1296 4033 1364 4086 sali-

212 4107 282 4167 ten,
301 4101 367 4154 God,
387 4094 485 4150 Duisbs
504 4094 704 4162 recepimus
726 4095 886 4163 solitum,
904 4115 985 4167 quum
1002 4115 1066 4153 suu
1084 4100 1158 4170 ipsi
1182 4117 1247 4154 non
1264 4103 1363 4156 vide-

212 4172 314 4238 sant,
330 4181 449 4240 querens
463 4181 515 4218 res
532 4171 618 4220 resi.
654 4167 738 4223 Vides
756 4170 978 4223 accommodasse
1000 4172 1197 4247 magistellnm
1216 4172 1362 4227 Ciceronis

211 4242 301 4296 nobs
321 4234 470 4306 discindis
493 4235 644 4294 tironibus.
686 4239 767 4292 Unus
791 4238 842 4294 Ox.
870 4241 982 4293 osnittit
1007 4259 1062 4309 see,
1089 4243 1164 4295 alius
1186 4241 1273 4295 habet
1296 4259 1363 4308 rer,-

211 4330 285 4394 uuqs
297 4307 505 4430 'exbibetMemn
521 4310 596 4363 Mon.
618 4313 641 4364 l.
660 4306 816 4366 exhibeant.
853 4311 888 4366 ln
904 4312 959 4367 Ed.
973 4312 1002 4370 S.
1021 4314 1052 4367 in
1070 4314 1303 4368 ascendentibus
1320 4323 1364 4368 est

211 4393 372 4454 rumpemus.
443 4394 469 4428 r.
