2856 5084
211 263 274 330 tlte
560 257 776 324 melleum
803 258 1013 323 BENTLEll
1044 284 1047 289 ·
1077 270 1080 277 ’

207 423 482 480 -lsinchrochaicos
504 424 690 479 Ostslecticos
714 424 863 489 effonnat3
890 424 1063 494 probabilius
1087 440 1164 476 sane:
1200 423 1250 476 sed
1268 438 1365 476 omnes

214 514 304 566 aeque
321 496 431 568 premit
447 513 504 547 una
521 495 689 560 difficultas,
709 496 785 565 quod
802 504 852 547 aut
868 496 955 548 verba
977 496 1038 565 ipsu
1056 503 1104 546 aut
1121 493 1278 547 verborum
1296 495 1365 547 ordo

208 569 339 623 ,nimium
362 574 502 637 quantum
526 566 705 619 immutetur.
748 567 807 619 Nos
829 583 924 636 neque
946 582 1051 619 vocum
1081 565 1164 630 serie,
1189 572 1289 636 neque'
1310 583 1365 618 una

214 641 333 694 literula
350 637 459 692 variata
476 637 518 688 sic
535 638 716 707 reponimus:

382 709 447 775 lpse
464 707 580 761 summis
594 704 599 776 Ι
615 707 696 760 saris
716 709 789 772 fieus
804 704 810 774 Ι
826 707 948 775 ceperis,
971 704 1163 776 eleiseerotus

383 778 484 831 Latere
492 779 625 846 pendens,
641 777 645 847 Ι
658 793 730 830 ease
740 793 877 846 spargens
889 775 894 847 Ι
906 778 976 844 tabo,
988 778 1067 832 sanie
1082 775 1122 846 etl
1135 776 1274 845 sanguiue
1292 784 1364 832 atro.

216 851 278 917 Quo
294 858 378 920 pacto
396 858 482 903 erunt
499 849 653 902 Trochaici
670 849 820 914 octonarii,
848 849 905 912 vel,
933 858 967 901 ut
984 850 1089 902 Graeci
1111 850 1268 919 appellant,
1294 850 1368 903 Tro·

216 921 312 976 chaisi
330 920 494 974 tetrametri
511 920 669 983 acatalecti,
689 920 750 972 sive
760 919 843 989 pleni
854 928 884 971 et
901 919 961 971 inte
982 920 1017 970 ri.
1044 919 1139 989 Atque
1158 920 1213 972 hoc
1230 937 1366 973 versuum

217 1010 309 1068 genus
327 1009 407 1061 saepe
424 991 510 1044 habes
525 991 710 1044 ¹Catalecticis
725 990 892 1042 immixtum
909 989 941 1041 in
958 937 1057 1042 Plauto
1077 999 1107 1042 et
1124 991 1271 1044 Terentio.
1309 992 1367 1044 Ne·

218 1080 275 1134 que
293 1063 380 1116 aliter
387 1062 506 1146 Tragici
523 1061 700 1126 factitabant,
719 1069 753 1113 ut
772 1079 807 1114 ex
823 1060 915 1112 Ennii
922 1060 1020 1114 Medea
1033 1060 1174 1132 colligere
1193 1061 1274 1128 licet,
1293 1063 1368 1132 apud

218 1135 387 1188 Ciceronem
404 1135 498 1203 Epist,
517 1131 596 1184 Fam.
615 1133 679 1193 Vll,
697 1135 722 1186 6.
1039 1154 1047 1188 χ
1123 1170 1127 1183 ,
1200 1151 1204 1159 ·

384 1205 460 1261 Quae
470 1200 645 1274 Coriallum,
664 1198 767 1272 alitam
780 1216 884 1266 urceus,
893 1199 1008 1269 bebetis,
1024 1199 1030 1272 Ι
1043 1210 1185 1257 matronae
1196 1199 1366 1272 apulenltae,

464 1274 620 1342 optimates.
936 1282 938 1289 ’

216 1349 257 1400 Et
273 1361 353 1400 snoxt
606 1404 609 1409 ,
1329 1375 1331 1379 «

350 1460 352 1465 .
382 1415 474 1471 Multi
491 1432 569 1470 suam
587 1431 647 1469 rem
670 1411 674 1485 Ι
699 1415 766 1468 bene
782 1431 894 1484 gessere
911 1423 938 1469 el
955 1413 1111 1486 {psaltem
1126 1412 1241 1485 patrila
1257 1417 1368 1485 mocula

382 1488 479 1552 Multi,
497 1490 544 1555 qui
554 1484 648 1556 dalmi
666 1491 786 1539 aetatem
799 1493 923 1553 agerent,
934 1483 938 1556 Ι
951 1493 1100 1558 propterea
1114 1494 1177 1542 sunl
1191 1484 1195 1554 Ι
1207 1486 1367 1554 improbati.

217 1560 252 1612 In
269 1558 373 1628 quibus
390 1559 520 1611 versibus
538 1557 712 1632 refingendis
728 1557 787 1608 viri
805 1567 990 1626 praestantes,
1002 1593 1005 1596 -
1017 1562 1155 1625 Muretus,
1177 1558 1293 1611 Paullus
1311 1560 1369 1609 lba-

216 1631 324 1695 nutius,
351 1630 440 1682 Janus
457 1630 634 1703 Rutgersius,
657 1627 822 1682 Gerhardus
840 1629 952 1682 Vossius
979 1631 1087 1682 frustra
1103 1630 1174 1682 olim
1191 1628 1368 1681 laborarunt.

218 1702 359 1754 Ceterunt
380 1708 458 1753 recte
484 1700 556 1753 haec
580 1717 596 1752 a
622 1699 703 1752 nobis
726 1700 881 1752 constituta
908 1717 967 1753 esse
990 1701 1039 1753 rel
1056 1700 1166 1753 Nonius
1190 1699 1298 1750 indicio
1318 1707 1370 1765 est,

216 1771 269 1842 qui
287 1772 319 1822 in
336 1771 424 1824 verbo
442 1787 582 1839 spargere
590 1787 707 1824 versum
725 1770 915 1838 posteriorem
927 1773 1082 1845 integrum,
1100 1779 1134 1822 ut
1148 1771 1230 1835 solet,
1241 1767 1369 1834 adducit,

382 1841 487 1894 Latere
503 1841 639 1910 pendeas,
657 1855 728 1892 susa
742 1854 878 1908 spargens
895 1842 969 1907 tabo,
988 1840 1075 1908 sanie,
1094 1847 1121 1893 et
1138 1839 1275 1908 sangrum
1294 1845 1369 1893 utro.

216 1913 304 1964 Porro
325 1920 353 1965 et
371 1912 440 1964 alibi
459 1912 530 1965 haec
548 1911 679 1963 Enniana
696 1910 851 1963 laudantur
875 1929 890 1964 a
909 1911 1059 1979 Cicerone,
1083 1911 1162 1965 Orat.
1191 1914 1222 1963 in
1239 1912 1371 1964 Pisonem

216 1999 242 2034 c.
264 1986 305 2040 19.
324 1982 374 2035 ubi
415 1982 524 2036 rariter
542 1990 641 2035 errant
659 1981 792 2047 editores,
811 1983 852 2034 sic
871 1983 911 2034 ibi
921 1983 1049 2053 priorem
1062 1999 1177 2035 versum
1189 1982 1371 2036 exhibentes:

411 2059 422 2106 t
440 2058 469 2106 tu
486 2051 638 2121 naufragio
657 2052 786 2118 expulsus
803 2052 922 2121 uspiam,
948 2053 1029 2107 saxis
1047 2055 1119 2119 fieus
1137 2054 1253 2122 asperis.

216 2122 328 2192 Quippe
347 2123 407 2187 illa,
437 2123 474 2178 Ut
493 2129 524 2176 tu
542 2123 695 2189 naufragio
713 2124 846 2191 expulsus
864 2123 984 2192 uspiam,
1013 2123 1162 2177 Ciceronis
1188 2125 1276 2178 verbs
1294 2131 1371 2190 sunt,

216 2209 275 2246 non
286 2201 407 2298 poetam
428 2203 456 2246 et
475 2194 510 2245 ad
527 2190 669 2258 Pisonem,
694 2208 751 2245 non
769 2193 891 2247 Atreum
910 2195 1069 2250 referenda.

325 2263 398 2316 lbid.
435 2262 499 2317 Non
517 2264 581 2332 ipsu
598 2279 668 2317 sara
684 2263 780 2331 tnagis
806 2280 888 2318 sensu
906 2267 982 2319 omui
1003 2266 1192 2331 vacabunt,
1218 2280 1298 2332 paam
1320 2265 1372 2320 ille

216 2337 308 2388 latere
323 2334 462 2402 pendens]
498 2335 538 2386 Et
555 2336 649 2389 nostri
668 2334 785 2403 quidem
803 2335 914 2389 codices
931 2335 1082 2389 vacabunt:
1110 2337 1255 2390 sententia
1273 2345 1373 2389 tamen

217 2405 340 2479 flagitat,
359 2413 394 2456 ut
410 2405 546 2458 vacabunt
563 2422 693 2476 reponas,
717 2414 752 2457 ut
770 2413 801 2458 et
819 2406 909 2458 edidit
926 2407 1079 2459 Victorius.
1330 2422 1346 2427 ··

287 2475 360 2527 lbid.
397 2477 487 2530 Orsum
511 2483 599 2529 esseut
617 2477 699 2541 dura,
724 2473 753 2527 si
775 2475 910 2529 sentiret!
936 2477 1011 2530 nullo
1029 2477 1213 2543 sineterra]
1252 2478 1374 2552 Frigida

217 2562 282 2597 sane
302 2545 482 2611 exclamatio,
511 2562 604 2616 neque
623 2565 659 2600 ex
677 2546 764 2622 genio
783 2547 938 2600 Ciceronis.
976 2547 1093 2600 Codices
1120 2548 1165 2598 tui
1190 2550 1374 2616 praeferunt,

216 2613 359 2669 sentirent.
396 2616 546 2670 Editiones
565 2625 662 2670 antem
679 2624 796 2687 praeter
812 2625 892 2668 tuam
910 2632 1016 2682 omnes,
1035 2617 1097 2669 sine
1113 2620 1193 2669 sensu
1211 2625 1282 2673 aaut.
1318 2621 1376 2670 Fa-

216 2686 336 2739 tendum
354 2687 471 2756 quidem
489 2687 644 2757 plerosque
657 2688 768 2739 codices
784 2701 843 2738 non
860 2702 1014 2759 agnoscere
1033 2687 1107 2739 illud
1119 2694 1196 2739 sunl:
1216 2688 1265 2738 sed
1282 2689 1376 2742 facile

216 2756 361 2810 absorberi
388 2756 484 2827 potuit
509 2775 526 2809 a
549 2757 658 2827 syllaba
679 2756 877 2826 praecedente.
899 2755 1024 2820 'Quanto
1042 2757 1135 2831 igitur
1153 2759 1323 2809 concinnius
1344 2770 1375 2812 et

217 2828 370 2880 rotundius
395 2827 493 2892 exibit,
522 2827 546 2879 si
565 2828 607 2881 sic
629 2828 717 2910 legas¹
730 2842 765 2876 ex
785 2826 963 2879 coniectura:
983 2828 1092 2893 Quae,
1118 2833 1155 2879 ut
1179 2835 1270 2880 essent
1288 2830 1373 2896 dura,

218 2896 247 2950 si
270 2899 516 2963 seminatum
543 2899 621 2952 nulla
644 2911 707 2951 sene
732 2911 811 2949 seusu
834 2903 904 2952 sunt.
945 2898 1091 2967 Equidem
1117 2899 1168 2952 vix
1186 2900 1373 2967 crediderim,

216 2969 304 3022 aliter
324 2969 358 3021 ab
376 2977 494 3022 auctore
517 2971 681 3039 profectum
698 2975 787 3022 esse.¹
874 2992 877 2999 ·

288 3039 360 3092 lbid.
396 3039 492 3108 Neque
509 3036 694 3108 sepulchrum,
712 3054 767 3107 quo
785 3037 942 3108 recipiatur
961 3039 1028 3105 etc]
1063 3041 1174 3092 Iterum
1194 3042 1225 3092 in
1244 3057 1373 3095 errorem

218 3109 389 3174 revolveris,
409 3118 437 3163 et
456 3111 595 3163 iambicos
603 3106 776 3161 Trochaicos
795 3118 901 3180 captas,
921 3112 972 3181 qui
990 3111 1022 3163 in
1029 3111 1188 3185 Tragoedia
1206 3112 1284 3163 nulli
1294 3122 1371 3166 sunt.

217 3180 305 3234 llecte
325 3180 360 3232 ad
372 3180 544 3234 Trochaicos
563 3180 621 3231 iam
632 3179 703 3232 olim
720 3180 899 3254 redegerunt
916 3182 975 3234 viri
987 3182 1095 3235 eruditi
1114 3199 1148 3234 ex
1159 3185 1369 3253 Manusariptis.

369 3251 478 3320 -Neque
496 3247 679 3316 sepulchrum,
698 3265 751 3318 quo
769 3250 901 3318 recipiat,
924 3250 1023 3306 lubeat
1040 3258 1150 3318 partum
1168 3254 1311 3323 eorporis3

385 3321 439 3376 Ubi
457 3323 575 3375 remissa
591 3319 714 3374 bumana
732 3321 794 3374 uita
811 3336 912 3393 corpus
930 3323 1086 3391 requiescat
1109 3324 1203 3375 malie.

288 3385 375 3444 *ubi
393 3391 494 3444 malim
512 3399 607 3443 tamen
625 3392 737 3455 functus
754 3409 807 3462 pro
825 3408 940 3462 eorpus,
966 3402 995 3446 et
1016 3394 1072 3446 hoc
1089 3411 1201 3446 verum.
1278 3414 1281 3420 ¹

287 3457 306 3508 ’l‘
325 3463 393 3533 Gap.
412 3462 457 3518 45.
494 3460 635 3515 crudiunt
653 3461 791 3531 Aegyptii
808 3465 944 3532 mortuae,
969 3472 995 3518 el
1013 3481 1060 3518 eos
1086 3465 1178 3518 domi
1201 3468 1368 3534 servunt]

218 3533 319 3586 Nostri
337 3549 449 3586 omnese
477 3536 503 3584 et
523 3548 569 3585 eos
591 3540 736 3586 seruant
760 3533 874 3588 domi·
1173 3537 1175 3541 ’
1286 3537 1288 3543 ’
1311 3535 1317 3545 ‘

289 3603 360 3656 lbid.
398 3603 433 3655 Is
451 3602 595 3671 Hyrcania
611 3603 691 3671 plebs
707 3604 838 3672 publicos
857 3604 911 3658 alit
929 3621 1026 3672 caues3
1053 3603 1212 3674 optimates,
1237 3606 1371 3662 domesti-

217 3672 287 3738 σοι]
323 3672 431 3725 Mirum
449 3674 591 3742 profecto,
610 3674 688 3743 quod
703 3690 758 3742 pro
774 3676 899 3744 publicos
915 3677 1002 3729 verbo
1021 3677 1206 3729 usitatissimo
1224 3679 1371 3747 praestan·

219 3744 309 3796 tiores
332 3741 443 3794 codices
467 3744 632 3811 praeierant
657 3746 806 3811 supptices.
842 3746 888 3799 Tu
911 3746 1021 3816 aliquid
1044 3747 1094 3800 hic
1119 3749 1210 3800 latere
1221 3749 1372 3824 'sagaciter

219 3812 356 3877 odoraris,
383 3820 412 3864 et
439 3812 590 3881 suspicaris
617 3813 813 3882 sepulchrales.
856 3817 952 3870 Laudo
980 3822 1129 3884 conatum3
1158 3819 1207 3871 sed
1233 3820 1372 3874 antitheti

220 3884 291 3963 quid
309 3901 366 3937 esse
384 3891 499 3952 oportet
517 3884 596 3956 inter
618 3885 670 3938 hos
688 3884 779 3955 plebis
798 3904 890 3952 canes,
917 3897 945 3940 et
963 3888 1029 3941 illos
1048 3890 1220 3958 optimatum
1239 3891 1371 3944 domesti-

220 3970 274 4007 cos.
312 3954 460 4007 Nimirum
478 3963 580 4007 auctor
596 3957 758 4026 scripserat,
777 3957 926 4012 Publice
949 3959 1002 4012 atis
1019 3962 1115 4012 caueae
1148 3961 1213 4012 inde
1238 3962 1371 4014 libras-toa

220 4042 287 4078 rum
304 4025 504 4078 hallucinatio.
530 4025 644 4084 Publice
663 4029 749 4092 clere,
768 4036 809 4081 est
827 4028 944 4098 publica
962 4047 1031 4081 cure
1049 4039 1134 4100 atque
1154 4032 1292 4099 impensa·
1321 4032 1371 4085 Sic

220 4105 317 4150 noster
335 4097 403 4149 alibi
422 4097 453 4147 in
471 4096 614 4164 Verrinis,
637 4097 749 4152 Publice
767 4101 973 4166 summaiesse,
1000 4101 1108 4168 publice
1130 4101 1277 4154 redimere.
1315 4105 1371 4156 Pro

220 4168 321 4221 Roscio
339 4167 476 4220 Amerino
497 4184 522 4220 c.
541 4169 600 4222 XX.
637 4168 792 4223 Anseribus
809 4170 919 4224 cibaria
945 4172 1063 4242 publice
1082 4173 1216 4238 locantur,
1244 4180 1269 4226 et
1288 4189 1371 4227 canes

221 4240 340 4293 aluntur
357 4237 388 4291 ia
406 4236 556 4308 Capitolio.
593 4237 747 4293 Suetonius
765 4239 839 4316 Aug.
853 4244 919 4296 ΧΗ.
950 4243 1065 4311 Tumulo
1082 4243 1193 4311 publice
1210 4250 1371 4300 exstructos

222 4318 251 4363 et
267 4307 369 4363 Vitell.
388 4310 421 4361 X.
435 4310 548 4378 -Ppula
565 4309 663 4380 ubique
679 4310 788 4377 publice
804 4312 940 4382 praebito.
978 4315 1021 4368 lta'
1042 4313 1094 4366 alii
1112 4330 1202 4384 saepe.
1243 4312 1248 4316 ⁴
1305 4314 1310 4320 '
1344 4315 1347 4319 '

290 4375 309 4413 '¹‘
327 4380 381 4434 Pro
396 4379 614 4449 praesentiores
630 4380 652 4438 l.
668 4381 804 4451 plerique.
826 4452 830 4461 Ι
