2856 5084
215 249 279 335 sae
567 265 782 334 mentam
809 267 1016 334 unarum

120 470 122 474 -
216 429 311 487 dinem
335 438 457 499 mearat,
492 431 543 486 aed
565 430 654 487 libido
680 434 743 506 ipsa
764 436 887 492 tollenda
911 443 961 491 est.
1002 437 1100 493 Postea
1129 435 1258 488 codicem
1285 441 1371 488 tuum

215 503 382 559 Petrensem
402 505 443 555 ita
461 502 566 557 diserte
586 505 690 559 habere
709 508 853 560 intellexi.

287 574 358 628 lbid.
396 575 588 641 Aegritudine
606 585 695 630 autem
719 579 828 632 sublata
845 578 972 647 propriis
992 575 1159 642 rationibus,
1188 573 1290 644 quibus
1307 572 1372 628 lteri

215 645 262 701 usi
278 661 381 711 sumus,
401 645 597 714 quodammode
616 649 702 701 etiam
717 649 896 717 paupertatis
913 650 1021 706 malum
1040 645 1256 712 rotarentNon
1274 646 1372 716 placet

215 717 290 770 illud
307 716 482 787 paupertatis
498 720 617 769 matum:
636 720 743 789 quippe
761 719 888 773 alienum
902 729 944 773 est
962 721 994 772 ab
1013 719 1067 771 hac
1079 719 1281 789 disputatione,
1302 734 1371 769 cen-

217 788 318 842 cedere
337 795 535 859 paupertatem
555 805 613 841 esse
631 791 753 842 malum:
784 792 885 846 deinde
904 792 928 844 si
954 790 1106 858 aegritudo
1125 789 1236 844 omnine
1254 789 1370 842 sublata

215 860 262 925 sit,
282 875 340 911 nen
359 861 567 927 quodammode,
586 861 634 913 sed
652 877 767 930 prorsus
785 863 901 916 ernnine
918 863 1094 932 paupertatis
1113 861 1221 912 malum
1239 860 1369 911 tollitur.

150 935 152 938 ’
216 929 405 999 Quamobrem
430 947 488 982 nen
512 946 581 984 aure
607 940 707 984 centra
731 949 795 985 cara
821 943 863 986 est
880 934 1004 986 Palatini
1022 933 1128 984 codicis
1152 932 1251 994 lectio,
1284 948 1371 999 quam

217 1000 384 1056 Gebhardus
403 1010 554 1067 memorat,
581 1001 667 1055 eliam
682 1007 861 1071 paupertatis
887 1021 1004 1060 nemen
1028 1004 1147 1056 tollitur.
1184 1001 1369 1056 Rectissime:

215 1091 282 1126 nam
302 1074 353 1144 qui
370 1072 448 1125 nihil
465 1072 615 1137 desiderat,
634 1072 710 1124 nihil
728 1075 781 1127 sibi
799 1075 894 1142 deesse
912 1076 1047 1145 queritur
1058 1082 1107 1127 aut
1125 1090 1209 1144 aegre
1228 1075 1297 1137 fert,
1318 1090 1371 1125 cur

207 1161 327 1216 pauper
344 1153 386 1197 est
403 1144 562 1196 vocandus?
582 1142 690 1198 Seneca
705 1145 796 1215 Epist.
816 1148 853 1200 11.
891 1147 1028 1210 Honesta,
1048 1143 1137 1212 inquit
1155 1145 1303 1213 Epicurus,
1322 1159 1370 1196 res

216 1223 260 1269 est
284 1216 358 1268 laeta
379 1220 544 1284 paupertas.
580 1214 636 1267 Illa
660 1232 725 1268 aero
752 1232 808 1269 nen
833 1223 876 1271 est
898 1223 1063 1286 paupertas,
1091 1215 1211 1269 sillaeta
1230 1221 1289 1268 est.-
1324 1213 1370 1267 cui

216 1286 291 1341 enim
309 1302 371 1339 eum
386 1291 553 1355 paupertate
572 1285 638 1339 bene
656 1285 788 1352 conuenit,
809 1289 886 1343 diues
904 1296 953 1341 est.
1188 1345 1191 1350 ,

287 1358 354 1428 Gap.
375 1360 419 1413 28.
457 1355 513 1409 Sed
530 1360 621 1410 omnis
639 1356 779 1410 eiusmodi
795 1360 967 1426 perturbatio
986 1359 1074 1411 animi
1092 1359 1253 1428 placatione
1274 1357 1371 1413 ablua-

115 1483 117 1487 ,
215 1434 265 1482 tur
283 1427 337 1482 illa
356 1427 477 1498 quidm,
497 1443 557 1479 cum
575 1428 683 1492 doceas,
703 1431 753 1481 nec
770 1429 866 1483 benum
885 1430 959 1484 illud
977 1447 1043 1494 esse,
1071 1445 1104 1481 etc
1122 1445 1173 1498 que
1192 1427 1302 1482 laetitia
1323 1432 1371 1480 aut

214 1498 305 1553 libide
324 1499 444 1564 oriatur,
463 1513 511 1550 aee
529 1499 644 1561 malum,
663 1515 697 1550 ex
715 1517 767 1568 que
786 1506 833 1554 uut
850 1509 938 1554 metus
955 1508 1004 1554 aut
1022 1499 1197 1569 aegritudo]
1233 1499 1291 1550 Vix
1310 1515 1372 1551 cre-

215 1570 340 1624 diderim
358 1569 499 1623 occultius
517 1575 566 1620 aut
584 1577 681 1621 sanatu
700 1570 850 1623 difficilius
869 1572 1003 1625 mendum
1022 1573 1053 1623 in
1071 1579 1132 1624 toto
1144 1571 1285 1625 Cicerone
1304 1569 1372 1621 lati·

214 1648 286 1696 tare.
329 1641 384 1695 Vel
407 1642 502 1712 prima
535 1642 631 1694 fronte
659 1641 829 1711 displicebat
859 1644 933 1696 illud
955 1643 1120 1710 placatione,
1155 1642 1241 1711 idque
1269 1641 1370 1692 multis

125 1755 126 1759 ,
215 1713 388 1766 nominibus.
425 1704 500 1764 Nam
516 1713 648 1782 prefecto
663 1713 903 1781 perturbationem
922 1714 1012 1768 animi
1027 1711 1188 1782 placatione
1207 1711 1285 1764 ablui
1304 1729 1370 1781 per-

214 1784 282 1838 inde
302 1794 344 1839 est
362 1801 395 1837 ac
413 1784 438 1836 si
452 1783 526 1834 dicas
544 1783 667 1835 morbum
685 1783 775 1838 leuari
792 1786 928 1839 sanitate:
948 1785 1019 1854 quid
1036 1785 1200 1837 huiusmodi
1219 1782 1369 1835 sententiis

213 1856 402 1924 proficimus?
429 1853 521 1906 adhuc
540 1853 618 1905 enim
637 1855 810 1923 quaerimus,
835 1857 910 1910 unde
929 1857 981 1908 ista
998 1856 1121 1926 placatio
1140 1863 1189 1906 aut
1208 1855 1313 1908 sanitas
1332 1853 1369 1905 sit

213 1926 361 1997 petenda„
382 1925 492 1978 Deinde
512 1924 564 1977 ista
579 1926 703 1992 placatio
720 1926 753 1978 in
770 1927 853 1979 rebus
873 1928 999 1981 externis
1022 1927 1072 1979 hic
1096 1926 1230 1996 ponitur,
1263 1941 1368 1992 nempe
1391 1955 1393 1959 v

213 2014 262 2053 res
280 1995 445 2051 formidatas
463 2013 522 2049 nen
540 2012 598 2049 esse
616 1996 719 2063 malas,
740 1999 888 2068 expetitas,
906 2015 963 2052 non
981 1999 1079 2051 bonas:
1103 2014 1221 2067 prorsus
1238 1995 1367 2050 absurde.

214 2069 340 2122 Placatio
359 2069 437 2121 enim
454 2067 550 2138 petius
568 2067 612 2132 fit,
631 2084 698 2120 cum
716 2068 872 2138 ipsa‘intus
889 2069 1038 2144 aegritudo
1057 2069 1193 2132 leniatur,
1210 2075 1368 2136 utcumque

215 2157 245 2193 se
263 2140 386 2193 habeant
403 2156 448 2191 res
467 2147 610 2190 externae.
646 2136 784 2205 Tandem,
804 2157 857 2192 cur
875 2141 1007 2194 abluatur
1025 2140 1205 2192 subiunctiro
1223 2137 1319 2203 mode,
1340 2144 1369 2190 et

215 2226 275 2265 nen
298 2211 394 2282 petius
423 2209 545 2264 abluitur
565 2208 615 2260 hic
646 2209 762 2273 dixerit,
796 2210 892 2263 nullus
918 2211 1058 2264 videbam.
1102 2209 1247 2280 Equidem
1280 2207 1369 2263 semel

215 2292 302 2354 atque
320 2284 427 2335 iterum
443 2281 542 2334 lecum
559 2279 628 2354 legi,
647 2281 811 2350 frustraque
835 2299 956 2335 acumen
981 2280 1109 2334 admovi:
1140 2280 1189 2334 sed
1213 2296 1282 2333 inex
1304 2296 1369 2351 per-

214 2353 300 2407 lectis
319 2353 391 2423 quae
409 2359 570 2421 sequuntur
593 2350 627 2403 ad
651 2368 750 2403 reram
776 2351 933 2406 lectionem
960 2353 1037 2422 quasi
1062 2370 1149 2404 manu
1173 2351 1274 2403 duetus
1293 2368 1368 2403 sum.

215 2424 269 2490 Ea,
287 2423 318 2475 ni
335 2422 419 2475 valde
436 2422 534 2487 fallor,
568 2421 609 2474 sic
628 2439 655 2474 se
677 2421 772 2474 habet.
809 2422 865 2476 Sed
889 2440 960 2477 eum
984 2422 1073 2477 omnis
1097 2421 1236 2476 eiusmodi
1255 2428 1369 2490 pertur·
1402 2461 1404 2467 .

216 2494 294 2550 batia
314 2491 451 2563 duplici
468 2493 610 2546 ratione
628 2492 771 2545 abluatur.-
799 2494 852 2546 illa
869 2497 985 2563 pridem,
1004 2511 1066 2546 cum
1084 2494 1185 2546 doceas
1203 2509 1252 2545 nee
1270 2493 1368 2545 bouum

216 2565 292 2621 illud
309 2580 420 2619 esseea
438 2579 491 2633 que
510 2563 617 2616 laetitia
636 2569 685 2616 aut
706 2563 795 2617 libide
818 2566 943 2619 oriatur:
973 2581 1023 2619 nec
1046 2568 1157 2629 malum,
1186 2580 1220 2616 ex
1244 2581 1296 2633 que
1321 2567 1369 2616 aut

215 2642 305 2690 metus
323 2641 372 2688 aut
391 2633 555 2702 aegritudo:
575 2641 760 2688 verumtamen
769 2634 848 2688 baec
866 2642 908 2689 est
927 2642 1003 2690 certa
1021 2642 1048 2690 et
1063 2635 1183 2704 propriu
1202 2634 1323 2700 sanatio,
1341 2631 1369 2686 si

216 2708 317 2762 doceas
335 2707 414 2774 ipsas
433 2704 662 2774 perturbationes
684 2721 733 2772 per
757 2721 787 2757 se
805 2723 862 2760 esse
880 2707 1006 2772 vitiosas,
1033 2704 1198 2760 nectabere
1217 2705 1369 2775 quidquam

215 2784 264 2832 aut
281 2777 411 2831 naturale
428 2781 477 2829 aut
494 2775 692 2829 necessarium.
728 2776 822 2843 Vides,
851 2779 961 2848 opiner,
989 2778 1137 2848 duplicem
1160 2777 1304 2830 rationem
1328 2793 1369 2828 sa-

214 2849 374 2903 nandarum
399 2847 647 2917 perturbationem
677 2846 728 2899 hic
755 2849 854 2901 statui:
892 2865 925 2902 eo
952 2850 1031 2902 enim
1053 2849 1214 2919 respiciunt
1240 2848 1254 2901 i
1260 2848 1289 2901 tt
1294 2863 1313 2898 a
1340 2854 1369 2899 et

214 2919 305 2976 baec.
342 2919 533 2972 Posteriorem
558 2917 633 2970 hano
662 2926 760 2971 nester
783 2920 874 2993 magis
903 2920 1019 2990 prebat3
1053 2919 1087 2972 de
1112 2937 1168 2988 qua
1189 2933 1257 2970 mex
1281 2917 1368 2972 rerba

215 2993 288 3046 facit
313 3009 374 3061 cap.
394 2993 437 3046 29.
482 2990 576 3044 Quare
603 2987 722 3042 omnium
743 2987 979 3058 pbilbsepborum,
1010 2996 1041 3043 ut
1070 2997 1150 3043 ante
1175 2987 1268 3054 dixi,
1300 3003 1368 3042 una

216 3064 312 3117 ratio
337 3067 378 3114 est
402 3059 544 3123 medendi3
562 3065 601 3112 'ut
627 3058 700 3112 nibil
725 3061 805 3129 quale
830 3061 870 3113 sit
896 3061 968 3114 illud
987 3060 1058 3130 qued
1079 3060 1369 3129 perturbationimum,

216 3135 268 3187 sed
286 3134 320 3186 de
338 3135 402 3199 ipsa
419 3131 459 3183 sit
475 3129 687 3199 perturbatione
706 3130 861 3188 dicendum.
897 3133 953 3187 Ubi
972 3133 1046 3185 illud
1064 3141 1144 3184 notes
1161 3131 1262 3196 velim,
1281 3131 1369 3184 ratio-

216 3221 278 3258 nem
304 3203 372 3266 dici,
401 3218 458 3254 nen
484 3200 676 3269 placationem.
723 3201 765 3254 De
793 3204 892 3273 priore
918 3203 970 3255 illa
996 3205 1038 3256 sic
1065 3203 1197 3272 loquitur
1224 3201 1280 3254 hec
1308 3201 1369 3271 ipse

217 3275 326 3344 capite:
351 3272 409 3325 Illa
427 3278 521 3324 autem
540 3273 661 3326 ‘altera
679 3272 777 3325 ratio
796 3281 821 3326 et
844 3273 947 3339 aratio,
974 3290 1043 3342 quae
1061 3274 1147 3326 sintul
1168 3279 1195 3326 et
1213 3270 1370 3340 opinionem

216 3347 319 3412 falsam
337 3345 410 3399 tollit
428 3351 454 3397 et
471 3342 677 3410 aegritudinem
695 3341 827 3409 detrabit,
856 3362 889 3398 ea
916 3344 1025 3414 quidem
1043 3361 1112 3398 raro
1136 3343 1259 3412 prolicit,
1286 3358 1370 3412 neque

173 3413 179 3423 ‘
217 3418 257 3472 ud
273 3419 374 3485 uulgus
400 3421 440 3467 est
463 3413 629 3467 adbibendu.
667 3414 743 3467 Ecce
761 3416 879 3468 alterum
897 3415 1031 3469 rationem
1055 3415 1140 3467 habes
1158 3431 1216 3467 nen
1231 3413 1370 3483 placatio·

215 3503 287 3543 uene.
324 3489 412 3540 Recte
430 3485 523 3560 igitur
542 3484 754 3537 emendavimus
777 3485 918 3551 duplici
944 3484 1100 3549 ratieae3'
1128 3503 1221 3555 neque
1243 3486 1370 3537 multum

216 3561 285 3613 adeo
313 3557 422 3611 abludit
446 3574 463 3609 a
485 3556 627 3625 scriptura
651 3556 782 3608 codicum
803 3557 845 3613 Essa
865 3557 1034 3625 placatione.
1077 3558 1267 3610 Locutionem
1299 3570 1370 3609 vere

216 3629 288 3683 alibi
315 3628 460 3692 habemus,
487 3626 605 3679 Tuscul.
630 3627 665 3691 V,
690 3629 732 3682 1⁰.
778 3627 942 3696 Duplexque
969 3628 1042 3681 ratio
1070 3623 1294 3696 perturbationis
1321 3625 1368 3681 sit.

216 3701 297 3755 (lum
314 3706 411 3750 autem
428 3697 610 3758 inseruimus,
635 3707 772 3765 sequente
795 3699 990 3751 Verumtamen
996 3717 1005 3764 ς
1033 3707 1067 3751 ut
1090 3700 1194 3769 passim
1219 3696 1296 3769 apud
1313 3697 1370 3750 Ne·

216 3779 310 3828 strum
328 3767 466 3823 occurrit.
505 3767 573 3820 Cum
595 3774 744 3822 —tamen
782 3768 831 3822 Sic
850 3769 996 3835 Horatius,

384 3840 489 3892 Teucer
502 3837 646 3892 Salamina
661 3845 824 3909 patremque
843 3839 917 3893 Cum
934 3841 1054 3908 fugeret,
1079 3849 1176 3894 tamen
1192 3838 1249 3893 uda
1267 3836 1369 3909 Lyaeo.

214 3912 355 3968 Martialis
373 3911 413 3975 11,
433 3914 458 3966 t.

136 3999 141 4007 ·
378 3982 432 4035 Nil
450 3983 516 4035 bene
534 3998 600 4034 cum
618 3981 719 4047 facias,
739 3980 814 4048 fucis
832 3989 957 4036 attamen
976 3983 1070 4038 emnia
1087 3983 1165 4036 belle.

288 4053 359 4109 Ibid.
397 4053 454 4106 Illa
472 4059 566 4106 autem
583 4052 673 4105 altera
689 4055 763 4107 ratio
782 4060 808 4106 et
831 4053 933 4120 oratio,
964 4069 1034 4123 quae
1061 4052 1142 4106 simul
1165 4058 1192 4106 et
1218 4051 1372 4120 opinionem

216 4127 321 4192 falsam
338 4123 421 4190 tellit,
442 4131 467 4176 et
485 4122 693 4192 aegritudinem
711 4122 844 4188 detrabit,
864 4132 907 4178 est
925 4140 959 4178 ea
977 4125 1087 4193 quidem
1104 4125 1217 4188 utilior,
1236 4123 1290 4177 aed
1307 4139 1372 4177 rare

237 4196 343 4261 reficit,
362 4211 449 4264 neque
468 4200 510 4247 est
530 4194 569 4247 ad
584 4194 685 4260 uulgus
703 4193 881 4261 adhibenda]
917 4196 1003 4247 Nihil
1021 4195 1082 4248 vidi
1100 4195 1203 4247 tetrius
1221 4194 1371 4248 foediusve

214 4215 270 4320 bac
287 4266 428 4332 lectione,
448 4283 519 4334 quae
538 4274 633 4318 tamen
652 4281 747 4319 omnes
766 4267 872 4336 ubique
895 4266 1005 4319 codices
1023 4266 1198 4335 inquinavit.
1234 4265 1298 4331 Est,
1323 4265 1368 4317 in-

216 4338 292 4408 quit,
309 4335 416 4401 utilior,
435 4336 486 4388 sed
503 4350 572 4390 raro
590 4335 708 4405 preficit.
747 4336 810 4403 Qui,
830 4338 948 4403 malum,
967 4338 992 4389 si
1009 4354 1067 4389 nen
1083 4336 1194 4403 preficit
1209 4335 1289 4401 utitis
1308 4352 1367 4389 esse

137 4448 140 4453 .
215 4407 346 4478 poterit?
363 4413 414 4460 aut
432 4407 503 4477 quid
519 4407 641 4462 interest
658 4405 737 4461 inter
753 4407 919 4479 utilemesse
938 4416 967 4463 et
982 4408 1136 4477 prettoere?
1155 4407 1259 4463 Odura
1276 4403 1369 4468 inter·
