2856 5084
512 282 646 352 LIBER
666 283 711 361 V,
742 283 806 360 lt:
883 312 885 315 ·
1021 300 1025 305 ’
1187 288 1228 354 st

70 452 238 539 gravibus·
251 451 533 518 concitationibus
553 459 686 536 nmque
714 452 796 534 ipsis
824 451 917 515 inter
937 469 973 513 ss
1001 448 1310 515 dissentienti-'tm

70 538 132 599 bus
160 546 260 619 atque
281 535 460 614 distractis,
493 555 590 617 quern
611 554 766 612 vacuum,
788 535 947 614 solutum,
967 534 1109 597 liberum
1130 533 1228 599 vide·
1256 525 1283 562 ⁸·

68 622 131 696 ris,
159 618 250 682 hunc
278 618 446 684 dubitabis
473 617 607 681 beatum
635 616 765 681 diceret
803 616 906 699 Atqui
937 618 1068 699 sepiens
1095 636 1228 700 semper

68 703 116 764 ita
145 705 294 765 affectus>
313 711 374 765 est.
417 701 557 784 Semper
584 703 696 786 igitur
716 701 848 783 sepiens
879 700 995 762 beatus
1017 707 1077 763 cst.
1119 701 1229 784 Atque

69 787 172 846 etiam
194 786 438 848 omnebonum
465 785 619 848 laetabile
647 792 716 848 ests
747 781 836 866 qnod
864 782 1163 860 incontentibile,
1191 782 1228 845 id

68 866 332 950 praedicandum
344 875 378 930 et
392 886 473 949 prae
488 886 522 930 se
537 865 726 931 ferendumt
750 863 838 949 quod
853 866 920 927 tete
932 871 1060 942 autent*
1076 864 1112 927 id
1126 866 1228 929 etiam

68 952 273 1038 gloriosum:
307 953 439 1014 sivero
461 951 656 1038 gloriosum,
679 957 771 1011 certe
791 947 975 1010 laudabile:
1004 947 1095 1029 quod
1116 947 1229 1011 lauda·

67 1036 133 1098 bile
160 1042 283 1112 eutem,
317 1037 468 1116 profecto
491 1033 589 1094 etiem
619 1032 813 1094 honestum:
841 1030 932 1114 quod
962 1030 1085 1093 bouum
1106 1033 1227 1118 igitur,

69 1237 523 1358 tttttttttt‘ttttn
547 1220 622 1347 itt
641 1220 768 1345 titt
790 1216 1230 1358 ttitttttttnitttt

69 1364 160 1419 liehd.
180 1364 309 1418 instituta
335 1365 375 1429 in,
402 1382 488 1435 supra
513 1365 567 1417 lin.
592 1364 619 1416 is
636 1371 665 1418 tn
685 1370 753 1429 tam,
781 1371 814 1416 ut
833 1362 910 1415 Gud.
929 1367 963 1429 23
992 1361 1093 1417 Doisb.
1112 1360 1141 1416 is
1157 1369 1228 1428 mess,

73 1434 144 1490 Gud
162 1436 189 1489 is
206 1452 268 1488 cnm
287 1443 352 1501 torn,
373 1438 448 1488 bion.
468 1439 494 1493 2.
515 1436 580 1490 iisne
598 1443 663 1500 tone,
683 1438 757 1488 Mon.
781 1439 805 1488 Ι.
824 1432 868 1487 isis
885 1440 952 1486 tam.
989 1433 1065 1489 Tum
1083 1451 1158 1489 nnus
1175 1434 1228 1491 οι.

71 1506 339 1561 concertationibnss
359 1506 436 1578 quod
454 1508 578 1560 fortasse
597 1507 687 1559 elicui
705 1506 828 1576 placent,
848 1505 1040 1575 prospicienti
1057 1505 1093 1560 sd
1107 1521 1229 1574 sequen·

70 1578 112 1631 tis
130 1577 356 1632 dissentientibus
374 1584 458 1647 ntqne
477 1578 639 1642 distractis;
659 1578 709 1630 sed
729 1577 759 1630 id
777 1577 874 1645 ipsum
893 1575 1044 1631 deterrere
1058 1576 1143 1631 debet
1160 1591 1228 1630 eum

69 1665 86 1701 a
104 1650 294 1725 corrigendo:
314 1667 382 1702 nem
400 1648 501 1718 putide
520 1648 691 1702 dicerentur
709 1645 929 1700 concertationes
946 1665 1007 1702 esse
1022 1647 1227 1712 dissentientes,

68 1737 135 1772 cum
155 1720 371 1774 consentientes
395 1737 441 1773 cas
463 1736 525 1772 esse
548 1736 634 1773 nesno
659 1719 832 1788 suspicetur.
868 1716 976 1773 Nostro
1003 1734 1075 1775 vere
1100 1710 1228 1771 substans

67 1792 132 1844 tivo
159 1792 255 1843 utitur
282 1793 369 1844 etism
390 1807 415 1842 c.
439 1793 477 1847 16.
507 1789 529 1855 §.
555 1794 599 1847 te.
636 1793 703 1842 lllcx
726 1792 801 1845 Mon
820 1792 847 1845 1.
870 1794 1037 1856 tamqnam
1063 1789 1136 1855 ipsis
1160 1805 1228 1842 cum

67 1877 129 1914 uno
148 1862 211 1924 Ox„
231 1876 354 1929 quorum
371 1862 447 1914 elius
466 1861 579 1913 omittit
597 1860 679 1926 ipsis.
716 1861 801 1913 Prior
828 1875 894 1911 curn
915 1859 984 1912 cod.
1004 1859 1095 1916 Rehd.
1125 1868 1154 1914 et
1170 1859 1227 1921 Ed,

70 1933 103 1986 C·
124 1932 333 1997 dissidentibus,
368 1936 443 1986 Mon.
463 1936 488 1987 1.
516 1931 689 1985 dissentitur
713 1930 789 1994 (sic).
827 1928 909 1982 lllud
926 1930 958 1982 in
978 1930 1152 2001 crepundiis
1170 1929 1227 1987 111.

68 2006 112 2058 13.
133 2021 161 2072 p·
187 2007 245 2058 137.
272 2005 312 2072 lp,
332 2003 402 2060 505.-
419 2002 462 2056 ed.
488 2001 670 2063 schminck.)
690 2019 726 2056 ex
746 2001 814 2054 eod.
842 2000 901 2055 Pel.
929 2004 1046 2071 profert
1066 2003 1228 2071 probatque

68 2075 133 2130 Jan.
154 2073 330 2128 Gebhardus.
369 2075 405 2128 ln
423 2075 496 2129 Gud.
516 2077 541 2128 2.
570 2074 676 2126 desunt
703 2072 793 2126 verba
811 2076 919 2140 temque
939 2099 973 2112 -
992 2073 1227 2131 dissentientibus.

68 2145 104 2197 In
123 2163 202 2216 seqq.
230 2149 307 2200 ltlon.
329 2150 353 2202 l.
377 2146 490 2199 omittit
514 2145 640 2211 beatnm3
665 2161 741 2197 unus
764 2143 815 2198 Ox.
842 2142 930 2196 hebet
954 2145 1065 2197 beatum
1090 2145 1227 2200 docere.

67 2217 168 2291 Pergit
192 2217 268 2270 alius
291 2233 357 2270 cum
384 2217 440 2275 Ed.
459 2217 492 2270 A.
511 2223 608 2287 etque
633 2214 755 2283 sapiens.
792 2215 859 2268 Post
882 2216 978 2269 beatus
1002 2215 1076 2269 Gud.
1103 2224 1133 2270 et
1149 2213 1227 2290 Aug.

71 2290 214 2341 omittunt
232 2294 284 2342 est.
322 2289 387 2341 Mn.

138 2359 236 2426 Atque
260 2358 344 2410 etiam
369 2374 447 2411 onsne
473 2357 588 2424 iontem]
623 2357 721 2432 Vulgo
747 2355 834 2424 atqui.
864 2357 1045 2423 lectionem,
1069 2373 1156 2427 quam
1174 2354 1229 2410 ds·

67 2445 143 2492 mus,
162 2429 305 2503 efflagitat
325 2430 477 2482 sententia.
514 2429 587 2481 Eam
607 2429 746 2482 exhibent
769 2427 838 2503 Reg.
865 2426 1015 2483 Pithcesn.
1044 2437 1075 2483 et
1099 2429 1227 2485 Peneus.

68 2499 132 2551 Nec
150 2499 238 2553 aliter
256 2499 403 2551 Manucius
424 2507 453 2552 et
472 2498 626 2552 hsrnbinus
645 2498 807 2553 ediderunt.
845 2499 882 2552 D.
1222 2552 1226 2557 ,

139 2569 228 2636 Atque
246 2571 331 2622 etiam
347 2570 550 2635 omnebonum]
589 2572 736 2625 Accedunt
754 2570 867 2624 Davisii
887 2570 1041 2625 codicibus
1060 2570 1135 2625 Gud.
1154 2574 1179 2628 1.
1199 2575 1226 2628 2.

67 2639 142 2715 Aug.
169 2642 256 2695 Mart.
280 2640 380 2694 Duisb.
404 2639 494 2695 Rehd.
521 2645 594 2696 Mon.
615 2647 640 2699 2.
668 2651 728 2694 tres
760 2642 830 2698 Oxx.
854 2640 928 2696 Edd.
958 2644 989 2695 P.
1013 2644 1051 2695 Μ.
1080 2643 1111 2696 la.
1138 2642 1227 2699 bend.

66 2711 147 2771 Brut.
169 2713 231 2766 Car.
253 2711 588 2783 Steph.Boul.Stur1n.
610 2713 673 2767 Ald.
701 2712 790 2766 Goth.
819 2714 891 2767 Ertn
912 2731 991 2782 seqq·
1020 2715 1147 2783 itemque
1170 2714 1225 2771 Et.

65 2791 123 2836 vet.
143 2784 304 2837 Bouhierii.
341 2786 447 2838 Vocem
472 2793 514 2838 est
532 2787 645 2837 omittit
670 2783 762 2840 liehd.
799 2784 843 2837 Ad
866 2785 1042 2838 sententiam
1065 2787 1142 2839 conl.
1163 2786 1226 2846 cio,

65 2854 101 2907 de
120 2854 206 2911 Finn.
227 2855 278 2908 lll.
298 2860 323 2910 8.
344 2859 393 2911 tt:
414 2855 624 2908 Concluduntnr
642 2858 734 2922 igitur
757 2861 1046 2922 eornm-esrgnmento
1070 2856 1126 2909 sie:
1156 2857 1228 2924 qnod

65 2933 107 2978 est
125 2927 230 2992 bonum,
250 2943 329 2978 cmne
347 2925 492 2979 landabile
511 2934 566 2983 est:
601 2929 674 2994 qnod
692 2933 784 2979 antem
804 2922 949 2980 laudabile
968 2934 1019 2990 est,
1048 2944 1125 2980 omne
1143 2925 1227 2980 bone·
1280 2982 1283 2987 ,

65 3003 141 3049 stum
158 3005 218 3050 este
245 2998 346 3050 bonum
371 2997 463 3065 igitur
488 2999 564 3067 qnod
581 3004 633 3064 est,
661 2995 804 3051 honestum
829 3002 885 3053 est:
911 3005 941 3051 et
960 3014 1034 3066 quae
1052 3005 1225 3067 sequuntur.

64 3067 110 3120 Ad
128 3087 214 3138 quem
231 3069 330 3122 locum
354 3085 380 3119 v.
401 3070 545 3122 Goerene.
573 3096 607 3108 -
643 3071 710 3123 Post
737 3068 811 3136 quod
835 3070 912 3120 Mon.
932 3070 959 3124 2.
979 3068 1093 3123 omittit
1115 3075 1228 3134 anteesse

64 3147 133 3209 post
152 3147 245 3191 aretem
262 3139 396 3192 laetabile
413 3139 488 3213 Aug.
508 3139 589 3192 addit
608 3146 658 3193 est.
697 3141 758 3193 Mr.

135 3211 355 3275 praedicandum
372 3216 400 3262 et
417 3225 486 3276 prce
504 3227 534 3264 se
552 3209 710 3276 terendum]
749 3210 817 3264 eod.
837 3210 929 3266 Rehd.
947 3211 1151 3279 praeeundum:
1177 3226 1228 3265 co·

64 3281 175 3352 gitsbat
198 3284 322 3334 fortasse
347 3280 505 3335 monachus
529 3281 565 3335 de
592 3283 729 3351 precibus
751 3282 917 3336 fundendis.
961 3283 1050 3337 Addit
1070 3282 1144 3336 Gud.
1170 3288 1224 3338 est.

64 3353 165 3426 Pergit
193 3352 268 3409 Gud.
289 3354 315 3404 2.
343 3369 410 3405 oum
431 3355 521 3428 briseg.
551 3361 580 3406 et
597 3354 650 3406 Ed.
674 3354 704 3405 P.
725 3359 752 3405 et
768 3355 997 3419 praeferendum,
1027 3371 1101 3406 unus
1126 3353 1177 3407 Ox.
1197 3359 1226 3406 et

64 3425 239 3488 efferendum.
270 3424 356 3478 Vind.
378 3429 401 3479 l.
430 3423 465 3476 id
490 3430 517 3475 et
540 3426 705 3490 gloriosum,
725 3424 801 3481 Gud.
821 3424 854 3477 id
872 3425 956 3478 etiam
984 3433 1016 3478 et
1039 3423 1224 3492 gloriosiss.

62 3495 156 3547 Verba
174 3495 201 3548 si
219 3513 283 3548 vero
301 3496 375 3562 glor.
404 3495 510 3547 desunt
534 3495 565 3546 in
589 3511 648 3548 uno
676 3494 726 3548 Ox.
740 3495 822 3549 ⁴ltlon.
844 3499 870 3550 1.
896 3497 1011 3554 omittit
1035 3512 1110 3550 cers.
1148 3495 1226 3552 Tum

61 3566 146 3620 Vind.
169 3571 193 3621 1.
213 3573 289 3619 certe
307 3565 467 3625 laetabile.
489 3565 563 3618 Gud.
584 3567 655 3634 qnod
674 3573 787 3619 antem
814 3567 1015 3621 landabile:
1042 3567 1133 3619 etsie
1150 3566 1237 3619 Edds

61 3644 134 3689 vett.
156 3652 263 3700 omnes,
283 3647 404 3706 excepta
422 3639 449 3690 P.
470 3637 610 3690 Nostrum
630 3636 764 3691 ordinem
783 3637 891 3690 hebent
910 3637 999 3693 Godd.
1019 3638 1131 3708 reliqui
1154 3637 1224 3703 (nisi

62 3707 142 3774 quod
160 3725 235 3760 unus
254 3707 305 3758 Ox.
326 3709 435 3761 omittit
462 3709 565 3771 antem)
589 3707 661 3760 Edd.
686 3707 759 3762 Des.
787 3709 933 3765 FAWoli.
960 3708 1044 3763 Schz.
1073 3726 1151 3779 seqq.
1189 3709 1225 3762 ln

63 3777 134 3830 Cod.
155 3775 243 3828 Rebd.
265 3785 308 3829 est
325 3782 451 3844 profecte
470 3781 482 3833 i
488 3781 507 3831 d
525 3778 623 3832 etism·
662 3779 758 3834 Verba
776 3781 848 3848 quod
866 3781 966 3835 donnes
983 3780 1076 3847 igitur
1093 3783 1126 3834 id
1143 3778 1226 3837 bones

61 3856 137 3902 stum
157 3848 330 3900 exciderunt
348 3851 380 3900 in
399 3849 467 3901 Cod.
488 3851 563 3904 Gud.
584 3857 614 3904 et
631 3849 740 3907 duobus
759 3851 843 3918 0qu
862 3852 936 3905 nlius
955 3851 1043 3906 habet
1068 3851 1101 3905 id
1115 3850 1225 3905 etiarn

61 3919 213 3973 honestem.
233 3919 306 3992 Aug.
328 3920 439 3971 omittit
456 3920 496 3974 id.
536 3922 593 3974 Mr.
1214 3962 1218 3968 .

134 3992 175 4043 At
195 4006 265 4060 qnae
284 3992 336 4045 isti
352 3991 423 4047 bono
442 3992 611 4058 numerent]
646 3991 730 4046 Unus
750 3991 800 4045 01.
830 3989 923 4060 ntqni
945 3990 1005 4056 isti,
1030 3990 1105 4044 alius
1124 3996 1224 4061 atque
1325 4030 1327 4035 -

62 4079 140 4132 quae,
160 4063 325 4136 Rengud.
346 4063 370 4116 2.
392 4068 492 4130 etque
510 4063 568 4127 isti,
588 4066 664 4116 Mon.
687 4069 710 4118 l.
732 4070 760 4118 cl
788 4065 849 4131 qni
866 4062 926 4127 isti,
954 4063 1030 4115 Itlon.
1050 4065 1076 4116 2.
1105 4068 1134 4112 ut
1162 4061 1224 4131 qni

62 4134 156 4194 istc,
176 4136 251 4186 Auo.
272 4142 309 4186 nt·
321 4132 378 4202 qni
396 4134 455 4186 ista
473 4134 563 4189 beno
581 4133 650 4199 qni.
678 4132 804 4186 Adhibet
822 4142 956 4186 nostrum
975 4133 1074 4185 locum
1093 4131 1223 4186 Goeren-

61 4205 126 4258 zius
147 4181 263 4260 locoile
282 4207 368 4266 Finn.
390 4204 697 4271 lutosensis,
726 4205 777 4273 qui
805 4204 877 4258 item
897 4205 932 4256 ad
951 4212 1130 4257 structuram
1155 4223 1222 4268 cum

61 4284 164 4329 nostro
188 4278 319 4330 conferri
342 4282 447 4346 potest.
484 4278 551 4328 ltlox
577 4276 652 4328 Mon.
674 4278 698 4327 l.
726 4283 755 4327 ct
783 4275 839 4327 duo
859 4275 929 4330 Oxx.
954 4291 988 4327 ne
1015 4275 1082 4331 isti
1100 4277 1221 4345 quidem,

61 4345 118 4399 duo
143 4347 196 4402 alii
220 4365 253 4400 ne
279 4348 360 4402 ista
383 4348 501 4418 quidem.
538 4347 593 4403 Pro
617 4345 713 4402 dieunt
739 4362 776 4399 ex
793 4346 851 4401 MS.
878 4346 976 4400 nescio
1001 4365 1058 4418 quo
1077 4350 1109 4401 in
1127 4366 1220 4422 marg.

63 4417 179 4472 hambb.
204 4418 291 4475 Goth
316 4419 401 4475 verb.
422 4425 574 4480 cnntntum,
591 4425 635 4479 est
650 4416 757 4473 dicant.
796 4417 833 4473 In
850 4435 931 4490 seqq.
951 4418 1051 4479 sedem
1076 4420 1109 4474 in
1127 4437 1220 4496 marg.
