2856 5084
380 238 616 348 'excussos
638 284 679 349 11.
702 284 744 346 aa
766 289 794 348 1.
817 285 865 349 to.
887 284 939 349 ar.
1178 287 1238 350 soi

97 454 190 500 essent
213 446 336 531 ἀμενηνὰ
361 443 465 516 κάρηνα
483 449 521 511 (v.
542 446 611 512 49.),
638 448 688 502 sed
714 464 747 501 eo
766 449 848 518 quasi
871 447 950 500 vires
969 447 1134 516 acciperent
1159 463 1238 500 eum-

97 533 162 581 que,
188 533 238 584 qus
261 515 372 586 aliquid
400 534 435 570 ex
458 519 494 569 iis
522 518 665 570 sciscitari
692 519 794 582 vellet,
819 525 1010 591 agnoscerent
1035 519 1074 581 (v.
1093 519 1174 582 152).
1204 546 1235 560 ·-

96 587 158 651 Sed,
176 593 209 636 ut
227 586 298 649 dixi,
317 604 434 638 manum
452 588 579 640 abstineo
598 606 613 640 a
633 589 819 662 corrigendo:
837 595 1053 642 rerumautem
1071 587 1165 640 adhuc
1176 605 1235 640 esse

94 665 243 725 repertum
262 657 303 709 ab.
314 657 532 726 interpretibus,
551 657 722 711 alterutram
741 677 776 712 ex
794 660 916 727 receptis
934 658 1089 710 lectionem
1108 658 1169 710 sive
1186 658 1234 711 de-

93 726 277 784 fendentibus
297 727 358 778 sive
378 727 597 795 explicantibus,
616 727 876 782 non'crediderim.
905 728 1002 781 Unum
1020 725 1101 789 addo,
1121 728 1233 796 nequis

93 797 122 848 id
146 814 163 847 a
183 795 228 849 sne
252 797 416 870 neglectum
432 797 489 851 'vel
512 813 571 850 non
590 798 821 852 animadversum
848 797 1003 851 existimet.
1040 798 1129 850 Probe
1153 797 1234 864 equi·

92 867 156 918 dem
179 866 213 918 ad
231 865 261 918 id
285 868 412 918 animum
434 869 556 926 adverti,
582 866 656 937 apud
673 869 847 938 Euripidem
873 869 905 919 in
924 867 977 919 illo
996 867 1129 921 Hecubae
1147 867 1234 920 initio

92 936 269 1005 Polydorum
290 937 410 1005 prodire
435 946 521 1006 atque
545 936 634 1006 loqui,
664 956 842 1007 nequaquam
862 945 928 991 ante
954 939 1095 1013 sanguine
1120 936 1232 1001 hausto,

93 1004 142 1064 sed
160 1007 220 1058 eius
237 1006 369 1058 umbram
387 1005 464 1059 circa
481 1006 664 1061 inhumatum
682 1008 803 1061 cadaver
820 1015 992 1070 versantem,
1017 1027 1033 1060 a
1055 1009 1172 1061 nemine
1189 1007 1233 1058 lo·

49 1095 52 1101 ¹
92 1077 141 1144 qui
168 1077 272 1128 iussam
298 1084 327 1128 et
355 1085 511 1135 evocatam,
536 1078 652 1151 prologi
677 1080 756 1130 vices
781 1079 939 1131 sustinere:
970 1095 1058 1149 quare
1088 1079 1114 1131 si
1137 1077 1232 1130 nostri

91 1162 191 1198 versus
214 1146 248 1197 ad
271 1146 417 1198 Hecubam
434 1146 585 1215 Euripidis
611 1155 639 1200 et
657 1147 793 1214 Polydori
811 1148 965 1223 prologum
991 1149 1050 1201 sint
1073 1146 1231 1210 referendi,

91 1215 126 1267 de
150 1214 252 1267 hausto
280 1217 428 1292 sanguine,
454 1234 519 1269 cum
541 1218 597 1268 ista
620 1216 754 1286 loquitur
771 1217 882 1280 umbra,
907 1233 1067 1270 sermonem
1092 1231 1232 1272 essenon

89 1299 181 1354 posse.
220 1283 276 1337 Sed
298 1295 331 1338 ut
357 1285 458 1349 dicam,
489 1287 564 1355 quod
588 1288 697 1349 sentio,
727 1302 841 1355 semper
865 1286 940 1337 mihi
963 1289 1059 1340 uisum
1092 1296 1143 1350 est,
1177 1284 1230 1337 bos

91 1356 218 1423 quinque
242 1371 343 1408 versus
369 1357 379 1407 i
401 1358 463 1409 noti
488 1357 654 1423 cuiusquam
677 1363 779 1424 poetae
803 1355 908 1426 tragici
925 1356 1023 1407 Latini
1050 1371 1231 1423 nequaquam

89 1425 124 1476 ad
140 1425 290 1493 Euripidis
309 1376 453 1481 liconiam
470 1427 630 1495 pertinere.
668 1424 741 1489 Quid
759 1426 856 1477 enim?
877 1423 1008 1494 Quinque
1023 1425 1160 1487 versibus,
1180 1415 1231 1477 iis-⁶

89 1512 145 1564 que
163 1493 332 1548 Trochaicis
351 1499 505 1550 octonariis
525 1495 708 1558 catalecticis,
736 1494 896 1550 reddiderit
920 1498 1005 1562 poe'ta
1022 1495 1091 1548 duos
1110 1495 1230 1564 Euripi·

87 1565 131 1616 dis
151 1565 300 1628 Iambicos,
319 1568 406 1620 etita
424 1566 549 1636 quidem,
568 1573 601 1617 ut
619 1566 676 1618 duo
693 1573 805 1616 tantum
824 1564 912 1617 verba
929 1566 1031 1617 Latina
1048 1566 1099 1617 uni
1118 1564 1228 1619 Graeco

87 1634 271 1704 respondeat:
296 1636 378 1699 (ἥκωε
402 1639 492 1689 adsum
511 1644 588 1701 atque
608 1634 746 1698 advenio),
774 1634 956 1703 reliquorum
976 1651 1044 1688 vero
1068 1635 1162 1688 sitne
1180 1653 1229 1689 ve·

87 1707 208 1778 stigium
235 1706 370 1775 quidem?
407 1709 493 1775 ,Ergo
524 1718 616 1773 neque
648 1705 767 1757 initium
799 1701 930 1757 Hecubae
961 1704 1098 1758 habemus
1125 1705 1228 1759 Latine

32 1776 38 1788 “
87 1791 270 1836 conversum,
294 1794 386 1846 neque
411 1777 585 1845 Polydorum
612 1776 671 1829 sive
699 1776 758 1828 eius
782 1775 911 1826 umbram
938 1774 1055 1849 prologi
1073 1791 1228 1843 personam

86 1845 274 1896 sustinentem
303 1854 331 1898 et
354 1855 454 1916 sponte
483 1846 660 1915 loquentem,
691 1846 771 1897 cuius
796 1860 899 1913 corpus
932 1846 1088 1896 etiamnum
1120 1846 1228 1897 iacebat

86 1914 282 1966 inhumatum:
302 1917 351 1968 sed
369 1918 458 1968 alium
477 1916 618 1985 quendam
637 1931 749 1979 corpore
767 1920 882 1966 cremato
908 1912 946 1974 (v.
965 1913 1065 1982 paullo
1084 1915 1226 1982 superius)

86 1985 242 2036 excitatum
263 2002 297 2036 ex
316 1987 428 2051 inferis,
452 1994 486 2038 ut
504 1986 539 2037 ad
556 1985 665 2038 Averni
689 1985 784 2036 laeum
801 1991 864 2035 arte
890 1983 1113 2045 necromantica,
1141 2000 1227 2051 quam

84 2055 158 2105 tanti
176 2055 298 2106 faciebat
316 2055 425 2125 Appius
444 2073 545 2138 augur,
574 2055 697 2108 excitari
716 2052 845 2106 solebant
869 2054 988 2106 umbrae
1007 2053 1067 2105 sive
1086 2052 1227 2125 imagines

84 2132 274 2188 mortuorum,
295 2141 327 2181 eo
347 2128 409 2179 sine
427 2123 513 2178 dubio
531 2141 613 2177 more
632 2132 661 2177 et
678 2125 749 2188 ritu,
769 2139 825 2191 quo
843 2123 1003 2192 antiquitus
1029 2130 1058 2175 et
1083 2130 1149 2175 ante
1167 2121 1228 2174 Ho-

83 2195 157 2245 meri
175 2196 233 2246 iam
252 2203 382 2266 tempora
402 2203 532 2249 evocatae
550 2198 675 2249 fuerant.

570 2345 734 2354 —m—-o

326 2585 330 2597 „
412 2472 760 2582 excussus
810 2508 894 2579 111.
966 2499 968 2506 ·

542 2639 619 2692 adl.
639 2639 682 2694 35.
702 2639 752 2693 85:

164 2745 304 2814 Quodsi
325 2756 399 2808 ente
420 2745 661 2814 occidisse-t,
685 2743 804 2802 talam
825 2751 964 2805 eventum
991 2743 1114 2806 omnino
1142 2756 1223 2804 non

199 2827 418 2890 habuisset.
459 2823 644 2901 [Davisiusr
681 2824 867 2902 occidisset,
895 2832 995 2885 tamen
1024 2857 1065 2869 —
1095 2829 1222 2887 omnino

199 2907 381 2983 amisisset]

146 3040 299 3094 Videamus
317 3038 443 3109 primum
461 3038 495 3091 de
513 3038 656 3092 librorum
675 3035 809 3100 lectione,
830 3052 911 3106 quae,
935 3046 968 3091 ut
993 3041 1067 3093 solet
1095 3037 1162 3087 lieri
1187 3036 1219 3088 in

76 3109 149 3162 locis
177 3111 394 3172 obscurioribus,
418 3125 520 3178 parum
544 3115 657 3162 constat
679 3114 709 3160 et
735 3108 897 3161 concordat.
936 3111 1057 3182 Legitur
1074 3105 1221 3157 accidisset

74 3195 128 3247 pro
155 3181 297 3232 occidisset
325 3182 356 3232 in
380 3187 503 3248 quatuor
522 3177 608 3231 Oodd.
636 3177 705 3229 oxx.
733 3178 806 3231 Gud.
827 3182 851 3233 2.
877 3176 964 3229 Marb.
991 3177 1063 3252 Aug.
1091 3176 1220 3258 quinque

72 3244 1219 3389 esseestnseesttt·,mettensis

72 3387 144 3443 Edd.
166 3389 197 3441 C.
216 3389 280 3442 Asc.
299 3394 325 3447 2.
347 3390 425 3443 Gam.
446 3387 568 3442 HWolf.
588 3386 661 3439 lrall.
681 3386 827 3443 FAWolf.
851 3385 932 3439 Koel.
953 3385 1036 3439 Scbz.
1058 3385 1148 3439 Nobb.
1168 3383 1216 3437 0r.

71 3456 160 3509 Rebd.
180 3459 257 3510 istum
275 3476 328 3528 pro
347 3467 441 3524 tomen,
461 3457 537 3527 quod
555 3458 617 3510 sine
636 3456 721 3510 dubio
741 3464 785 3509 est
802 3457 986 3521 correctoris,
1005 3465 1047 3521 ut,
1072 3455 1148 3524 quod
1164 3452 1217 3506 ha·

70 3525 120 3578 bet
138 3528 207 3580 Ven.
227 3527 285 3583 Alt.
305 3546 368 3582 eum.
403 3529 438 3581 ln
457 3528 579 3596 reliquis
598 3535 643 3580 est
660 3533 755 3587 tames,
774 3533 841 3592 post
857 3543 943 3592 quam
960 3543 1062 3579 vocem
1081 3524 1217 3578 distinxit

70 3594 140 3648 Dav.
161 3599 192 3649 in
210 3596 262 3649 Ed.
285 3602 327 3664 l.;
351 3608 414 3651 tum
437 3616 510 3651 unus
528 3597 578 3651 Ox.
599 3605 633 3650 et
650 3599 725 3649 ltlon.
745 3598 771 3647 1.
796 3597 904 3647 omnium
923 3597 1034 3649 omnino.
1070 3594 1217 3649 admisisset

70 3675 192 3734 occupat
209 3666 299 3719 libros
319 3684 424 3722 omnes.
462 3669 498 3719 H.
519 3666 670 3732 Stephanus
688 3663 812 3737 Castigg.
835 3666 895 3720 Cic.
914 3685 943 3737 p.
965 3670 1015 3722 103
1033 3683 1074 3735 sq.
1096 3681 1150 3734 pro
1168 3671 1213 3716 to·

71 3752 127 3788 men
145 3735 299 3808 legendum
319 3753 379 3790 esse
398 3739 509 3791 censuit
527 3744 587 3801 tum,
607 3736 724 3791 addens:
748 3752 868 3806 „neque
888 3739 967 3791 enim
988 3737 1129 3790 sententia
1150 3732 1214 3806 ullo

69 3807 153 3858 modo
178 3807 386 3859 adversativam
410 3807 584 3876 particulam
602 3807 754 3860 admittere
772 3803 823 3857 hic
840 3815 949 3875 potest:
974 3815 1003 3860 et
1030 3806 1083 3859 illa
1110 3801 1212 3858 rerba:

68 3878 130 3928 Hoc
148 3883 237 3927 autem
256 3882 371 3941 tempore
389 3877 692 3947 optime'respondent
709 3875 756 3927 illi
774 3876 841 3928 uoci
859 3883 918 3929 tum.
953 3874 1026 3939 Quid
1044 3876 1069 3928 si
1087 3889 1156 3928 vero
1176 3890 1213 3926 ex

69 3948 149 3998 talem
177 3946 366 4015 depravatum
389 3964 448 4001 esse
475 3946 604 4000 dicamus
629 3945 732 4000 tamen!
758 3946 863 3999 Sensus
881 3953 961 3998 certe
984 3944 1103 3996 idoneus
1122 3949 1211 3995 essett

68 4033 171 4068 verum
196 4015 437 4085 acquiescendum
463 4022 564 4070 censeo
586 4017 618 4069 in
645 4016 736 4070 altera
764 4015 920 4070 lectione.“
954 4014 1101 4079 HWolJius
1124 4013 1212 4077 „for·
1275 4017 1278 4023 '

68 4094 150 4149 tasse,
169 4087 220 4150 ait,
240 4086 348 4138 rectius
367 4088 455 4140 telem.
493 4084 643 4139 Sententia
662 4093 718 4138 est:
736 4089 908 4155 tempestiva
926 4093 1030 4149 morte,
1056 4098 1127 4152 quae
1145 4089 1211 4134 tum

67 4171 127 4207 esse
145 4163 273 4224 putatur,
293 4163 421 4228 comest
439 4156 539 4208 vivers
557 4152 806 4222 iucundissimum,
825 4155 975 4225 complura
997 4153 1074 4206 mala
1091 4151 1206 4206 evitari.

67 4256 99 4266 -
118 4223 260 4278 Amissus
277 4225 394 4279 ridetur
409 4240 513 4296 parum
531 4227 652 4294 proprie
670 4225 752 4281 dici..
776 4227 844 4292 Quis
863 4225 941 4278 enim
960 4231 1096 4277 eventum
1114 4220 1209 4287 habet,

64 4293 233 4364 priusquam
253 4297 402 4350 evenerit?
431 4303 460 4348 et
478 4294 555 4364 quod
571 4310 631 4347 non
648 4294 760 4361 habeas,
779 4294 922 4367 quomodo
946 4293 1080 4347 amittes?
1104 4308 1210 4361 nempe

64 4372 97 4415 ut
116 4363 336 4421 dialecticorum
354 4381 471 4424 cornua.
493 4366 538 4419 Eo
557 4364 674 4435 quidem
693 4375 824 4438 tempore
843 4381 958 4422 sensum
975 4363 1119 4416 malorum
1137 4360 1223 4414 amb*
