2856 5084
206 271 268 339 tls
557 266 771 339 RIGHARDI
797 264 1007 331 BENTLEH

276 433 347 488 ibid.
383 432 480 502 Neque
496 431 576 486 hunc
594 438 620 485 et
636 430 702 487 iaec
720 431 798 500 loqui
815 447 884 502 quae
902 436 965 487 sunt
984 427 1083 498 magni
1094 425 1241 485 cuiusdam
1260 434 1288 482 et
1307 429 1364 489 atti

205 504 274 568 oiri,
302 511 328 558 et
348 504 443 556 eadem
462 520 531 573 quae
554 504 653 571 uulgus
676 503 805 558 inbonis
829 510 854 556 et
876 500 963 554 mulie
981 517 1136 565 numerare,
1164 500 1280 554 concedi
1297 502 1362 556 ullo

205 577 287 629 modo
303 575 416 644 potest]
452 576 539 630 Recte
557 576 688 630 observas
707 574 781 627 illud
798 575 829 625 H
833 590 896 628 unc
922 589 980 626 non
1006 589 1087 642 posse
1112 573 1163 624 bic
1187 573 1286 624 locum
1311 572 1364 624 ba·

205 647 285 709 bere:
318 664 384 699 cum
402 662 460 699 non
486 645 521 698 de
546 663 603 699 uno
621 645 732 714 aliquo,
757 644 805 697 sed
829 645 863 697 de
888 645 1020 714 pluribus
1036 644 1109 697 haec
1127 639 1269 698 dicantur.
1308 644 1364 696 Re·

205 717 288 789 ponis
308 718 454 790 igiturex
471 717 569 777 codice
588 725 648 780 tuo,
673 731 808 782 numque
832 720 858 768 et
886 716 953 768 daec
972 718 1049 784 loqui
1069 714 1233 767 -concedi
1252 715 1363 768 Nullo

204 789 287 845 cnudo
303 793 401 853 potest.
438 789 575 858 Proprius
594 797 689 839 tamen
707 787 822 840 accedes
840 787 874 839 ad
893 787 1020 856 reliquos
1039 786 1160 849 codices,
1180 787 1203 836 si
1221 786 1263 838 sic
1281 786 1364 860 lege·

205 860 257 915 ris.
293 859 389 928 Neque
408 857 545 912 enimet
563 857 630 912 baec
648 857 724 928 loqui
742 885 776 895 —
794 858 906 911 concedi
922 859 983 910 ullo
1003 858 1082 911 modo
1100 863 1197 924 potest.
1234 856 1315 922 Quod
1335 864 1364 910 et

205 931 363 1004 elegantius
390 939 442 984 est.

275 1001 343 1071 Cap.
364 1005 405 1058 ll.
450 999 513 1055 Non
537 1016 588 1066 ego
612 997 662 1053 lucc
686 997 719 1055 id
746 999 931 1069 quaerendum
957 1005 1031 1066 puto,
1061 1014 1185 1051 rerumne
1208 997 1256 1063 sit,
1291 999 1364 1067 cuod

195 1071 317 1129 ‘Zenoni
334 1071 483 1140 placuerit,
515 1069 719 1140 quodquesine
742 1070 874 1124 auditori
891 1069 1037 1135 Aristoni,
1065 1070 1174 1122 Bonum
1192 1085 1250 1122 esse
1273 1071 1363 1122 solum

204 1145 276 1210 quod
294 1141 436 1197 honestum
454 1149 542 1198 esset.-
569 1143 627 1208 sed,
647 1142 671 1193 si
689 1141 731 1194 ita
749 1147 830 1212 esset,
849 1150 964 1193 tumvut
981 1139 1032 1193 loc
1051 1147 1140 1193 totum
1158 1141 1248 1194 Beate
1266 1140 1362 1195 vivere

204 1213 235 1268 in
253 1229 308 1267 una
326 1216 429 1268 virtute
446 1213 589 1283 poneret]
627 1213 717 1265 Multa
734 1211 784 1265 hic
801 1221 967 1282 peccantur.
1004 1212 1135 1264 Primum
1154 1211 1233 1263 illud
1244 1216 1362 1279 poneret

205 1301 261 1354 quo
281 1285 483 1339 referendum?
501 1285 526 1336 si
544 1284 579 1336 ad
596 1282 762 1337 Aristonem
782 1291 811 1335 et
822 1286 969 1337 Zenonem
987 1280 1071 1346 (alius
1090 1290 1187 1334 autem
1203 1299 1289 1334 nemo
1309 1282 1362 1347 est)

205 1355 357 1408 dicendum
375 1357 478 1425 utique
498 1362 542 1406 est
556 1360 699 1422 ponerent.
736 1354 793 1408 sed
814 1371 868 1406 nec
891 1353 947 1406 hoc
972 1370 1065 1423 neque
1089 1353 1164 1405 illud
1182 1371 1283 1405 sanum
1301 1371 1364 1406 sen·

204 1443 268 1482 sum
288 1425 389 1478 efficit.
427 1427 567 1490 Quorsum
587 1425 664 1479 enim
683 1434 732 1478 out
751 1433 868 1494 quaerat
887 1432 936 1477 aut
955 1433 1046 1493 optet,
1069 1431 1103 1475 ut
1120 1426 1198 1476 Zeno
1217 1432 1246 1476 et
1265 1426 1363 1477 Aristo

204 1496 315 1549 beatam
333 1497 423 1550 vitam
442 1497 473 1547 in
491 1514 549 1549 una
566 1497 676 1548 virtute
693 1504 852 1565 ponerent,
879 1513 944 1547 cum
964 1496 993 1548 id
1013 1511 1059 1548 sos
1077 1503 1242 1548 constanter
1260 1497 1362 1549 fecisse

205 1567 314 1637 etipse
333 1585 414 1637 saepe
433 1567 551 1633 dixerit,
572 1575 601 1619 et
618 1584 665 1620 res
683 1567 721 1618 sit
739 1567 903 1620 notissima?
935 1566 1045 1618 Deinde
1070 1566 1157 1617 series
1186 1573 1215 1617 et
1233 1567 1363 1636 apodosis

205 1639 342 1693 orationis
362 1646 404 1691 est
420 1639 538 1692 vitiosa:
559 1637 629 1709 Non,
650 1639 755 1707 inquit,
775 1637 962 1707 quaerendam
979 1642 1055 1704 puto,
1078 1654 1218 1689 verumne
1236 1640 1289 1704 sit3
1313 1639 1363 1691 sed

205 1716 270 1764 tum
287 1719 329 1763 ut.
367 1709 452 1762 Vides
471 1709 537 1774 iam,
557 1710 669 1778 opinor,
688 1709 719 1762 τὸ
739 1707 940 1762 irradiandos:
960 1709 1037 1776 quod
1056 1715 1084 1759 et
1094 1708 1258 1773 Lambinus,
1277 1717 1361 1764 acute

205 1780 352 1835 interdum
379 1796 509 1845 cernens,
535 1779 584 1831 ubi
610 1780 701 1832 ceteri
728 1781 902 1845 caecutiunt,
930 1787 1009 1830 recte
1037 1779 1255 1832 animadvertit:
1289 1781 1363 1854 legit

147 1876 152 1887 ·
205 1851 285 1902 enim
303 1857 361 1903 tnnc
378 1856 480 1903 utrum.
517 1851 687 1919 RecteJuoc,
723 1851 853 1903 simodo
879 1859 909 1902 et
927 1849 1002 1902 illud
1026 1850 1144 1919 insuper
1159 1852 1362 1921 perspexisset,

205 1921 293 1973 aliam
315 1930 378 1974 tum
405 1922 562 1973 sententiae
589 1921 762 1975 medicinam
793 1921 980 1974 adhibendam
1009 1938 1080 1973 esse:
1114 1921 1231 1991 quippe,
1262 1922 1294 1975 si
1318 1921 1362 1976 ita

205 1997 287 2059 esset,
317 2001 350 2045 ut
368 1993 481 2045 Zenoni
503 1993 624 2062 placuit,
658 1993 765 2045 bonum
790 2009 848 2045 esse
871 1993 964 2044 solum
987 1992 1063 2061 quod
1086 1991 1253 2057 honestum5
1282 1994 1362 2046 nulla

204 2065 285 2117 ultra
308 2065 429 2133 quaestio
459 2065 547 2127 foret,
574 2073 674 2116 utrum
701 2064 761 2116 vita
792 2063 874 2116 beata
903 2063 935 2114 in
961 2081 1018 2115 nna
1044 2063 1156 2115 virtute
1182 2064 1362 2118 consisteret.

205 2135 283 2207 Lege
303 2135 396 2209 igitur
413 2144 508 2209 totum
525 2135 637 2188 locum:
671 2134 733 2189 Non
751 2151 804 2201 ego
820 2133 871 2187 loc
889 2136 949 2187 loco
962 2135 1002 2194 id
1020 2135 1203 2202 quaerendum
1220 2142 1297 2202 puto,
1316 2153 1364 2188 ue·

205 2222 302 2260 rumne
320 2207 366 2271 sit,
377 2233 411 2242 -
429 2207 529 2259 bonurn
548 2222 606 2259 esse
624 2204 712 2258 solane
731 2205 804 2275 quod
822 2203 965 2258 bonestuna
983 2212 1068 2258 esset.-
1087 2206 1144 2271 sed,
1164 2205 1201 2259 ni
1219 2205 1263 2259 ita
1282 2212 1363 2273 esset,

204 2284 319 2330 utrum
343 2277 407 2343 (vel
432 2279 587 2342 rectene)
610 2275 661 2329 ltoc
683 2282 769 2329 toturn
787 2277 864 2330 beate
881 2277 974 2329 uicere
997 2275 1028 2328 in
1051 2292 1108 2328 ussa
1127 2275 1231 2329 uirtute
1253 2294 1364 2345 pone-

207 2355 316 2401 retur.
353 2349 543 2418 Hocnempe
568 2347 642 2409 illud
661 2356 713 2412 est,
743 2347 820 2417 quod
837 2346 1043 2416 Peripateticos
1062 2348 1174 2421 tangit3
1206 2349 1268 2416 qui,
1296 2366 1364 2401 cum

206 2426 347 2492 negarent
365 2418 581 2471 solumbonum
601 2420 750 2488 essequod
767 2417 930 2484 honestum,
949 2417 1059 2470 beatam
1078 2425 1176 2471 tamen
1192 2419 1285 2470 vitam
1304 2419 1364 2472 sola

205 2490 317 2542 virtute
336 2489 476 2558 compleri
497 2489 661 2541 voluerunt.

217 2624 220 2629 ¹
278 2561 345 2630 Cap.
367 2563 408 2615 lt.
446 2560 540 2628 Neque
559 2563 631 2615 enirn
650 2559 803 2613 laetabitur
819 2569 961 2630 uunquam,
980 2576 1035 2613 nec
1052 2557 1186 2612 maerebit
1204 2560 1302 2626 nimis,

449 2631 529 2686 Quod
546 2647 655 2702 semper
672 2633 703 2686 in
720 2647 751 2684 se
768 2632 955 2702 ipscomnem
973 2647 1048 2700 spent
1066 2636 1181 2700 reponet
1199 2630 1266 2698 sui]

206 2697 374 2776 [regendum
396 2710 477 2770 puto,
937 2728 945 2750 s

372 2771 467 2842 Neque
485 2773 557 2827 enim
575 2774 730 2828 laetabitur
747 2788 887 2842 uniquam,
915 2779 977 2826 aut
998 2773 1129 2826 maerebit
1152 2771 1248 2838 nimis,

375 2845 453 2899 Quod
472 2862 580 2914 semper
597 2847 627 2899 in
645 2862 675 2897 se
694 2844 769 2913 ipse
787 2860 893 2896 ornnem
911 2860 987 2910 spem
1002 2850 1084 2911 ponet
1103 2842 1159 2900 sui.

207 2915 271 2984 Ipse
293 2922 374 2968 recto
399 2914 486 2969 habet
504 2917 648 2969 Victorius
672 2933 738 2968 cum
755 2923 805 2967 tuo
825 2915 936 2968 codice:
967 2915 1054 2968 Ponet
1077 2924 1110 2966 tu
1136 2916 1254 2989 egregie
1280 2931 1366 2986 repo·

208 2985 291 3046 suisti
315 2986 439 3061 exlege
463 2987 559 3041 metri.
597 2988 632 3039 ln
657 2986 756 3056 priore
780 3003 867 3038 versu
889 2992 937 3040 aut
976 3002 1009 3038 ro
1034 3002 1083 3039 nec
1106 2985 1261 3039 substituo:
1297 3005 1365 3039 nam

209 3056 286 3126 quod
307 3063 340 3108 tu
367 3058 547 3130 excogitasti,
576 3057 796 3110 immodulatum
820 3065 863 3110 est
887 3066 916 3109 et
939 3005 1083 3122 absonum,
1117 3056 1171 3109 etsi
1193 3057 1229 3110 ad
1257 3057 1364 3133 digitos

207 3127 321 3181 numeri
339 3129 537 3196 respondeant.
576 3134 578 3137 '

280 3199 346 3267 Cap.
368 3201 411 3273 ¹3:
448 3197 520 3251 Alio
537 3213 643 3265 semper
660 3196 768 3262 nirent3
794 3197 855 3251 alia
880 3196 969 3252 bieme
991 3199 1109 3263 nudata,
1139 3215 1224 3253 ceraso
1243 3207 1366 3268 tempore

208 3270 351 3338 tepefacta
369 3268 559 3336 frondescunt]
596 3269 693 3321 Codex
709 3277 776 3321 tuus
795 3287 831 3322 ex
855 3270 982 3338 optimis,
1006 3271 1207 3338 patefacta.
1245 3271 1291 3322 An
1309 3271 1364 3324 hoc

153 3374 157 3378 -
207 3341 310 3406 voluit,
333 3340 424 3394 Verno
444 3346 567 3407 tempore
582 3341 722 3406 patefacto
739 3340 944 3404 frondescunt?
964 3348 997 3392 ut
1015 3341 1168 3392 Lucretius
1186 3342 1209 3407 1,
1230 3345 1274 3398 lt.

374 3410 447 3465 Nem
465 3410 550 3462 sinaut
567 3426 601 3462 ue
618 3413 725 3477 species
742 3413 883 3479 patefacta
901 3418 943 3463 est
960 3419 1049 3463 verna
1068 3411 1135 3477 diei,

373 3483 411 3534 Et
428 3488 557 3534 reserata
574 3479 657 3549 viget,
668 3481 832 3546 genitabilis
851 3497 923 3535 auru
940 3479 1046 3550 favoni.

209 3551 267 3609 Sed
288 3550 366 3604 nibil
389 3561 500 3606 temere
525 3552 738 3605 sollicitandum
763 3552 897 3605 arbitror.

180 3668 184 3675 .
279 3622 353 3677 lbid.
391 3623 446 3676 llic
468 3623 567 3691 egitur
590 3623 732 3690 (animus)
754 3623 781 3676 si
805 3629 845 3676 est
869 3626 1002 3689 eccultus,
1032 3628 1059 3677 et
1080 3621 1107 3676 si
1132 3622 1194 3677 eius
1217 3621 1296 3677 acies
1319 3625 1363 3680 ita

143 3692 148 3707 ¹
208 3701 307 3748 curato
326 3699 375 3760 est,
392 3701 423 3746 ut
441 3711 475 3747 ne
493 3701 662 3747 caecaretur
675 3694 831 3760 erroribus,
859 3697 889 3760 fit
904 3697 1032 3765 perfecta
1050 3695 1147 3761 mene]
1185 3696 1259 3748 Cum
1286 3697 1365 3766 prio-

209 3784 256 3820 res
280 3765 419 3818 editiones
445 3781 542 3818 omnes
569 3772 734 3819 caecetur
755 3765 918 3834 habuerint,
946 3775 1071 3836 tuusque
1098 3766 1188 3818 codex
1219 3767 1364 3837 optimus3

210 3837 378 3891 Gebhardus
406 3853 489 3890 caeco
516 3852 634 3888 suorum
657 3836 788 3890 codicum
811 3853 906 3890 amore
925 3837 1026 3889 ductus
1043 3844 1208 3890 caecaretur
1236 3838 1366 3907 interpo-

209 3909 291 3962 lavit.
330 3909 402 3973 Quid
419 3908 475 3961 hoc
492 3907 611 3961 homine
629 3907 726 3973 iacias,
755 3907 806 3976 qui
832 3924 867 3959 ne
892 3917 1057 3979 temporum
1086 3908 1203 3977 quidem
1221 3911 1365 3962 rationem

210 3988 322 4047 servet3
346 3996 470 4050 quorum
488 3997 520 4032 re
542 3979 606 4032 ulae
626 3979 657 4030 in
676 3979 744 4049 ipsis
763 3979 973 4034 Grammaticae
992 3980 1142 4032 elementis
1161 3979 1312 4031 docentur.

282 4049 349 4121 Cap.
370 4053 412 4107 14.
449 4049 497 4103 An
516 3997 629 4105 (ludium
647 4055 699 4115 est,
723 4049 791 4121 quin
814 4048 891 4103 nibil
913 4052 953 4105 sit
977 4050 1128 4104 labendum
1154 4048 1185 4102 in
1204 4065 1234 4102 eo
1251 4065 1365 4118 genere,

193 4137 261 4191 ¹quo
278 4124 338 4175 vita
356 4123 439 4175 beata
457 4121 670 4191 complectitur,
698 4119 726 4173 si
751 4122 784 4175 id
804 4120 892 4190 possit
916 4122 1049 4189 amittit]
1086 4123 1121 4176 ln
1139 4121 1244 4190 priscis
1264 4120 1367 4174 editio·

210 4193 294 4245 nibus
318 4194 474 4258 ferebatur,
508 4193 597 4261 quod
622 4193 681 4245 uita
702 4192 783 4245 laento
810 4193 1012 4260 complectitur.
1058 4192 1212 4245 Lambinus
1240 4193 1309 4245 oum
1335 4191 1366 4244 in

159 4320 167 4335 .
211 4263 358 4317 codicibus
374 4265 432 4317 suis
450 4264 606 4332 reperisset
624 4266 707 4328 Quo,
733 4270 763 4316 et
781 4262 883 4316 itidem
907 4265 939 4316 in
957 4265 1014 4316 suis
1033 4262 1215 4328 Gebhardus3
1244 4263 1367 4334 scripto&

211 4350 279 4387 rum
296 4335 427 4389 codicum
453 4334 631 4387 auctoritati
644 4343 773 4403 uterque
787 4345 948 4400 cesserunt3
977 4337 1016 4388 ita
1043 4344 1076 4388 ut
1093 4331 1286 4402 complectitur
1304 4351 1368 4404 pas-

212 4406 272 4460 sive
289 4406 339 4460 hic
356 4404 556 4477 accipiendum
574 4405 749 4460 existiment.
777 4405 810 4458 ld
829 4421 894 4458 cum
913 4405 967 4460 tibi
981 4406 1085 4461 durum
1103 4415 1133 4461 et
1151 4405 1213 4458 sine
1231 4405 1366 4476 exemplo
