2856 5084
402 805 1013 961 annuntiaturum
1058 758 1061 763 ὅ

444 978 446 983 ,
709 967 731 1010 Ε

688 967 709 1009 ¹,
1129 1000 1133 1006 ⁴
1296 971 1299 978 .

116 1052 462 1142 ¹EDITIONIBUS
509 1058 923 1134 TUSCULANARUM
968 1059 1286 1152 KLOTZIANIS,

185 1268 189 1277 ,
298 1208 465 1275 narona,
485 1207 538 1263 nr
556 1198 721 1277 umora,
742 1207 848 1264 oum
865 1200 1123 1265 rnomnuuur

504 1350 632 1396 mester
661 1351 692 1399 n.
715 1353 914 1396 nocccxxxv.
1013 1408 1015 1413 Ι

192 1647 314 1710 Facere
333 1673 391 1710 non
408 1671 523 1727 possum
540 1673 594 1728 pro
613 1658 748 1712 editionis
766 1675 846 1712 meae
865 1657 996 1724 consilio,
1024 1657 1096 1728 quin
1121 1656 1156 1710 de
1180 1674 1213 1710 ea
1234 1658 1289 1710 Te-

131 1732 311 1782 amianarum
329 1728 456 1782 editione
473 1745 615 1794 moneam,
638 1745 710 1800 quae
726 1729 852 1800 prodiit,
877 1746 945 1781 cum
970 1742 1035 1781 mea
1058 1728 1117 1781 iam
1139 1729 1222 1798 typis
1241 1729 1290 1781 de·

132 1799 281 1853 scribenda
303 1798 336 1850 in
360 1799 490 1852 manibus
511 1799 627 1853 librarii
654 1809 735 1854 esset.
773 1800 829 1853 Sed
850 1808 884 1851 ut
902 1799 1019 1852 silentio
1046 1816 1109 1852 eam
1125 1800 1288 1869 praeterire

132 1870 228 1940 operis
243 1869 419 1941 praestantia
435 1876 524 1934 vetat,
544 1871 586 1923 ita
604 1887 636 1923 ea
654 1871 718 1941 ipsa
735 1870 911 1941 praestantia
929 1878 959 1923 et
970 1869 1128 1923 multitudo
1146 1870 1289 1935 locorum,

133 1941 252 2011 quinvel
269 1939 465 2008 vindicantur,
496 1940 545 1994 vel
564 1941 760 2006 emendantur,
785 1941 835 1993 vel
853 1940 1047 2010 explicantur,
1071 1939 1203 2009 impedit,
1231 1956 1288 2011 quo

109 2051 111 2054 -
131 2012 228 2064 minus
247 2011 343 2065 omnia
362 2028 523 2080 excerpam,
543 2029 615 2080 qnae
633 2011 830 2065 memorabilia
848 2010 993 2064 videntur.
1031 2009 1122 2076 Quare
1136 2011 1197 2080 qui,
1216 2029 1289 2081 quae

131 2082 292 2157 singularia
309 2081 395 2134 habet
413 2082 502 2136 editio
520 2081 630 2137 Ktoina·
658 2082 734 2153 quod
751 2081 787 2134 ad
804 2083 962 2135 lectionem
980 2082 1088 2147 omnia,
1110 2083 1185 2135 scire
1204 2083 1288 2148 velit,

132 2155 157 2206 is
176 2153 333 2206 editionem
352 2153 412 2206 eius
430 2153 511 2206 adeat
529 2153 674 2206 minorem
691 2169 780 2225 parvo
798 2153 968 2224 parabilem,
986 2169 1058 2222 quae
1069 2153 1289 2222 aliquotemen·

131 2225 281 2279 dationum
299 2225 458 2277 accessione
476 2224 584 2277 inaiore
603 2226 690 2278 etiam
707 2224 821 2277 auctior
839 2233 890 2281 est.
927 2225 990 2277 Nec
1007 2239 1078 2276 vero
1104 2224 1195 2299 magis
1214 2225 1289 2277 diiu-

132 2297 228 2350 dicare
246 2312 332 2366 quam
351 2288 520 2348 enumerare
538 2293 621 2360 licet,
646 2313 719 2365 quae
741 2294 795 2348 ille
818 2296 865 2347 vir
889 2294 1046 2368 singularia
1062 2294 1149 2348 babet
1175 2303 1205 2348 et
1221 2312 1290 2365 pro·

131 2367 207 2440 pria.
244 2367 420 2435 Quamquam
444 2365 523 2419 enim
549 2365 618 2417 libri
641 2365 735 2418 nostri
753 2366 844 2419 moles
866 2366 1013 2420 navmaior
1038 2373 1068 2418 et
1085 2366 1211 2436 amplior
1228 2367 1290 2437 ipsa

133 2437 345 2509 exspectatione
364 2444 461 2489 nostra
477 2435 539 2501 fiat,
564 2437 622 2488 iam
644 2439 745 2490 cavere
768 2452 826 2489 non
850 2452 977 2507 possum,
1002 2436 1087 2489 nolui
1109 2445 1290 2506 tamensem

133 2511 173 2564 ita
190 2525 306 2582 augere,
325 2514 358 2560 ut
375 2507 446 2561 hacc
465 2507 526 2576 ipsa
543 2505 614 2558 iibri
635 2507 877 2579 praestantissimi
898 2524 1019 2562 censura
1041 2507 1112 2560 libri
1129 2508 1220 2562 instar
1237 2509 1288 2563 fie-

133 2589 188 2646 ret,
212 2578 385 2650 praesertim
408 2595 476 2631 cum
499 2576 557 2631 alio
580 2577 646 2632 loco
671 2578 706 2632 de
733 2595 765 2631 ea
789 2578 932 2631 iudicium
957 2595 1055 2632 meum
1086 2579 1287 2651 qualecunque

132 2652 224 2706 fusius
243 2649 433 2720 exposuerim.
468 2649 596 2772 Ingenua
615 2656 710 2702 autem
726 2650 822 2706 fateor
838 2650 935 2704 dolere
949 2667 996 2703 me
1007 2666 1192 2724 rnagnopere‚
1211 2652 1289 2722 quod

132 2740 186 2795 per
203 2721 342 2790 temporis
360 2719 487 2773 rationes
528 2720 571 2773 eri
588 2735 648 2773 non
664 2721 771 2791 potuit,
789 2729 823 2772 ut
841 2720 898 2791 ipsi
915 2720 1037 2774 editioni
1055 2738 1135 2787 meso
1149 2722 1289 2777 adornan-

133 2795 185 2848 dae
203 2792 368 2845 adhiberem
385 2790 497 2845 Klotnii
515 2797 642 2861 operam,
661 2809 717 2863 qua
728 2791 896 2861 plurimum
913 2790 1057 2846 commodi
1075 2790 1288 2847 iuGiceronem

132 2863 305 2919 redundasse
332 2878 416 2914 nemo
442 2878 493 2914 me
515 2861 654 2915 libentius
678 2862 816 2938 agnoscit,
840 2880 1013 2933 quamquam
1036 2862 1069 2913 in
1093 2863 1224 2917 omnibus
1241 2882 1288 2918 me

134 2954 202 2990 cum
221 2950 253 2988 eo
270 2935 336 2986 viro
353 2933 461 2985 facere'
474 2933 607 3003 profiteri
625 2949 684 2986 non
700 2950 825 3004 possum.
863 2933 920 2987 Sed
942 2950 1004 3008 age,
1028 2949 1214 3004 excerpamus
1242 2952 1289 2989 eos

133 3007 317 3079 potissimum
339 3003 426 3068 locos,
455 3020 525 3072 quos
549 3005 611 3073 ipse
639 3003 672 3055 in
696 3003 936 3075 praefationibus,
968 3002 1045 3058 unde
1071 3004 1178 3060 laboris
1205 3007 1288 3076 quasi

132 3094 297 3132 mensuram
314 3091 474 3149 ageremus,
492 3074 680 3150 significavit.
704 3108 706 3113 «
1138 3106 1141 3113 2

184 3182 186 3187 ·
204 3148 228 3205 1.
248 3149 290 3204 12.
310 3148 358 3201 27:
377 3152 493 3199 mortem
510 3178 544 3189 -
563 3161 625 3198 esse
642 3172 676 3185 -
695 3146 831 3216 quandem
855 3146 940 3216 qumi
957 3145 1153 3214 migrationem
1169 3164 1291 3203 commn-

134 3218 319 3288 tnts'onemqne
336 3216 424 3283 vitae,
450 3232 520 3287 quae
537 3215 569 3269 in
586 3215 676 3272 cleris
693 3217 769 3272 viria
790 3223 819 3271 et
842 3217 958 3286 feminis
980 3219 1038 3273 duc
1060 3219 1093 3272 s'n
1117 3220 1224 3274 coetum
1242 3236 1290 3274 ao-

134 3294 208 3345 teret
221 3305 296 3353 eese3
314 3287 353 3343 e'n
370 3286 507 3342 ceteris
524 3285 617 3342 dumi
633 3287 857 3342 retineretur
874 3295 909 3342 et
950 3297 1149 3345 ermoneret
1167 3296 1288 3346 tomen.

135 3362 221 3416 Nihil
243 3362 274 3413 h.
296 3360 318 3411 1.
345 3367 489 3412 mutatum
510 3357 577 3412 vult
600 3359 660 3426 KL,
681 3376 785 3412 vocem
807 3374 875 3430 quae
901 3308 943 3413 ai
957 3361 1053 3426 odana
1078 3378 1133 3414 nec
1156 3378 1228 3416 vero
1254 3362 1291 3416 ad

134 3431 376 3488 commutationem
393 3431 477 3496 vitae,
496 3431 642 3484 referens:
661 3438 695 3484 ut
711 3430 784 3485 haec
802 3438 885 3483 exeat
902 3431 1061 3485 sententia:
1089 3449 1162 3500 quae
1180 3433 1291 3500 vitain

135 3504 223 3558 claris
244 3501 332 3563 viris,
355 3502 462 3584 quippe
483 3512 571 3570 quam
594 3502 712 3578 egregie
736 3510 883 3576 gererent,
906 3502 965 3577 dux
990 3503 1023 3554 in
1047 3503 1161 3556 caelum
1183 3504 1290 3558 soleret

136 3588 212 3630 esset
232 3573 265 3626 in
282 3580 397 3638 ceteris,
416 3573 453 3625 iis
471 3571 620 3639 videlicet,
643 3572 772 3644 quinon
790 3571 979 3638 excellerent,
1002 3571 1086 3626 bumi
1109 3575 1227 3644 quidem
1244 3592 1291 3630 re·

136 3648 294 3707 tineretur,
321 3643 362 3695 ita
383 3649 492 3708 tamen,
518 3650 553 3695 ut
568 3651 829 3713 permaneretnec
851 3643 996 3702 interiret.
1032 3645 1131 3698 Placet
1151 3645 1291 3700 haec'ex·

135 3716 255 3790 plicatio
284 3713 396 3768 censori
418 3713 472 3767 Ed.
495 3714 542 3771 Kl.
567 3714 783 3772 Halensi1836·
804 3717 863 3770 13⁷.
888 3732 919 3786 p.
936 3717 1005 3774 4⁷3:
1042 3733 1097 3772 nec
1121 3717 1288 3772 immerito:

137 3792 265 3857 itemque
283 3785 449 3856 pleraeque,
468 3802 540 3854 quae
558 3788 743 3856 sequuntur.‘
1061 3837 1064 3843 ,
1284 3826 1287 3833 .

207 3861 230 3914 1.
249 3860 293 3914 22.
314 3857 364 3911 52:
383 3853 453 3909 banc
469 3854 562 3923 igiter
573 3855 725 3924 [animum]
744 3872 825 3910 noeae
842 3855 899 3911 nisi
911 3855 1037 3910 divinam
1053 3862 1136 3922 esset,
1154 3866 1290 3913 noneeaet

124 3922 187 3987 'noe
211 3926 336 3984 amoris
359 3926 506 3980 cuiusdam
528 3926 621 3981 animi
640 3934 838 3998 praeceptune·
857 3927 911 3981 stc
930 3931 967 3980 nt
991 3926 1165 3987 tributum
1190 3943 1209 3981 o
1226 3929 1289 3982 deo

134 4003 186 4058 eit
212 4000 274 4055 loc
296 4014 334 4053 ee
357 3997 468 4066 ipsum
487 4013 594 4066 posse
616 4013 846 4068 cognoscere.
884 3999 947 4051 Nec
964 3998 1022 4052 hoc
1047 3999 1112 4051 loco
1131 3999 1290 4069 quidquam

137 4082 282 4127 mutatum
299 4068 423 4126 vultKl.
441 4076 571 4123 vertens:
590 4085 626 4122 so
645 4070 721 4125 dass
738 4069 837 4123 disse
856 4067 1062 4144 deigkeit
1079 4068 1159 4122 sich
1176 4071 1290 4124 selbs't

137 4148 286 4200 konnen
303 4159 346 4194 au
363 4141 511 4205 lernen,
529 4156 598 4193 von
615 4140 701 4194 Gott
718 4140 878 4216 gegeben
896 4158 940 4192 zu
958 4156 1045 4208 seyn
1063 4139 1216 4194 scheint.

207 4217 231 4282 1,
250 4217 294 4281 24,
313 4215 364 4270 te:
392 4211 466 4268 Quid
481 4217 526 4265 eet
543 4210 617 4265 enim
634 4211 714 4278 illud,
737 4227 792 4282 quo
809 4210 1006 4264 meminimus?
1031 4216 1080 4263 aut
1105 4227 1188 4279 qnam
1209 4210 1290 4267 babet

138 4286 214 4341 oinct
239 4291 288 4339 ont
312 4284 385 4338 ende
408 4282 586 4369 nqtarcmt
621 4284 684 4338 Hoc
705 4299 820 4355 quoqne
851 4282 917 4335 loco
945 4280 1090 4334 librorum
1116 4283 1290 4352 scripturam

137 4366 239 4413 tuetur
256 4357 303 4412 Ill.
322 4355 534 4426 simplicissime
553 4353 761 4428 interpretans:
782 4358 831 4407 ant
848 4353 920 4408 unde
937 4349 1017 4407 labet
1033 4353 1184 4425 notarent
