2856 5084
306 272 658 340 EMENDATIONES
678 271 934 337 annianum
954 276 979 335 Ι.
1157 277 1221 346 283

70 442 222 497 natarat
251 440 331 494 nibil>
344 441 478 510 protecto
495 439 589 504 aliud,
608 456 696 509 quam
714 418 816 492 natura
835 453 924 492 raum
947 437 1114 494 communies
1136 444 1218 511 etqui

70 516 124 571 illa
140 515 217 568 baud
233 513 325 587 magis
344 510 494 580 superiora
512 510 635 580 appetit,
655 528 740 579 quam
759 508 900 563 inferiora
919 509 979 562 sire
999 510 1101 564 media.
1137 513 1218 587 Ergo

69 587 175 642 falsum
192 585 246 637 hoc
265 593 296 637 st
312 582 476 648 absurdum,
494 580 560 635 ideo
577 582 677 655 ignem
700 589 730 633 et
748 582 844 635 airam
862 579 975 633 caelum
1000 582 1222 642 versussubvo-

69 657 139 722 lars,
167 655 246 725 quod
272 655 337 723 ipsa
365 661 470 708 nataea
496 653 646 722 superiora
679 659 803 722 appetat.
844 651 987 725 [regebam
1013 651 1120 726 igitur,
1150 652 1218 708 Sive

69 728 168 798 ipsae
192 723 295 781 amari
311 724 468 794 >superiora
493 730 708 792 aqrpetentes.
728 750 731 755 *
754 722 811 776 Ubi
835 730 939 776 natura
964 724 1087 793 perinde
1113 731 1155 776 eet
1180 742 1213 778 aa

69 804 172 852 natura
190 813 248 851 sua.
285 800 476 850 Postsa'vbro
500 797 629 865 inspecta
646 793 778 848 Lambini
803 793 941 860 editione,
963 794 1154 848 anirnadverti
1170 795 1222 847 vi·-

68 882 135 922 rum
164 869 361 922 doctissimum
383 867 415 922 ed
446 872 607 934 appetentes
636 883 672 918 ex
697 865 792 917 veteri
819 865 918 919 codice
942 866 1111 935 protulisse,
1137 865 1216 934 ipsae

70 951 174 995 runem⁴
188 958 224 993 ex
249 940 425 994 comestum
462 939 502 990 nt
524 947 622 990 menen
644 936 695 988 bic
717 944 770 1001 est,
796 953 883 1005 quem
911 937 1018 1006 ubique
1044 937 1135 990 bonus
1162 936 1216 991 ills

71 1011 238 1067 Gebbardus
264 1028 333 1082 prae
358 1027 389 1062 se
412 1009 581 1073 contemnit,
615 1008 744 1083 sugillat,
772 1008 936 1060 conculcat:
970 1023 1036 1076 quo,
1062 1009 1087 1060 si
1113 1024 1218 1061 verum

70 1101 205 1146 amamus,
224 1088 285 1134 tani
301 1082 389 1154 longe
408 1080 531 1133 interior
548 1079 608 1148 ipse
627 1087 679 1142 eet,
696 1087 730 1130 ut
746 1078 831 1131 nullo
847 1078 931 1132 modo
946 1079 984 1130 sit
1001 1079 1216 1149 comparandus.

76 1194 79 1199 ·
140 1150 160 1190 ‘i‘
177 1156 241 1208 Post
259 1152 384 1221 legebam
402 1149 494 1218 igitur
511 1150 593 1204 adde:
616 1152 672 1204 etsi
689 1154 794 1203 ceteras
821 1149 916 1204 nostri
931 1149 1007 1203 niti!
1029 1166 1079 1204 nos
1104 1148 1150 1204 tec
1167 1151 1218 1204 ad·

71 1227 164 1280 iuvent
342 1247 345 1251 ’
530 1250 531 1255 1
827 1248 828 1252 1

78 1339 80 1344 ,
141 1291 161 1328 *
178 1294 219 1348 Ib.
257 1294 351 1348 Multo
374 1293 458 1346 etiam
481 1289 691 1358 integriora
714 1308 749 1345 ae
768 1290 917 1362 puriora
944 1299 1009 1346 sunt
1037 1297 1068 1345 ut
1096 1298 1218 1346 eterra

72 1367 237 1434 longissime
253 1381 283 1417 ee
300 1364 433 1432 efferant]
469 1363 518 1416 Sia
534 1379 604 1426 curn
620 1363 687 1416 aliis
703 1364 791 1416 etiam
809 1364 902 1416 nostri
920 1363 1048 1417 Codices.
1082 1360 1138 1417 Sed
1153 1380 1219 1433 quo,

71 1454 184 1508 quaeso,
209 1436 360 1506 pertinent
383 1444 432 1487 aut
449 1435 621 1487 referuntur
637 1434 689 1486 illa
707 1433 840 1487 neutrius
863 1436 982 1508 generis
1002 1434 1164 1502 integriora
1187 1451 1221 1488 ac

66 1507 207 1578 puriora?
244 1506 364 1560 Dixerat
381 1507 492 1569 Cicero,
511 1505 536 1556 si
548 1506 643 1559 ‘animi
659 1513 728 1557 sunt
743 1505 793 1560 vel
810 1505 946 1558 animales
968 1505 1019 1561 vel
1038 1506 1127 1580 ignei,
1154 1522 1222 1575 per-

69 1581 202 1650 spicuum
225 1585 266 1630 est
285 1594 332 1631 eos
356 1577 477 1630 sublime
496 1577 584 1629 ferri:
611 1593 679 1629 mox
700 1576 789 1640 addit,
814 1576 926 1629 sivero
951 1578 1003 1630 vel
1027 1592 1162 1630 numerus
1176 1583 1222 1631 eet

70 1653 182 1706 animus
198 1648 249 1702 vel
268 1650 369 1719 quinta
387 1647 517 1712 essentia,
537 1647 630 1700 multa
648 1646 805 1715 integriora
824 1655 878 1699 cet.
916 1647 998 1700 Unde
1017 1665 1053 1699 ex
1070 1647 1173 1700 ordine
1192 1655 1222 1700 et

70 1722 122 1775 filo
145 1721 281 1774 orationis
302 1720 489 1790 perspicuum
514 1725 569 1782 est,
602 1726 652 1770 aut
675 1718 880 1793 corrigendum
908 1734 976 1783 esse,
1009 1718 1162 1772 referendo
1187 1717 1222 1771 ad

72 1794 198 1856 Animas,
216 1792 302 1845 resulta
321 1792 507 1856 integrior
522 1804 558 1841 ac
573 1786 706 1858 purior
723 1796 787 1853 est,
815 1795 846 1841 at
864 1820 898 1830 —
917 1791 1031 1856 efferat,
1058 1797 1118 1855 aut,
1143 1789 1168 1840 si
1187 1788 1221 1840 ad

73 1863 191 1916 Animos
217 1864 334 1927 referas,
365 1863 451 1914 mutto
474 1859 700 1926 integriores
721 1877 755 1913 aa
776 1859 946 1928 puriores
967 1867 1037 1914 suat.
1075 1859 1223 1912 Posterior

73 1935 172 1987 modus
191 1932 281 2006 magis
300 1931 417 1985 arridet.
446 1933 523 1983 Mox
541 1931 659 1984 Codices
676 1931 778 1999 nostri,
796 1931 905 1985 Horum
922 1931 1017 1999 igitur
1041 1931 1154 1999 aliquid
1172 1933 1223 1983 est

74 2007 226 2060 animare
245 2020 312 2068 non,
331 2011 364 2054 ut
383 2002 481 2077 vulgo,
501 2003 608 2055 asinas
627 2009 677 2054 est.
710 2030 713 2035 >
821 2061 822 2064 Ἴ
969 2056 973 2062 ,

100 2108 104 2114 ·
144 2073 163 2112 ’⁸‘
181 2075 247 2143 Gap.
268 2078 326 2131 18.<Ι
349 2074 427 2127 Bene
444 2071 520 2126 enim
545 2073 598 2126 itta
618 2073 814 2142 prouerbio
837 2075 1056 2142 Graecorum
1081 2072 1224 2141 praeeipi-

73 2147 132 2214 tar]
173 2147 273 2198 Nostri
292 2163 390 2199 omnes
414 2143 493 2198 MSS.
521 2143 623 2196 ordine
648 2145 780 2199 suaviore
810 2147 860 2201 itta
893 2145 1107 2198 Graecorum
1139 2159 1223 2212 pra·

72 2216 201 2273 certio.
825 2234 828 2239 ·
1001 2222 1003 2227 ’

142 2285 210 2342 *In
247 2288 336 2344 Quam
354 2293 448 2341 tamen
465 2286 643 2340 Democritus
661 2284 863 2340 -aaimmem
880 2301 941 2340 esse
964 2284 1094 2351 uoluit]
1113 2285 1226 2353 Repoae
1279 2313 1289 2334 ι

71 2379 107 2416 ex
125 2361 230 2412 nostris
248 2359 378 2412 omnibus
395 2358 451 2411 nott
468 2373 523 2428 pro
541 2356 638 2411 uoluit.
676 2358 715 2410 Et
732 2372 810 2420 mox,
828 2371 882 2426 pro
901 2357 952 2408 Ea
971 2357 1096 2425 quitus
1120 2356 1224 2422 omnia,

71 2441 105 2483 ut
124 2431 200 2484 MSS.
220 2430 313 2483 nostri
330 2428 447 2494 babent,
466 2429 580 2482 Nonius
603 2429 681 2480 inm
701 2427 819 2480 Gonaat
837 2427 934 2479 locum
951 2426 1029 2479 bunc
1047 2427 1148 2494 citans,
1173 2428 1226 2481 ba·

72 2503 122 2555 bet
142 2502 229 2555 unde
248 2499 351 2566 omnia,
371 2507 401 2552 et
419 2501 460 2552 ita
477 2499 567 2552 codex
585 2499 675 2553 Nonii
693 2498 936 2573 cantabrigiensis
955 2501 1007 2554 800
1024 2515 1166 2552 annorum
1179 2499 1224 2552 Ea

25 2631 34 2642 ‚
73 2574 173 2644 quibus
192 2580 234 2624 est
251 2571 454 2641 interpretatio
472 2571 521 2624 τοῦ
539 2571 630 2624 ande.-

113 2646 115 2652 '
144 2641 163 2680 ’⁸‘
182 2643 249 2714 Gap.
270 2646 313 2698 19.
349 2642 461 2695 lanatus
485 2641 618 2706 (animus)
642 2657 676 2694 ea
697 2640 793 2694 anina
815 2638 892 2694 tenui
918 2647 946 2695 et
970 2658 1004 2695 aa
1029 2641 1224 2696 reuerentia

74 2721 231 2784 temperato,
261 2712 374 2783 ignibus
398 2712 523 2780 insistit]
565 2713 662 2767 Codex
685 2712 813 2767 Gallicus
844 2713 975 2766 omnium
1001 2713 1176 2767 veterrimus
1209 2732 1225 2766 a

74 2786 169 2855 prima
190 2804 278 2838 manu
301 2785 314 2838 i
319 2785 429 2850 untia,
456 2785 506 2836 sed
524 2801 540 2837 a
558 2783 682 2837 secunda
699 2785 928 2854 superscriptum
946 2792 988 2837 est
1005 2783 1157 2837 iunctus.
1183 2783 1226 2838 'Et

75 2871 153 2922 rnox,
183 2858 302 2909 satorem
323 2857 439 2922 adeptus
466 2862 528 2920 eet,
563 2854 640 2907 nulli
669 2873 704 2907 ex
728 2855 835 2907 nostris
862 2854 941 2907 codd.
970 2862 1129 2929 agnoscunt
1160 2860 1223 2908 est.

73 2929 154 3001 Ergo
173 2935 250 2979 totus
267 2927 356 2988 locus,
382 2941 455 2978 eam
471 2926 551 2978 modo
569 2925 644 2979 siin
663 2932 731 2979 tum
749 2926 915 2990 mutaveris,
943 2926 983 2978 sic
1011 2925 1226 2978 constituendus

74 3007 132 3052 ests
161 3001 276 3063 „Quam
295 2995 438 3066 regionem
462 3013 543 3066 qaum
559 2996 702 3064 euomuit
720 2997 838 3060 animas,
867 2996 1049 3065 naturamque
1077 2993 1125 3047 sai
1142 2995 1226 3048 eimi-

74 3072 128 3123 lem
147 3068 271 3137 contigit
295 3074 322 3120 et
341 3067 466 3136 agnovit,
491 3069 627 3122 iunctis
640 3085 680 3122 ea
699 3070 793 3122 anima
815 3067 892 3120 tenui
915 3075 942 3121 et
966 3084 1000 3120 ee
1025 3067 1129 3119 ardore
1156 3065 1227 3120 eolis

74 3147 227 3206 temperato
245 3139 359 3206 ignitae
376 3139 488 3192 insistit.
526 3139 605 3191 Tum
624 3139 697 3192 enim
715 3139 761 3193 sai
778 3137 903 3192 similem
926 3146 953 3191 et
971 3137 1112 3192 lenitatem
1136 3144 1161 3191 et
1179 3153 1226 3191 aa·

75 3213 163 3266 torem
181 3213 306 3280 adeptas,
332 3217 462 3279 tanquam
478 3210 594 3275 paribus
611 3210 782 3264 examinatus
798 3211 963 3278 ponderibus
981 3212 1088 3264 nuttam
1111 3207 1142 3262 in
1158 3223 1227 3278 par-

75 3291 130 3336 tem
147 3282 303 3336 mouetur.“
337 3280 509 3334 Emendatio
527 3283 680 3351 perspicua
699 3290 748 3334 est.

144 3351 164 3388 *
181 3355 253 3411 ibid.
290 3351 465 3407 Pataitam
482 3351 564 3405 ittam
582 3359 609 3406 et
626 3354 731 3405 aunam
755 3351 970 3420 philosophiam]
1008 3352 1057 3406 Sic
1080 3362 1226 3422 reponunt

76 3442 112 3478 ex
127 3426 233 3491 Nonio,
252 3427 281 3476 in
300 3443 329 3480 v.
348 3423 500 3478 Putritum.
537 3422 627 3492 Atqui
645 3423 737 3475 nostri
756 3438 852 3476 omnes
870 3424 981 3477 codices
1003 3424 1055 3477 hio
1079 3425 1225 3489 exhibent,

76 3495 234 3550 Patriam
257 3496 339 3549 ittam
357 3502 383 3548 et
405 3494 519 3548 auitam.
555 3495 657 3564 Neque
676 3488 771 3546 Nonio
789 3495 877 3548 fidem
901 3495 1045 3557 hebemus,
1081 3513 1173 3564 qaum
1196 3503 1226 3548 et

75 3567 147 3619 alibi
162 3566 240 3631 (Aet.
259 3569 283 3620 1.
302 3569 386 3619 Verr.
406 3585 467 3637 cap.
487 3565 526 3632 ὅ.)
545 3566 648 3620 Cicero
664 3564 823 3618 Patriam
847 3582 906 3619 rem
930 3573 955 3619 et
976 3564 1084 3620 auitam
1108 3566 1226 3632 dixerit,

76 3655 216 3706 nusquam
232 3639 377 3704 patritam.
1167 3666 1170 3671 ·

148 3706 215 3777 Cap.
233 3710 277 3762 to.
314 3707 426 3761 Etenim
447 3711 477 3764 si
496 3725 570 3762 nanc
596 3705 707 3777 aliquid
733 3706 847 3777 assequi
867 3724 898 3760 se
914 3715 1022 3774 putant,
1050 3709 1099 3776 qui
1121 3708 1228 3763 ostium

74 3777 158 3832 Ponti
181 3777 316 3832 viderunt
335 3800 368 3821 -s
392 3786 441 3832 aut
466 3780 492 3833 ii
515 3781 562 3850 qui
574 3779 687 3834 Oceani
711 3781 784 3845 freta
811 3780 865 3833 iila
884 3780 1054 3847 viderunte]
1092 3778 1226 3845 Attende,

78 3850 206 3914 obsecro,
224 3849 259 3900 ad
276 3850 380 3901 seriem
397 3851 549 3905 orationis:
570 3861 600 3904 et
617 3851 737 3916 videbis,
756 3850 877 3920 admisso
896 3851 949 3902 illo
968 3851 1105 3914 viderant,
1130 3866 1230 3903 neces-

78 3921 153 3974 sario
172 3919 295 3988 requiri,
313 3927 347 3972 ut
363 3920 481 3986 dixerit,
498 3922 610 3992 aliquid
628 3929 859 3975 assecutores
877 3926 990 3989 natante
1018 3920 1129 3990 alioqui
1153 3929 1229 3974 tem-

78 4008 182 4062 porum
202 3990 276 4042 ratio
294 4007 351 4042 non
369 3990 424 4043 sibi
442 3994 591 4050 constabit.
628 3991 683 4045 Sed
700 4001 797 4045 tamen
815 3992 871 4044 alia
888 3993 936 4044 via
961 3992 1097 4045 tentanda
1114 3992 1227 4045 curatio

79 4071 130 4115 est.
156 4064 233 4146 Lege
252 4062 341 4114 enim:
362 4061 474 4114 Etenim
491 4063 519 4114 si
537 4080 607 4117 nanc
625 4063 735 4130 aliquid
753 4062 865 4132 assequi
882 4079 914 4116 se
931 4069 1036 4128 putam,
1057 4061 1105 4132 qui
1123 4061 1227 4115 ostium

77 4133 163 4188 Ponti
179 4132 342 4217 auderint
360 4165 393 4188 2·-
413 4137 463 4186 aut
480 4131 504 4186 ii
522 4135 571 4202 qai
587 4133 691 4187 Oceam
706 4133 855 4198 fretaitta
877 4135 1048 4190 viderint.
1085 4136 1139 4188 Res
1162 4133 1226 4203 ipse

77 4221 132 4275 per
146 4206 493 4330 ’iePliiatniiitsiiariitiddez
514 4273 596 4344 (quod
612 4275 720 4328 cedmae
736 4283 830 4329 tamen
847 4291 942 4330 omnes
960 4276 1119 4347 ingerunt.)

92 4390 95 4397 .
147 4342 166 4381 *
183 4347 253 4400 lbid.
292 4347 329 4402 Ut
355 4364 409 4401 noa
435 4347 546 4410 eatam
569 4343 712 4414 Ptyeioi
738 4347 842 4410 docem,
869 4349 1075 4412 verumetiam
1101 4345 1225 4416 medici]

76 4417 153 4472 MSS.
174 4417 259 4471 Godd.
280 4419 457 4484 concinnius,
477 4422 506 4471 ut
524 4433 577 4472 non
595 4415 745 4487 Pbysici
763 4419 872 4471 satam
888 4417 995 4474 docent.
