2856 5084
470 324 625 389 ‘menn
644 311 690 400 v,'
711 327 762 392 so.
851 284 853 288 '
1151 328 1210 394 m

62 495 125 556 mn
156 492 251 556 bonis
282 501 340 554 aut
371 490 525 554 omnibus
557 502 633 569 aut¹
653 492 804 554 maximis
837 491 915 569 frui,
954 500 992 551 ut
1024 490 1210 562 Carneades

61 581 180 638 eorstra
200 573 331 636 Stoicos
359 571 551 638 disserebat.
595 573 688 637 Haec
709 576 818 659 igitur
838 574 1019 656 simplicia3
1049 574 1104 635 illa
1125 577 1211 636 mix-

38 665 110 744 ta:
141 657 209 719 tria
239 676 363 744 genera
394 657 571 736 bonorum,
602 658 745 720 maxime
777 657 888 730 enimi,
919 654 1064 719 secunda
1093 676 1211 738 corpo·
1229 665 1273 717 85.

53 845 178 899 'modum
196 846 234 897 sit
251 846 419 898 verisimile.
444 844 499 898 Sed
512 860 570 898 non
580 844 664 914 plane
684 845 851 898 destituitur
868 844 955 896 lectio
974 852 1070 897 nostra
1080 844 1212 898 codicum

64 915 243 970 auctoritate.
279 917 332 969 Est
350 917 428 969 enim
447 916 479 967 in
496 915 590 967 tribus
608 915 678 968 Oxx.
698 914 781 967 Vind.
803 918 827 970 l.
848 914 922 968 (tud.
942 919 968 969 1.
996 917 1085 982 (certe
1104 917 1135 968 in
1153 919 1213 970 col·

60 986 167 1040 latione
185 995 283 1039 nostra
300 988 412 1039 nullam
431 986 529 1038 omissi
547 985 628 1037 illius
656 986 780 1038 nominis
799 986 1039 1060 significationem
1063 988 1210 1058 reperiet)

60 1058 149 1110 Marb.
169 1057 255 1110 Abest
274 1058 380 1111 doloris
404 1056 520 1109 anullo
537 1056 590 1109 Ed.
612 1062 752 1126 quantum
770 1057 883 1121 scimus,
911 1057 967 1108 nisi
986 1057 1019 1108 ab
1037 1057 1090 1111 Ed.
1109 1061 1139 1111 P.
1177 1060 1212 1112 lu

59 1128 128 1182 (lod.
148 1129 222 1182 Gud
242 1131 276 1197 2.
289 1128 442 1181 scribitur:
472 1125 531 1180 nisi
548 1126 776 1194 uoluptatem,
800 1132 831 1179 at
849 1125 1045 1198 Hieronymus,
1071 1129 1102 1181 in
1120 1128 1209 1183 liehd.

59 1199 120 1253 nisi
143 1199 199 1252 uti
220 1197 387 1252 vacuitate:
423 1197 473 1249 ubi
504 1197 631 1272 agnoscis
658 1215 776 1251 inanum
802 1200 984 1251 correctoris.
1022 1200 1055 1251 ln
1083 1203 1157 1254 Mon.
1184 1204 1208 1257 l.

30 1292 33 1300 ¹
57 1271 201 1340 scriptum
220 1278 263 1323 est
280 1268 414 1322 Hieroni
421 1282 497 1320 mus:
516 1267 569 1321 sil
585 1269 699 1334 bontem3
717 1286 790 1320 unus
810 1269 859 1322 Ox.
880 1269 993 1322 omittit
1017 1276 1056 1322 ut.
1094 1272 1155 1324 Mr.

129 1347 249 1394 naturae
264 1339 367 1408 primis
384 1339 473 1406 bonis]
503 1340 677 1405 ‚,M.‚Varro
692 1338 870 1409 primigenia
887 1349 981 1407 vocat,
1001 1359 1073 1409 quae
1094 1343 1211 1396 llb'l'ul-

55 1411 117 1466 lius
132 1410 230 1480 prima
248 1417 376 1473 naturae,
395 1427 467 1479 quae
485 1409 590 1463 Graeci
620 1410 653 1463 ul
671 1417 769 1481 spata
788 1409 897 1484 φύσεως
918 1412 1079 1482 appellanti
1106 1412 1138 1466 in
1163 1413 1210 1466 his
1236 1468 1237 1472 ,

57 1490 212 1535 numerant
237 1482 466 1542 incolumitatem
484 1482 788 1552 conservationemque
812 1483 943 1536 omnium
967 1484 1105 1554 partium,
1133 1484 1210 1537 vale·

56 1554 201 1618 tudinem,
226 1570 322 1605 sensus
350 1552 488 1626 integros,
516 1551 623 1606 doloris
640 1552 820 1616 vacuitatem,
848 1553 935 1618 vires,
956 1565 959 1569 ’
979 1551 1210 1608 rsschritudinem

58 1633 212 1694 ceteraque
230 1622 344 1699 generis
362 1623 498 1678 eiusdem.
536 1621 675 1677 Carneadi
699 1624 761 1677 frui
782 1625 936 1709 principiis
958 1571 1006 1677 lis
1033 1625 1213 1679 naturalibus·

59 1713 118 1749 esse
136 1703 298 1748 extremum
314 1693 455 1757 bonorum
471 1693 631 1746 videbatur.
668 1692 856 1768 Augustinus,
879 1697 961 1748 Inter
974 1697 1070 1763 prima
1089 1703 1210 1751 naturae

58 1773 131 1831 sunt,
150 1761 255 1834 inquit,
274 1763 353 1818 baec:
372 1767 416 1818 vel
435 1762 609 1832 incorpore,
639 1770 669 1817 ut
687 1766 871 1820 membrorum
895 1767 1060 1834 integritas,
1086 1774 1113 1821 et
1130 1767 1209 1820 salue

59 1842 142 1906 atque
159 1835 338 1889 incolumitas
356 1835 430 1888 eius:
450 1835 495 1886 uel
511 1837 542 1888 in
560 1836 662 1902 animo,
683 1842 713 1888 ut
731 1843 792 1890 sunl
807 1852 849 1903 ea,
869 1852 936 1907 quae
951 1839 1094 1905 paruaoel
1103 1853 1208 1908 stagna

58 1905 246 1960 inhominem
262 1906 443 1974 reperiuntur
460 1905 593 1974 ingeniis.
621 1906 749 1972 Quatuor
766 1917 863 1962 autem
881 1916 957 1973 sunt,
977 1926 1049 1978 quae
1066 1909 1208 1976 homines,

57 1979 121 2030 sine
140 1976 286 2049 magistro,
306 1978 367 2028 sine
386 1976 448 2027 ullo
467 1976 614 2029 doctrinae
632 1977 819 2043 adminiculo,
837 1979 898 2032 sine
916 1979 1026 2031 virtute
1036 1980 1210 2032 naturaliter

57 2055 212 2118 appetunt:
242 2047 438 2117 Voluptatem,
466 2064 522 2114 qua
549 2046 760 2100 delectabiliter
786 2058 920 2102 ruovetur
943 2049 1072 2120 corporis
1097 2067 1207 2103 seusus:
1293 2088 1295 2094 -

58 2120 196 2188 quietem,
225 2132 281 2186 qua
298 2119 342 2182 fit,
367 2126 400 2169 ut
425 2118 536 2169 nullam
563 2117 725 2169 molestiam
749 2120 876 2190 corporis
895 2120 1045 2190 quisquam
1089 2121 1207 2174 atiatur:

59 2198 110 2242 aut
126 2197 283 2258 utrumque
306 2189 403 2255 simul,
430 2197 479 2240 aut
505 2188 600 2258 prima
624 2196 750 2242 naturae.
788 2192 864 2245 Haec
891 2199 1023 2261 quatuor,
1051 2139 1143 2246 idest
1159 2209 1210 2245 vo·

59 2260 164 2329 luptas,
189 2260 285 2328 quies,
314 2269 484 2327 utrumque,
512 2259 607 2329 prima
630 2268 759 2325 naturae,
784 2262 822 2314 ita
848 2270 914 2313 sunt
938 2262 970 2311 in
994 2261 1084 2326 nobis,
1109 2270 1143 2313 ut
1161 2262 1210 2314 vel

56 2330 160 2396 virtus,
180 2347 265 2399 quam
282 2339 381 2400 postea
399 2328 531 2381 doctrina
549 2330 662 2393 inserit,
681 2339 803 2400 propter
820 2331 890 2384 haec
909 2329 1067 2402 appetenda
1085 2331 1132 2397 sit,
1160 2339 1210 2385 aut

58 2401 112 2453 ista
129 2408 251 2524 propter
268 2400 419 2463 virtutem,
439 2408 486 2450 aut
504 2407 627 2468 utraque
643 2408 765 2470 propter
782 2417 812 2453 se
831 2400 923 2471 ipsa.“
958 2401 1129 2456 Beroaldus.

156 2472 195 2524 ise
220 2476 338 2523 naturae
359 2469 463 2538 primis
490 2468 578 2534 bonis]
615 2470 703 2522 Janus
727 2471 902 2525 Gulielmius
929 2490 965 2526 ex
983 2473 1149 2526 coniectura
1167 2475 1210 2527 le·

57 2542 152 2616 gebat,
171 2541 229 2595 nisi
246 2545 365 2593 naturae
383 2539 518 2610 plurimis
535 2539 623 2594 bonis.
657 2540 712 2595 Sed
730 2560 745 2594 a
763 2559 848 2614 scopo
866 2559 982 2613 prorsus
1001 2545 1145 2598 aberravit
1161 2545 1210 2598 vir

59 2612 197 2666 eruditus.
233 2610 330 2663 Prima
353 2618 469 2664 naturae
492 2619 558 2662 sunt
584 2629 650 2664 sena
672 2630 763 2677 mens,
792 2615 927 2667 valetudo
953 2632 1101 2685 prospera,
1132 2622 1162 2667 et
1184 2614 1208 2668 si

60 2699 116 2752 qua
134 2682 250 2735 similia.
286 2683 394 2735 Noster
420 2681 455 2734 de
473 2680 523 2733 fin.
542 2681 592 2734 lib.
608 2683 651 2739 ,11.
678 2685 808 2754 cap..X1.
848 2686 992 2740 Carneadi
1015 2687 1077 2738 frui
1100 2687 1210 2756 princi·

57 2754 116 2824 piis
134 2753 310 2806 naturalibus
328 2758 396 2806 esset
414 2759 573 2806 extremum.
610 2754 651 2806 Ea
670 2756 769 2824 paullo
788 2765 853 2809 ante
870 2758 1033 2810 nominaret
1046 2755 1142 2826 prima
1160 2764 1210 2809 nai

58 2823 174 2880 astralia.
209 2823 289 2876 ldem
311 2823 362 2876 lib.
381 2825 415 2879 V.
442 2840 502 2892 cap.
522 2824 549 2878 l.
587 2824 643 2877 Ab
656 2822 701 2878 dis
727 2826 798 2891 alia,
830 2843 899 2897 quae
932 2829 1026 2897 prima
1054 2827 1210 2880 secundum

59 2905 190 2947 naturam
209 2893 364 2959 nominant,
380 2895 608 2961 proficiscuntur:
632 2894 664 2948 in
691 2898 788 2962 quibus
811 2905 955 2951 numerant
977 2897 1209 2960 incolumitatem,

58 2964 343 3033 conservationemque
361 2967 483 3018 omnium
505 2967 642 3033 partium.
666 2968 860 3034 ualetudinem,
884 2983 983 3021 sensus
1004 2968 1134 3035 integros
1152 2976 1207 3021 etc.
1249 3029 1251 3035 Ι

59 3037 191 3112 Agellius
214 3038 251 3093 N.
270 3034 303 3088 A.
330 3036 381 3091 lib.
401 3036 464 3088 ΧΠ.
490 3053 550 3105 cap.
571 3039 596 3091 5.
637 3036 664 3087 Α
687 3037 825 3092 ueteribus
849 3036 1024 3107 pbilosophis
1054 3038 1089 3092 ed
1114 3038 1210 3109 repaire
1275 3042 1277 3046 '

59 3108 127 3162 tarel
145 3108 232 3178 φύσιν
249 3108 396 3176 appellata·
414 3113 486 3170 suut,
510 3113 541 3157 ut
558 3108 683 3160 omnibus
701 3108 810 3162 scilicet
837 3111 964 3180 corporis
988 3109 1035 3162 eni
1059 3109 1210 3164 comomdie

58 3178 202 3246 gauderet,
227 3179 261 3231 ab
278 3177 459 3230 incommodis
477 3176 601 3230 omnibus
627 3175 797 3232 obhorreret.
836 3181 978 3233 Lucienus
1001 3182 1081 3233 Βίων
1108 3179 1208 3251 πράσει

58 3250 139 3303 Tam.
159 3249 181 3301 1.
209 3268 239 3336 p.
258 3250 320 3304 384.
355 3249 425 3319 Περὶ
448 3243 481 3301 eie
508 3253 604 3317 πρώτα
628 3249 695 3301 κατὰ
722 3244 808 3318 φύσιν
830 3246 1062 3321 καταγενὴσομαι·
1087 3251 1209 3320 λέγωδὲ

58 3324 188 3380 πλοῦτον,
207 3322 313 3387 arsiae,
332 3321 378 3372 eal
394 3315 428 3373 τὰ
446 3325 567 3371 τοιαῦτα.
604 3320 674 3371 Vide
699 3329 728 3372 et
746 3319 884 3374 Senecam
901 3323 996 3392 Epist.
1016 3322 1113 3375 LXVI.
1151 3322 1188 3374 D.

86 3414 89 3419 ·
130 3391 189 3444 nisi
213 3398 329 3443 naturae
354 3389 459 3457 primis
477 3388 557 3442 bonis
575 3395 622 3442 aut
647 3390 781 3456 omnibus]
805 3390 921 3445 ‘Acadd
942 3394 978 3445 11.
997 3394 1040 3447 4².
1068 3395 1132 3448 let:
1159 3393 1209 3445 In·

58 3462 218 3516 troducebat
236 3463 321 3514 etiam
338 3461 508 3525 comendes,
533 3477 587 3514 non
606 3476 656 3530 quc
672 3462 811 3528 probaret,
835 3460 885 3516 sed
911 3463 942 3516 ul
963 3468 1112 3531 opponeret
1131 3462 1209 3525 Stoi-

58 3533 108 3598 cis,
127 3548 263 3585 summum
279 3533 378 3586 bonum
396 3547 467 3595 esse,
485 3531 547 3596 frui
564 3531 604 3584 iis
622 3532 713 3602 rebus,
732 3548 799 3601 quas
814 3533 925 3600 prinms
948 3532 1051 3587 natura
1075 3533 1209 3588 concilia·

58 3603 153 3656 visset.
174 3602 255 3656 Conl'.
275 3603 416 3660 Goerenz.
435 3603 470 3654 ad
488 3601 548 3655 cic.
567 3601 672 3657 Acadd.
692 3604 715 3655 l.
734 3607 761 3659 6.
780 3607 822 3661 Ὢ.
842 3622 870 3672 p·
890 3608 935 3660 37.
963 3613 992 3657 et
1016 3603 1102 3657 adde
1121 3605 1208 3662 Finn.

58 3674 344 3742 1V.6.15.p.4te.
370 3682 401 3726 et
426 3673 460 3724 ad
485 3674 676 3743 posteriorem
701 3675 819 3743 quidem
843 3676 938 3728 locum
956 3677 1135 3730 Goerenzius
1159 3693 1210 3728 no-

58 3753 120 3798 stro
138 3743 202 3795 loco
221 3758 322 3794 vocem
339 3744 418 3796 bonis
435 3751 468 3794 ut
485 3744 608 3818 glossam
626 3743 749 3798 deletam
766 3746 848 3798 vult:
875 3747 960 3816 quod,
986 3756 1020 3799 ut
1043 3747 1117 3798 mihi
1144 3747 1211 3815 qui·
1271 3792 1273 3796 ,

57 3814 123 3870 dem
141 3813 265 3877 videtur,
285 3813 390 3866 merito
407 3812 475 3864 fieri
492 3823 572 3868 vetat
590 3815 718 3869 Handius
736 3817 767 3867 in
784 3817 988 3871 Tursellinol..
1002 3835 1029 3887 p.
1050 3818 1111 3872 582.
1130 3814 1209 3881 Quod

58 3902 128 3939 vero
148 3883 241 3938 estin
260 3882 328 3936 (lod.
347 3882 443 3935 Duisb.
461 3893 570 3942 mutato
588 3887 691 3940 ordine
709 3894 829 3941 naturae
846 3888 925 3941 donis
939 3886 1058 3955 primus,
1077 3885 1209 3937 idalium

60 3954 225 4026 quempiam
243 3956 361 4006 tortasse
380 3956 576 4020 commoverit,
596 3965 628 4009 ut
647 3957 694 4008 illi
713 3959 777 4011 viro
795 3958 961 4010 assentiret:
980 3971 1031 4008 nos
1050 3970 1107 4006 non
1127 3955 1212 4011 item:

59 4027 152 4080 Verba
169 4030 217 4078 aut
235 4025 359 4078 omnibus
383 4024 484 4077 desum
508 4025 541 4076 in
556 4026 610 4080 Ed.
629 4026 662 4078 A.
698 4027 740 4080 De
767 4027 978 4102 significatione
1003 4025 1122 4094 repetiti
1147 4031 1206 4091 aut,

60 4105 195 4168 quaeest
222 4096 241 4147 i.
262 4112 289 4165 q.
313 4095 357 4146 vel
380 4099 460 4148 certe.
486 4095 545 4150 vid.
565 4096 726 4150 Gernhard.
752 4097 787 4149 ad
810 4096 871 4150 Gis.
891 4098 969 4152 Lael.
981 4101 1033 4161 111,
1052 4097 1094 4151 38.
1113 4112 1142 4178 p·
1161 4097 1206 4152 86.

60 4170 142 4222 Unus
160 4167 211 4220 Ox.
231 4183 284 4236 pro
302 4166 456 4218 disserebat
475 4164 592 4219 exhibet
611 4165 780 4234 disputabat.
818 4168 917 4242 Pergit
936 4167 1009 4224 Gud.
1030 4163 1096 4220 baec
1114 4168 1210 4234 egitur

60 4243 139 4292 ssent
156 4236 306 4306 simplicia,
324 4237 408 4289 Vind.
430 4241 454 4291 l.
474 4234 540 4289 baec
558 4235 651 4304 igitur
669 4238 876 4307 disciplina.
913 4237 973 4291 Mr.

133 4308 194 4361 tria
212 4324 317 4375 genera
334 4308 489 4374 bonorum]
525 4307 598 4373 „Gt
619 4323 704 4377 supra
721 4310 768 4363 lv,
788 4310 832 4363 29.
850 4310 895 4364 62.
916 4309 1034 4361 Aristot.
1053 4309 1122 4362 Eth.
1142 4311 1207 4362 Nic.

61 4381 84 4432 l.
104 4381 131 4436 8.
150 4395 211 4449 pro.
238 4377 320 4447 [ibiq.
338 4380 412 4433 Zell.
431 4398 459 4450 p·
479 4378 535 4444 st]
551 4376 614 4433 Cic.
634 4379 668 4431 de
686 4378 771 4431 Finn.
791 4378 828 4434 11.
849 4383 891 4434 ll.
926 4379 1035 4433 Seneca
1052 4381 1144 4450 Epist.
1164 4382 1207 4437 88.

61 4449 145 4523 Diog.
164 4449 195 4501 V.
207 4451 249 4506 3⁰.
271 4449 439 4519 Alciphron.
460 4451 513 4506 111.
534 4450 576 4506 55.
597 4467 663 4504 cum
681 4450 757 4505 notis
770 4467 801 4520 p.
817 4453 874 4507 169.
894 4450 1048 4506 Ruhnken.
1069 4453 1102 4505 ad
1119 4453 1208 4506 Rutil.
