2856 5084
130 345 132 351 η
220 216 280 327 ne
424 257 921 335 o1cmon1sunecomn.
943 257 1171 327 neroum.

95 801 194 897 'a

218 426 275 508 qui
302 425 411 495 multis
423 427 527 488 annis
549 434 626 508 post
642 427 720 506 ruis,
739 424 983 496 Archimedem.
1019 424 1122 490 Cuius
1134 441 1195 511 ego
1212 434 1370 507 quaestor

218 511 410 594 ignoratum
420 509 459 570 ab
468 508 694 589 Syracusanis,
704 526 806 592 quum
815 529 884 573 esse
893 512 1027 573 omnino
1036 518 1208 597 negarent,
1216 519 1369 590 saeptum

216 590 362 674 undique
376 601 410 654 et
424 594 582 655 vestitum
593 594 755 676 vepribus
769 601 802 656 et
824 592 967 657 dumetis
989 592 1154 679 indagavi
1167 594 1368 674 sepulerum.

217 673 386 736 Tenebam
408 678 496 736 enim
518 675 676 758 quosdam
696 677 888 754 senariolos,
912 696 992 758 quos
1014 679 1051 736 in
1066 679 1138 740 eius
1152 685 1368 743 monumento
1402 682 1405 687 ’

156 780 160 788 ’
216 775 287 817 esse
313 759 494 839 inscriptos
522 777 732 839 acceperamt
762 761 834 840 qui·
849 759 1074 836 declarabant,
1104 762 1140 820 in
1168 780 1298 821 summo
1319 781 1368 822 se-

216 839 334 922 pulcro
359 839 535 919 sphaeram
567 859 637 902 esse
666 843 808 925 positam
838 855 914 903 cum
942 841 1103 923 cylindro.
1154 843 1223 927 Ego
1244 851 1366 918 autem,

216 942 319 1003 quum
341 926 452 985 omnia
473 925 702 986 collustrarem
723 925 829 999 oculis
851 924 914 1001 (est
935 927 1023 987 enim
1044 923 1086 987 ad
1108 934 1224 1007 portas
1243 924 1368 987 Achra-

215 1106 339 1159 diximus
358 1106 393 1158 ad
409 1105 459 1157 lib.
480 1105 519 1156 11.
539 1107 575 1159 N.
595 1106 631 1159 D.
650 1123 710 1176 cap.
722 1110 763 1162 18.
796 1107 973 1182 Augustinus
991 1108 1084 1179 Epist.
1103 1108 1223 1162 XXXIX.
1243 1067 1365 1186 pagbo.

213 1178 329 1247 (Bened.
348 1177 441 1248 Epist.
460 1177 572 1242 XXVI.)
685 1226 688 1231 ,
1006 1228 1008 1232 .

217 1265 232 1301 ·.
325 1265 327 1269 ·
379 1250 450 1302 Inde
467 1250 621 1316 figurarum
636 1248 745 1316 positas
762 1249 824 1320 sine
844 1252 956 1319 pulvere
974 1251 1084 1318 formae
1148 1267 1154 1271 ·

299 1371 302 1374 Α
380 1318 465 1389 Posce
484 1330 602 1377 annena.
641 1334 650 1375 2
1228 1330 1230 1335 ⁴

213 1391 291 1467 Lege
316 1390 437 1461 positor
451 1389 489 1443 s'n
513 1389 625 1458 pulvere
650 1391 766 1457 formas.
820 1392 896 1445 Hinc
918 1390 1030 1447 ‘Seneca
1062 1389 1155 1460 Epist.
1185 1392 1365 1455 LXXXVIII.

212 1463 312 1516 Itane?
342 1465 374 1517 ia
393 1461 565 1515 Geometre'ae
582 1460 704 1531 pulvere
722 1460 860 1515 haerebo?
892 1462 972 1535 Idem
989 1462 1081 1532 Epist.
1101 1463 1223 1516 LXXIV.
1265 1460 1367 1519 Utrum

212 1528 348 1588 malorem
365 1549 404 1588 an
421 1535 556 1587 minorem
574 1534 708 1585 circatam
726 1534 844 1596 scribae,
868 1535 907 1586 ad
932 1533 1052 1602 epatr'nm
1077 1531 1137 1586 eina
1151 1535 1285 1603 pertinet,
1312 1553 1366 1590 non

212 1607 252 1659 ad
269 1607 404 1672 foratam:
431 1607 496 1658 licet
515 1605 590 1660 alter
608 1602 656 1656 dia
674 1604 817 1670 manserit,
842 1607 962 1658 alteram
980 1603 1076 1665 statim
1094 1603 1254 1672 obduxeris,
1282 1613 1310 1660 et
1327 1606 1365 1660 r'n

211 1693 280 1730 eam
306 1693 358 1745 quo
383 1675 505 1745 scriptae
531 1682 573 1728 est
593 1676 771 1742 paloerem
797 1677 925 1744 solaeriq,
956 1675 988 1728 ia
1012 1675 1108 1729 eadem
1127 1683 1248 1747 ⁴aterque
1271 1680 1365 1744 forma

210 1748 275 1814 fait.
314 1748 449 1871 lbiDvide
471 1747 540 1800 lust.
560 1747 701 1817 Lipsium‚
726 1756 818 1800 utet
841 1749 923 1803 Joan.
942 1747 1102 1801 Brodaeum
1128 1749 1249 1802 Miscell.
1270 1749 1321 1802 lib.
1340 1748 1363 1801 1.

211 1834 242 1872 ca
264 1855 272 1871 .
294 1823 317 1874 l.
384 1855 391 1870 .

243 1836 371 1944 Pcar'ea
390 1905 442 1957 ego
462 1883 602 1958 quaestor]
622 1889 735 1956 „Quum
753 1889 854 1943 Sicilia
872 1889 977 1943 duobus
996 1883 1193 1958 quaestoribus
1211 1891 1274 1966 regi
1293 1892 1364 1946 sole·

209 1966 265 2026 ret,
283 1977 340 2013 uno
359 1960 535 2030 Lilybitano,
558 1960 657 2014 'altero
677 1961 868 2032 Syracusan03
897 1962 934 2015 M.
955 1960 1069 2023 Tullius
1086 1962 1269 2031 Lilybitanus
1296 1965 1363 2031 fuit,
1406 2029 1409 2032 ἢ

208 2029 294 2085 Sexto
312 2031 458 2084 Peducaeo
476 2040 618 2100 praetore.
654 2032 696 2085 De
714 2032 768 2084 hac
794 2030 853 2084 sua'
868 2041 1021 2101 quaestura
1047 2033 1148 2084 scribit
1175 2032 1235 2103 ipse
1254 2032 1364 2087 affatim

208 2103 240 2159 iu
257 2103 390 2155 Verrinis
409 2111 439 2156 et
456 2103 487 2153 in
501 2102 635 2154 Oratione
654 2119 707 2171 pro
725 2103 850 2168 Plancio,
870 2103 919 2155 ubi
933 2103 974 2155 ait
987 2102 1096 2158 nulline
1110 2103 1141 2156 in
1155 2102 1259 2158 Sicilia
1278 2122 1363 2174 qaae-

207 2179 314 2227 atnram
332 2179 381 2226 aat
397 2172 554 2240 gratiorem
573 2179 620 2224 aut
638 2173 789 2227 clariorem
806 2189 856 2226 saa
876 2171 971 2239 faisse.
993 2174 1051 2240 [Or.
1068 2191 1122 2244 pro
1134 2175 1230 2230 Plane.
1245 2193 1268 2229 c.
1282 2175 1363 2241 26·]“

206 2243 342 2298 Beroald.
372 2244 453 2298 conf.
474 2243 607 2297 Schtitzii
630 2245 699 2297 Lex.
720 2246 783 2314 Cic..
797 2245 831 2297 T.
852 2246 929 2313 1.>p.
950 2245 1009 2300 lot.
1037 2245 1103 2301 Fre.
1123 2246 1235 2301 Fabrie.
1255 2250 1362 2301 Mareo-

206 2309 269 2369 dur.
290 2317 322 2368 in
341 2316 414 2372 Hist.
433 2316 494 2370 Cio.
514 2333 538 2367 a.
557 2316 592 2369 U.
613 2317 674 2371 678.
695 2317 849 2385 pso-38.
870 2315 912 2367 ed.
933 2317 1004 2370 Ern.
1041 2316 1168 2369 Histoire
1183 2317 1221 2370 de
1240 2318 1362 2373 ciceron

228 2404 260 2438 ar
284 2388 422 2440 Morabin.
442 2387 476 2440 T.
496 2387 519 2438 Ι.
539 2403 566 2456 p.
586 2388 621 2441 33
637 2405 680 2456 sq.
700 2386 733 2439 T.
753 2385 807 2439 111.
826 2402 854 2455 p.
876 2377 930 2438 CV.
946 2385 1130 2441 CCCLXVH.
1151 2407 1192 2458 sq.
1214 2419 1247 2432 ·-
1283 2387 1362 2443 Scri-

205 2404 287 2510 bitur
305 2457 338 2509 in
355 2474 412 2510 uno
433 2458 483 2510 Ox.
509 2473 560 2522 ego
587 2463 755 2525 questam
782 2457 814 2508 in
833 2456 919 2512 Godd.
939 2456 1022 2508 Vind.
1045 2463 1068 2513 1.
1088 2461 1114 2514 2.
1131 2461 1218 2512 lllon.
1240 2464 1264 2514 l.
1285 2461 1359 2514 Gud.

205 2527 303 2582 Duisb'.
331 2546 349 2582 a
374 2527 568 2596 Syracusanis.
606 2527 696 2580 Verba
724 2534 751 2580 et
769 2527 899 2584 vestitam
924 2528 1025 2580 absunt
1041 2547 1059 2582 a
1077 2529 1143 2582 Gud.
1162 2528 1265 2583 Rehd.
1290 2532 1361 2585 Noli

205 2615 275 2652 vcro
303 2599 369 2653 inde
393 2600 429 2651 iis
452 2597 537 2650 litem
563 2614 689 2650 inurere.
735 2600 837 2667 Neque
863 2599 940 2651 enim
968 2610 1071 2673 nragna
1092 2608 1142 2652 est·
1161 2601 1220 2652 eius
1246 2602 1361 2655 Codicis

205 2669 359 2723 auctoritas
378 2669 408 2720 in
429 2669 474 2734 iis,
495 2685 566 2738 quae
592 2668 749 2743 singularia
767 2668 861 2734 habet,
892 2678 921 2722 et
939 2670 1012 2723 solet
1030 2670 1131 2725 Cicero
1154 2671 1249 2734 rerba,
1263 2673 1360 2724 minus

204 2741 332 2812 propria,
365 2740 459 2792 addito
481 2740 601 2810 proprio
620 2740 668 2792 vel
692 2740 782 2813 magis
801 2740 963 2810 perspicuo,
988 2740 1067 2810 quasi
1091 2739 1258 2809 explicando
1277 2743 1360 2794 miti·

205 2829 273 2886 gare
291 2811 340 2864 vel
359 2823 502 2863 excusare.
540 2812 601 2862 Hoc
618 2811 682 2863 loco
701 2820 857 2879 utrumque
877 2811 1020 2880 (coeptam
1034 2819 1066 2863 et
1082 2811 1221 2878 vestitam)
1247 2821 1291 2865 est
1309 2829 1360 2885 με·

144 2941 148 2945 ,
204 2876 370 2955 ταφορικόνε
396 2882 444 2934 sed
468 2882 594 2934 alterum
620 2882 712 2934 altero
736 2881 909 2935 illustratur.
931 2914 963 2924 -
1000 2884 1064 2935 Post
1091 2884 1213 2935 tenebam
1237 2883 1310 2937 Gud.
1331 2887 1357 2940 2.

204 2955 316 3019 omittit
333 2953 415 3007 enirn.
453 2951 576 3017 Senarii,
604 2952 638 3004 de
657 2952 757 3022 quibus
776 2954 918 3023 loquitur,
946 2952 1019 3023 apud
1038 2953 1154 3005 nullum
1172 2970 1283 3021 eorum,
1310 2956 1360 3025 qui

186 3032 325 3091 exstant,
357 3023 546 3093 reperiuntur
564 3024 746 3093 scriptorum.
783 3024 817 3075 In
843 3042 921 3094 seqq.
944 3023 1010 3076 Cod.
1030 3023 1120 3077 Rehd.
1139 3018 1281 3080 habet'a'n
1300 3029 1360 3080 etas

204 3111 280 3148 esre
304 3101 531 3148 monumento.
569 3094 645 3146 Tum
669 3095 797 3163 quinque
823 3094 892 3148 Oxx.
917 3094 1000 3149 Vind.
1028 3099 1052 3149 1.
1069 3097 1102 3151 ,2.
1132 3097 1208 3148 Mon.
1229 3099 1254 3151 2.
1285 3097 1356 3150 Gud.

202 3164 327 3234 scriptos
349 3181 402 3234 pro
430 3163 598 3231 inscriptos.-
632 3164 708 3234 quod
732 3173 775 3218 est
798 3173 1007 3230 correctorum,
1041 3165 1092 3234 qui
1116 3168 1359 3237 praepositionem

160 3235 162 3238 ’
202 3236 290 3290 verbo
309 3235 473 3288 adiunctam
497 3235 634 3287 inutilem
661 3236 868 3302 existimarent,
897 3252 963 3287 cnm
987 3234 1044 3300 iam
1070 3240 1267 3305 praecesserit.
1305 3239 1360 3293 Sed

202 3315 277 3358 amat
301 3305 404 3359 Cicero
427 3306 673 3376 praepositionum
699 3306 837 3359 eiusmodi
864 3306 1079 3375 repetitionem,
1108 3307 1203 3361 veluti
1231 3310 1276 3361 Or.
1304 3326 1358 3380 pro

203 3377 316 3431 cluent.
335 3378 385 3432 292
419 3375 540 3430 iniectae
564 3379 595 3430 r'a
619 3378 775 3442 flammam·
801 3378 836 3429 de
854 3379 891 3434 N.
910 3377 944 3428 D.
965 3377 988 3430 I.
1008 3380 1053 3435 2⁰.
1080 3377 1117 3431 s'n
1135 3378 1288 3434 cervicibus
1305 3380 1358 3434 irn-

199 3465 310 3518 ponere.
348 3448 409 3503 Mr.
619 3490 625 3530 .‘
950 3467 952 3474 v

202 3517 472 3661 clarpplhagqgrpwa
489 3519 667 3644 eppsrqggtone
687 3592 838 3660 utriusque
864 3591 1002 3659 corporis,
1031 3592 1183 3670 inventum
1202 3593 1235 3644 ab
1253 3592 1359 3646 Archi·

200 3660 315 3714 mede.“
333 3662 400 3714 Ern.
438 3661 480 3713 De
499 3661 681 3714 Archimedis
700 3661 819 3732 sphaera
836 3660 894 3713 vid.
911 3660 1053 3730 interprr.
1079 3663 1114 3714 ad
1133 3663 1193 3716 cic.
1213 3662 1248 3716 de
1266 3664 1303 3715 N.
1323 3663 1357 3717 D.

200 3732 238 3785 Π.
259 3734 303 3788 34.
323 3750 351 3802 p.
371 3735 423 3788 347
443 3748 483 3801 sq.
505 3733 547 3785 ed.
568 3731 615 3785 Cr.
636 3740 664 3786 et
682 3741 771 3785 nostr.
791 3731 856 3796 mai.
878 3763 911 3774 -—
948 3731 1093 3785 scribitur
1115 3749 1223 3802 operans
1251 3742 1281 3786 et
1298 3732 1360 3787 clri-

200 3803 295 3857 lr'ndro
315 3804 346 3854 in
365 3802 431 3856 cod.
451 3807 525 3857 Mon·
547 3805 574 3868 l,
603 3803 691 3855 Narb.
713 3803 763 3871 qui
786 3804 818 3854 in
843 3802 1038 3872 superioribus
1062 3802 1148 3857 habet
1166 3803 1357 3874 &domania

200 3875 313 3928 ornittit
329 3890 402 3940 cam,
428 3883 458 3927 et
477 3874 594 3928 exhibet
617 3874 758 3928 celindro.
796 3875 856 3927 Mr.
1031 3890 1033 3894 ’

271 3965 310 4016 ad
336 3970 435 4032 portas
460 3963 663 4033 Agragr'anas]
700 3960 853 4032 „³Aapelyar
881 3971 923 4016 est
951 3964 1070 4018 Graecis
1097 3965 1174 4016 urhis
1199 3980 1318 4033 nomen,
1343 3983 1359 4018 a
1382 4021 1384 4024 Α

199 4035 302 4088 fluvio.
330 4052 386 4105 quo
415 4043 443 4088 et
466 4036 610 4109 Virgilius
634 4032 720 4086 nsusz-
742 4034 860 4101 Arduus
890 4033 957 4089 e'nde
983 4035 1124 4102 Agragas
1151 4045 1206 4090 cet.
1254 4034 1359 4088 Forma

200 4115 296 4159 autem
314 4107 417 4158 Latina
434 4104 533 4159 dixere
552 4105 760 4191 Agrigentum:
780 4101 1076 4175 undeAgrigentt'nas.
1097 4106 1146 4159 sed
1165 4115 1193 4160 et
1212 4125 1227 4159 a
1245 4108 1359 4162 Graeco

200 4176 406 4248 Ἀκραγαντῖνος
424 4177 466 4229 fit.
494 4177 537 4231 De
555 4173 610 4230 hac
628 4177 720 4252 igitur
734 4179 831 4230 ¹forma
850 4178 1045 4248 quaerendum
1064 4178 1242 4253 diligentius.
1262 4175 1359 4253 Signi-

200 4249 284 4300 ficari
302 4250 380 4302 enim
399 4257 478 4302 certe
496 4259 593 4320 portas
611 4258 690 4320 puto,
711 4266 766 4319 qna
782 4249 981 4325 Agrigentum
993 4257 1125 4321 petentes
1148 4251 1268 4303 tendere
1286 4254 1359 4304 sole-

201 4318 299 4372 rent.“
319 4319 466 4373 Camerar.
504 4319 707 4387 „Acdmdinos
725 4320 811 4373 habet
827 4331 910 4376 vetus
929 4319 1036 4374 liber.“
1066 4319 1164 4374 Ursin.
1201 4321 1290 4388 „Quis
1307 4318 1359 4371 hic

626 3519 719 3585 ndro]
739 3520 908 3584 „Nimirum
927 3519 1030 3588 quibus
1041 3519 1259 3594 significaretur
1276 3538 1359 3591 prae-

167 4424 169 4428 ·
198 4390 419 4445 tam-masculae
438 4400 487 4444 aut
504 4394 616 4446 ferreae
635 4393 751 4460 frontis,
770 4394 821 4461 qui
840 4410 856 4444 a
872 4393 990 4446 Victore
1009 4391 1184 4458 (Victorium
1202 4390 1359 4467 intelligit)
