2856 5084
211 275 273 339 224
409 272 640 338 CICERONIS
661 261 910 376 TUSCULAN,
930 275 1159 342 DISPUTAT.

212 436 399 524 defendere.
441 442 567 521 Aperta
587 434 675 503 enim
695 460 750 503 res
772 449 832 520 est,
855 449 888 504 et
909 439 1057 524 qnotidie
1076 461 1137 523 nos
1152 443 1224 525 ipsa
1237 448 1360 504 natura

210 522 377 663 qdmonet,
407 541 504 607 quam
525 526 651 605 paucis,
680 543 778 607 quam
800 526 915 606 parvis
938 525 1037 586 rebus
1059 535 1163 608 egeat,
1192 545 1289 606 quam
1310 528 1362 588 vi·

223 605 307 666 ibus.
819 630 821 634 ¹

147 691 190 754 36
291 685 380 748 Num
402 687 510 770 igitur
530 687 732 772 ignobilitas,
754 697 813 750 aut
832 688 1017 765 humilitas,
1050 696 1108 747 aut
1129 687 1231 750 etiam
1252 708 1362 771 popu-¹

136 774 194 826 1⁰3.
208 768 290 829 laris
312 771 450 830 offensio
474 773 663 851 sapientem
680 772 813 831 beatum
837 790 907 832 esse
930 768 1139 852 prohibebitl
1182 769 1283 845 Vide,
1317 792 1360 835 ne

207 851 284 931 plus
306 846 548 912 commendatio
570 855 606 912 in
627 853 749 938 vulgus
771 861 805 913 et
825 852 916 929 haec,
940 872 1022 933 quae
1042 853 1222 933 expetitur,
1247 854 1360 938 gloria

206 933 379 994 molestiae
407 931 537 1012 habeat,
571 954 667 1015 quam
694 936 888 1016 voluptatis.
932 935 1113 995 Leviculus
1142 953 1219 996 sane
1241 945 1382 996 noster·

115 1015 117 1022 '
207 1014 460 1091 Demosthenes,
488 1017 547 1096 qui
573 1017 633 1076 illo
661 1036 800 1079 susurro
830 1012 990 1078 delectari
1017 1033 1053 1079 se
1083 1014 1212 1078 dicebat
1240 1037 1358 1098 aquam

207 1097 345 1159 ferentis
367 1097 594 1176 mulierculae,
622 1108 660 1161 ut
687 1119 759 1161 mos
785 1101 821 1161 in
844 1097 987 1160 Graecia
1015 1105 1074 1170 est,
1099 1099 1359 1160 insusurrantis·

205 1301 260 1337 nec
281 1293 379 1339 tamen
398 1285 512 1354 optimi,
533 1284 604 1338 item
623 1286 732 1341 habent
750 1285 872 1353 deficiet:
892 1288 950 1340 vid.
963 1295 1053 1357 nostr,
1066 1294 1163 1339 annot.
1184 1286 1204 1337 l.
1225 1302 1249 1338 c.
1268 1286 1358 1341 Recte

206 1363 304 1409 autem
323 1357 385 1409 dies
404 1357 513 1421 deficiat
532 1357 660 1426 explicat
679 1358 841 1411 Gernhard.
862 1357 1054 1412 Commentat.
1076 1355 1204 1412 Gramm.
1216 1358 1263 1411 lv,
1282 1376 1311 1428 p.
1329 1362 1356 1414 8,

206 1425 241 1480 ad
260 1444 326 1486 eum
343 1428 454 1479 locum:
490 1428 597 1481 Vereor
614 1436 643 1481 ut
663 1429 722 1481 dies
740 1429 879 1494 sufficiat:
905 1436 980 1483 certo
1000 1431 1073 1483 enim
1096 1429 1128 1482 id
1145 1427 1246 1481 nescio.
1282 1429 1356 1482 Add.

142 1489 150 1500 ‘
205 1497 328 1551 eundern
346 1497 381 1549 ad
401 1496 460 1548 cic.
482 1498 559 1551 Lael.
579 1498 628 1550 xl.
647 1503 690 1554 38.
715 1517 745 1569 p·
764 1503 807 1555 85.
846 1502 905 1554 Mr.
989 1537 991 1540 ψ

276 1570 303 1622 si
320 1568 404 1620 uelim
419 1570 597 1636 paupertatis
615 1585 729 1623 causam
748 1570 909 1637 defendere]
936 1568 1003 1622 God.
1023 1569 1108 1622 Vind.
1129 1573 1153 1625 1.
1174 1569 1200 1622 si
1215 1573 1355 1624 uellem}

204 1639 373 1694 adversante
392 1641 504 1692 ratione
515 1642 720 1715 grammatica.
754 1643 854 1765 Pergit
872 1659 945 1693 unus
966 1642 1016 1694 Ox.
1033 1640 1274 1709 paupertatibus
1290 1657 1357 1694 caua

203 1726 269 1764 sas.
307 1711 372 1761 Mox
390 1710 466 1763 alius
486 1727 541 1764 non
558 1726 613 1780 pro
632 1727 697 1776 nos,
718 1730 792 1764 unus
848 1712 1076 1778 indepaueum
1095 1725 1355 1779 quampuroumr

203 1796 357 1851 perperam
374 1781 450 1842 lecta
469 1781 640 1842 ultimarum
658 1782 834 1850 syllabarum
855 1781 1034 1853 compendio.
1071 1782 1132 1834 Mr.

192 1868 197 1878 ·
274 1862 299 1901 c.
319 1853 362 1907 36.
400 1847 473 1905 Num
499 1852 592 1917 igitur
611 1852 790 1920 ignobilitas,
824 1860 872 1906 aut
896 1852 1051 1918 humilitas,
1077 1863 1126 1905 aut
1145 1851 1236 1918 etium]
1273 1853 1355 1905 Unus

204 1920 254 1974 Ox.
274 1920 346 1973 Non
368 1920 475 1988 igitur,
500 1923 575 1976 alius
594 1925 687 1986 ,unde
712 1923 818 1990 igitur3
842 1924 927 1976 Vind.
949 1929 973 1978 1.
999 1930 1104 1992 utque
1122 1921 1279 1987 bumilitas3
1311 1941 1356 1976 se·

203 1993 295 2060 quem
321 1997 369 2056 nul
393 1993 504 2056 omittit
529 1994 607 2047 cod·
624 1995 699 2045 blan.
720 1999 753 2057 13
790 1995 851 2048 eius
878 1995 942 2047 loco
969 1994 1000 2044 in
1019 2009 1077 2046 uno
1096 1995 1146 2046 Ox.
1167 2001 1214 2048 'est
1233 2001 1353 2047 autern.

204 2062 274 2114 God
296 2061 393 2115 Duisb.
413 2062 501 2116 habet
516 2063 671 2132 prohibebit
690 2065 797 2118 beatum
815 2079 882 2128 esse,
903 2063 1044 2133 duoOxx.
1063 2064 1221 2131 probibet,
1241 2065 1315 2116 Gud.
1328 2068 1353 2118 2.

202 2130 378 2200 perbibrbit.
417 2133 492 2198 Quae
511 2135 643 2204 sequitur
660 2135 769 2187 locutio
796 2135 826 2188 in
843 2134 944 2200 uulgus
962 2150 1017 2203 pro
1043 2137 1117 2203 apud
1134 2136 1245 2204 uulgus,
1273 2136 1355 2188 Cice-

204 2203 272 2254 roni
291 2204 359 2255 salis
377 2204 534 2256 familiaris
554 2211 606 2266 est.
644 2204 690 2256 lta
704 2222 794 2273 supra
813 2204 851 2255 11.
872 2207 916 2260 26.
935 2207 983 2260 63:
1003 2205 1033 2257 in
1052 2202 1153 2273 uulgus
1168 2205 1355 2272 insipientium

203 2272 300 2339 opinio
318 2275 392 2326 ualet
409 2273 570 2337 honestatis.
609 2273 682 2344 Epp.
702 2275 738 2326 ad
756 2274 815 2325 Aa.
836 2275 874 2327 ΙΙ.
894 2278 942 2328 223
971 2274 1002 2326 in
1024 2279 1125 2342 uulgus
1151 2282 1266 2342 gratum
1284 2293 1352 2329 esse.

202 2344 270 2406 lllox
289 2344 363 2397 Gud.
384 2348 410 2400 2.
436 2347 533 2413 gloria
552 2345 665 2412 magis
687 2343 840 2412 molestiae,
864 2361 938 2398 unus
958 2345 1008 2402 Ox.
1027 2349 1108 2414 ptus
1131 2361 1212 2414 quam
1230 2346 1356 2416 voluptas

132 2451 134 2453 ·
203 2413 252 2466 ms
290 2416 350 2467 Mr-

123 2546 126 2550 .
273 2484 422 2538 Leoiculus
439 2501 507 2540 sane
524 2493 616 2542 noster
632 2484 849 2554 Desaostbenea]
874 2488 955 2551 „Est
973 2488 1005 2540 in
1023 2501 1081 2540 nno
1101 2489 1171 2544 Cod.
1190 2489 1268 2546 Laid.
1285 2504 1355 2542 sane

202 2555 237 2608 oi
242 2556 261 2607 d
267 2556 384 2619 ebitur
402 2556 610 2611 Demosthenes:
630 2576 701 2628 quae
720 2561 843 2612 fortasse
860 2575 930 2610 vera
949 2567 991 2610 est
1010 2560 1130 2612 lectio.“
1150 2560 1238 2615 Boub.
1266 2562 1355 2625 „Noa

59 2628 62 2636 '
202 2633 258 2678 ster
275 2641 335 2678 non
354 2634 397 2689 est
415 2628 446 2678 in
464 2627 521 2680 MS.
542 2631 638 2694 aliquo
656 2630 734 2683 Laid.
756 2628 988 2698 placetBuherio
1008 2638 1037 2682 et
1054 2630 1129 2683 mihi
1145 2631 1266 2684 deleri.“
1283 2633 1352 2687 Era,
1400 2695 1403 2699 y

202 2697 320 2750 Rectius
339 2696 460 2750 dixisset
477 2699 635 2755 Ernestus:
662 2716 720 2752 non
739 2699 859 2753 debebat
877 2700 1000 2769 probare
1017 2701 1191 2755 Bouhierins
1217 2703 1351 2776 glossam,

204 2782 259 2836 qua
277 2784 347 2820 vera
366 2765 515 2827 Ciceronis
534 2787 635 2822 manus
653 2777 770 2823 extrusa
789 2778 839 2824 est.
868 2799 900 2807 -
927 2770 1031 2823 Noster
1050 2771 1121 2824 dicit
1146 2767 1352 2837 Demosthenes,

203 2839 281 2906 quia
300 2839 361 2891 eius
387 2839 564 2908 orationibus
588 2841 755 2893 lectitandis
782 2842 1014 2894 familiaritatem
1039 2845 1120 2911 quasi
1141 2861 1206 2895 cum
1232 2859 1264 2896 eo
1285 2860 1354 2895 con-

202 2917 337 2962 traxerat.
374 2908 504 2962 Eandem
527 2908 614 2962 habet
638 2911 762 2985 glossam
786 2914 911 2976 uidetur,
946 2914 1045 2966 eodem
1072 2914 1210 2966 vocabulo
1234 2914 1352 2977 omisso,

201 2989 301 3033 noster
327 2983 401 3032 Mon.
422 2985 446 3035 1.
473 2997 539 3032 cum
567 2982 675 3033 duobus
699 2979 768 3031 Oxx.
793 2984 862 3036 .Pro
889 2982 1045 3048 Levicubes,
1079 2985 1154 3050 quod
1178 2983 1353 3035 vocabulum

202 3051 320 3113 ridetur
339 3046 442 3118 Cicero
460 3052 637 3119 procudisse,
656 3069 750 3121 neque
769 3053 826 3106 alio
845 3061 994 3123 praeterea
1011 3054 1076 3106 loco
1095 3069 1256 3121 usurpasse,
1277 3064 1354 3102 unus

203 3118 271 3173 Gud.
292 3121 342 3173 Ox.
362 3120 448 3182 habet
467 3122 625 3176 ianiculus.
662 3122 697 3174 ln
716 3125 790 3176 Mon.
811 3129 836 3178 1.
857 3125 1000 3193 scriptum
1019 3133 1062 3176 est
1080 3123 1289 3179 Demostenes‚
1318 3123 1351 3172 in

201 3191 289 3259 Maris.
310 3189 518 3245 Demosc'benes.
555 3194 590 3245 ln
609 3193 684 3247 Gud.
704 3196 729 3248 2.
748 3195 865 3248 inverso
884 3195 985 3247 ordine
1004 3204 1047 3246 est
1065 3193 1157 3245 noster
1175 3201 1248 3242 sane.
1273 3188 1350 3242 Tum

201 3260 292 3327 Rehd.
316 3261 369 3328 tuo
392 3278 544 3316 cursuro.
581 3264 649 3317 Post
671 3263 782 3316 dicebat
806 3264 894 3321 Godd.
920 3263 989 3316 Rev.
1016 3264 1091 3317 Gud.
1112 3268 1135 3315 l.
1155 3265 1180 3316 2.
1206 3261 1293 3312 Marb.
1321 3269 1352 3314 et

201 3349 275 3394 unus
294 3332 343 3395 Osi.
362 3332 469 3386 habent
492 3351 573 3403 quam
597 3351 652 3405 pro
676 3350 783 3404 uquam,
809 3334 877 3387 (lod.
896 3310 986 3386 Rehd.
1011 3350 1094 3400 quem,
1111 3331 1174 3384 duo
1194 3331 1265 3387 (lxx.
1285 3349 1350 3384 eam

107 3452 123 3472 Ι
200 3411 300 3457 vocem
319 3403 406 3472 plane
424 3405 574 3468 omittunt.
611 3403 692 3456 Unus
711 3405 762 3458 Ox.
782 3403 899 3458 exhibet
917 3406 1047 3468 ferentes.
1085 3404 1162 3455 Mr«

227 3498 230 3503 ¹
271 3472 417 3528 Ltvicuius
434 3491 500 3528 sune
517 3481 609 3529 noster
625 3473 834 3540 Demosthenes]
872 3472 1046 3526 Scholiastes
1073 3473 1109 3524 ad
1127 3467 1220 3526 Persii
1244 3474 1301 3527 Sat.
1323 3475 1349 3541 l,

201 3548 245 3600 28.
273 3546 329 3596 Hic
346 3545 506 3613 requiritur
524 3545 642 3600 bistonio
658 3541 855 3606 Demostbenis‚
875 3544 922 3612 qui
940 3559 999 3596 cum
1018 3545 1162 3609 transiret,
1182 3552 1244 3597 eta
1263 3562 1351 3598 mer-

202 3617 344 3668 cenario
369 3617 501 3671 tabernae
525 3617 892 3684 digito'demonstraretur,
917 3614 1011 3678 fertur
1040 3615 1249 3683 laetatusesse‚
1275 3615 1351 3686 quoti

200 3687 234 3749 ab
253 3686 422 3752 ignobilibus
438 3690 568 3742 sciretur.
606 3687 640 3739 Id
658 3702 724 3738 cum
741 3689 844 3751 nostro*
864 3684 992 3738 levitatis
1018 3685 1132 3738 incusat
1156 3685 1294 3740 'Aelianus
1314 3690 1348 3745 V,

142 3807 147 3815 ,
201 3757 239 3821 Η.
258 3757 306 3809 lib.
326 3745 372 3808 ῘΧ.
393 3770 455 3828 cap.
475 3764 517 3814 17.
554 3752 718 3824 Karalitanos
742 3756 813 3808 iosus
831 3750 1103 3828 Ικατηγορεῖνοὗτος
1123 3752 1137 3808 ὁ
1156 3752 1242 3824 λόγος,
1272 3759 1349 3811 ets:

200 3845 260 3897 yur
277 3832 339 3898 περὶ
357 3831 565 3894 Δημοσθένους,
591 3827 635 3878 ὅτι
656 3825 711 3893 ἄρα
728 3821 819 3894 τύφου
842 3825 929 3879 αὐτόν
954 3823 1130 3893 intuitiones
1148 3833 1194 3880 rui
1218 3830 1246 3882 oi
1265 3825 1349 3898 ὑδρο-

200 3901 360 3969 φοροὔντες,
380 3903 478 3967 εἴποτε,
498 3889 645 3966 παριόντος
663 3895 756 3962 αὐτοῦ,
777 3897 845 3965 ὑπὲρ
865 3899 950 3951 αὐτοῦ
968 3914 994 3950 τι
1011 3903 1199 3966 ψιθυρίσαιεν.
1236 3900 1349 3951 Plinius

202 3975 298 4033 tamen
316 3964 610 4024 Demustbenem'iure
629 3968 757 4020 laetatum
775 3982 833 4021 esse
852 3971 959 4032 censet,
995 3972 1049 4022 uod
1068 3970 1146 4021 illum
1165 3979 1234 4023 anus
1252 3969 1350 4022 Attica

201 4043 243 4096 itu
263 4030 469 4104 demonstrauit,
489 4032 576 4098 Οὗτός
595 4034 652 4090 ἐστι
669 4039 858 4107 Δημοσθένης.
889 4038 962 4092 Vide
979 3988 1031 4093 lib.
1053 4042 1101 4092 IX.
1121 4040 1212 4110 Epist.
1232 4045 1275 4096 23.
1313 4040 1349 4092 D.

271 4108 541 4178 insusurrantisque]
576 4111 651 4162 Mon.
673 4114 697 4178 1.
726 4115 755 4164 e't
778 4110 828 4164 Ox.
853 4110 887 4162 D.
914 4112 1198 4177 insusurrantisque,
1228 4111 1302 4164 Gud.
1323 4114 1349 4166 2⁸

186 4183 489 4251 insururruntisque,
507 4189 582 4234 unus
603 4179 652 4234 Ox'.
672 4182 937 4251 insusurratisque.
976 4182 1021 4252 Ad
1037 4202 1065 4235 v.
1086 4182 1141 4235 Hic
1164 4189 1204 4235 est
1226 4183 1276 4235 itte
1293 4184 1351 4236 oea

200 4242 354 4319 mustiones¹
380 4255 428 4308 cui
454 4269 513 4306 non
532 4252 563 4305 in
586 4254 839 4308 mentem·veniat
857 4253 971 4306 Horatii
995 4253 1070 4305 illud
1098 4252 1159 4314 (od.
1179 4254 1226 4305 IV.
1247 4257 1272 4309 3.
1292 4253 1351 4324 22.)

114 4358 116 4361 .
202 4325 275 4393 quod
291 4331 434 4377 monstror
451 4324 544 4393 digito
560 4326 799 4393 praetereuntium
815 4331 878 4393 >eet
905 4324 955 4375 ubi
972 4325 1030 4378 vid.
1049 4322 1273 4391 uisscherlich,
1299 4325 1351 4394 qui

201 4403 231 4447 et
254 4396 327 4448 alios
352 4394 452 4448 laudat
476 4395 555 4450 locos
578 4400 607 4448 et
630 4395 722 4449 Persii
746 4407 862 4451 rasum
884 4395 1078 4462 notissimum,
1104 4395 1161 4450 Sat.
1186 4395 1208 4447 1.
1235 4399 1283 4454 282
1312 4396 1352 4450 At
