2856 5084
544 270 675 337 LIBER
696 271 741 350 V,
768 277 818 338 tu.

257 438 355 501 Neruo
375 427 429 511 'et,
451 439 508 520 qui
528 437 632 517 foetis
652 456 698 500 ne
719 438 926 521 aequiperare
947 447 1054 520 queat.

90 621 252 693 steriliaque
269 623 410 694 direptae,
427 641 483 696 pro
499 623 614 695 potue.“
629 624 777 679 'comam
806 626 887 679 Idam
904 626 935 677 in
951 625 1061 680 comm.
1082 619 1148 690 anai.
1167 627 1248 693 „Nos

89 696 244 766 aliquando
262 696 398 764 suspicati
416 714 522 762 sumus,
541 713 599 748 non
617 697 692 749 male
709 714 809 749 versus
828 697 896 749 istos
913 697 975 772 legi
992 711 1088 768 posset

256 771 283 820 A
302 767 359 818 sole
377 767 518 821 exoriente
539 782 625 836 aupra
643 768 793 821 Maeotida
819 784 897 821 nano

328 838 390 900 Eat,
417 837 465 908 qui
482 855 526 891 me
544 837 631 902 factio
650 837 838 907 aequiparare
856 842 945 907 queat.
1052 838 1055 843 '
1331 891 1332 895 ,

90 907 172 973 Quod
195 923 254 961 non
278 907 340 960 ideo
365 910 472 974 refero,
502 910 582 978 quasi
607 911 746 961 Venetam
777 908 951 979 scripturam
978 907 1149 977 improbem,
1177 922 1249 977 quae

91 978 149 1031 tide
167 978 273 1031 nititur
289 987 421 1032 veterum
439 981 651 1050 exemplorum:
670 978 719 1031 sed
736 985 770 1029 ut
788 979 1016 1051 intelligeretur,
1036 978 1107 1048 quid
1126 979 1177 1030 illa
1196 995 1250 1048 ope

93 1049 241 1102 destitutis
267 1049 348 1102 nobis
375 1050 529 1119 aliquando
556 1050 587 1102 in
614 1058 743 1102 mentem
774 1049 911 1103 venisset.
950 1051 1023 1101 Nam
1048 1048 1197 1102 Maeotida
1220 1058 1251 1103 et

92 1119 223 1174 Maeotin
242 1120 382 1194 singulari
401 1137 521 1173 numero
539 1129 619 1174 certe
636 1128 777 1176 vocarunt
795 1120 928 1191 paludem
940 1117 1108 1189 Scythicam
1127 1119 1251 1173 effluen-

92 1197 154 1243 tem
178 1191 208 1243 in
232 1193 355 1244 Pontum
377 1190 536 1255 Euxinum,
569 1208 656 1260 quem
685 1199 715 1243 et
739 1201 862 1244 matrem
885 1190 969 1261 ponti
993 1192 1203 1254 nominarunt,'
1218 1199 1251 1243 ut

91 1262 254 1316 Herodotus
285 1262 401 1330 scripsit
430 1261 609 1329 Μελπομένη.
655 1263 778 1314 Videtur
811 1269 907 1314 autem
933 1260 1045 1312 Ennius
1072 1261 1126 1313 bac
1157 1262 1252 1346 figura

92 1332 232 1386 orationis
250 1333 416 1385 universum
437 1332 536 1385 orbem
554 1341 699 1385 terrarum
724 1332 748 1384 si
771 1332 889 1386 nificare
907 1331 1041 1396 voluisse,
1066 1340 1100 1384 ut
1118 1348 1251 1386 exornent

92 1404 136 1457 eol
155 1404 326 1455 matutinam
356 1411 385 1455 et
409 1404 564 1456 australem
581 1403 706 1479 plagam,
736 1350 853 1456 tinentia
870 1402 952 1474 palus
975 1403 1203 1473 septentrionem
1222 1411 1272 1462 et¹

93 1491 226 1528 occasum
249 1473 444 1546 designaret.“
481 1475 542 1527 Mr.
1226 1528 1229 1532 ,

98 1595 101 1598 ⁴
164 1545 282 1597 Maeoti’
299 1544 425 1611 paludes]
445 1545 535 1610 „l’all⁸
551 1561 596 1613 pr.
617 1552 710 1612 quart.
724 1544 880 1599 Meotideer
898 1544 974 1596 unde
992 1559 1050 1596 non
1069 1542 1166 1613 inepte
1185 1560 1252 1596 eum

92 1615 175 1669 Hier.
196 1615 335 1669 Columna
355 1614 386 1666 in
403 1615 532 1667 Ennium
552 1612 1070 1682 Maeotidi'ptudeefece1·is.“Geta.
1109 1615 1253 1684 „Aliquot

94 1684 166 1738 libri
184 1685 289 1739 habent
307 1685 479 1753 Maeotidee,
498 1685 549 1738 alii
567 1685 744 1752 Maeotidae,
767 1687 799 1737 in
815 1685 862 1737 his
885 1703 959 1737 unus
977 1684 1058 1736 Laid.
1078 1694 1107 1737 et
1126 1686 1168 1737 ed.
1188 1702 1254 1738 inea

92 1764 186 1808 vetus.
223 1755 280 1809 Sed
304 1756 442 1808 videntur
464 1756 518 1809 hae
543 1755 731 1809 librariorum
757 1756 961 1813 correctiones.
998 1754 1123 1823 Scripsit
1140 1755 1252 1809 Ennius

92 1827 294 1952 MpeqfieBprq
306 1827 474 1893 Maeotidie,
494 1836 529 1879 ut
546 1827 662 1880 Plautus
686 1827 809 1898 Epidico
834 1828 857 1880 Ι.
886 1832 910 1882 1.
928 1830 972 1883 3³.
999 1825 1081 1880 Tbeti
1105 1843 1161 1898 pro
1181 1824 1251 1882 ute·

94 1897 122 1952 te·
142 1915 164 1952 e.
242 1914 276 1951 ou
297 1935 304 1950 .
762 1940 766 1948 .

164 1967 260 2036 Supra
279 1969 396 2021 Maeotis
414 1967 543 2039 paludes]
582 1968 627 2020 lta
645 1968 767 2021 meliora
784 1968 930 2022 Ciceronis
954 1966 1129 2036 exemplaria
1146 1966 1253 2022 babere

82 2040 204 2092 'fatetur
227 2039 308 2091 Hier.
346 2040 486 2092 Columna
512 2040 547 2092 ad
570 2039 661 2091 Ennii
688 2041 792 2114 fragm.
817 2057 882 2123 pag.
909 2041 969 2094 163.
1007 2038 1079 2091 Cum
1104 2037 1253 2091 tamenin

93 2110 159 2162 aliis
178 2110 215 2162 sit
234 2110 398 2163 Maeotidae
414 2110 536 2178 paludes,
563 2109 719 2185 legendum
748 2111 867 2163 coniicit
885 2108 1043 2164 Maeotido¹
1059 2109 1168 2178 pinder.
1207 2107 1251 2162 ct.

93 2174 281 2234 Mamertinus
303 2184 405 2256 Paneg.
426 2182 466 2245 ΙΙ,
487 2185 530 2237 16.
557 2198 674 2234 versum
692 2180 734 2233 sic
751 2181 858 2246 laudat,

259 2255 286 2302 Α
304 2251 363 2304 sole
390 2252 534 2306 exoriente
557 2254 680 2322 adusque
698 2253 824 2305 Maeotis
839 2252 966 2318 paiudea.

94 2318 171 2386 Quin
189 2328 219 2372 et
237 2320 312 2389 apud
329 2322 499 2376 Ciceronem
521 2322 633 2377 Balliol.
654 2323 701 2375 dat
726 2323 821 2376 aeote
843 2323 986 2375 exoriente
1009 2321 1140 2375 Meandas
1163 2336 1254 2390 usqua

91 2390 222 2460 paludes,
239 2397 274 2441 ut
291 2392 388 2443 forsan
405 2393 558 2462 utrobique
582 2394 765 2447 scribendum
780 2391 822 2446 ‘sit

262 2459 290 2512 Α
309 2463 368 2513 eolo
386 2463 527 2516 exoriente
544 2465 695 2518 Maeotidas
718 2481 807 2534 usque
824 2463 950 2531 paludes.

97 2527 243 2581 Similiter
267 2531 360 2600 prima
389 2533 498 2602 syllaba
526 2535 660 2588 vocabuli
686 2537 809 2589 Maeotia
832 2534 994 2604 corripitur
1019 2531 1095 2602 apud
1119 2531 1254 2585 Ovidium

97 2597 186 2652 Trist.
215 2600 264 2652 lib.
284 2602 335 2653 ΙΙΙ.
363 2603 409 2656 El.
428 2604 492 2660 x11.
512 2607 537 2660 2.
563 2606 635 2660 Dar.
674 2604 726 2670 [In
744 2606 799 2658 Ed.
819 2608 844 2661 2.
871 2605 1002 2657 Davisius
1021 2603 1181 2672 improbata
1200 2603 1255 2657 Co-

95 2670 211 2742 lumnae
230 2672 395 2726 coniectura
418 2683 564 2746 receptam
590 2676 704 2747 pridem
727 2677 901 2747 scripturam
919 2674 1030 2727 firmari
1054 2674 1254 2743 aliquomodo

10 2777 13 2784 .
95 2740 169 2792 dicit
193 2759 224 2795 ea
252 2760 324 2811 quae
351 2754 393 2797 est
418 2747 494 2816 apud
515 2748 646 2799 Mamert.
672 2748 792 2817 ipseque
819 2747 951 2799 coniicit:
982 2745 1106 2799 Maeotia
1133 2746 1255 2814 adaeque
1320 2763 1324 2769 ·

94 2811 234 2883 paludes]
266 2813 330 2872 Vid.
355 2814 390 2868 ad
415 2818 580 2871 Mamertini
604 2818 702 2870 locum
731 2818 762 2872 C.
787 2818 822 2870 G.
843 2816 1044 2872 Schwarzium
1067 2835 1095 2886 p.
1122 2818 1183 2871 138.
1209 2816 1253 2870 ed.

95 2882 191 2957 pecul.
212 2901 239 2952 p.
263 2886 321 2939 196.
341 2885 394 2937 Ed.
414 2887 539 2962 Jaegeri.
576 2888 638 2948 Mr.
1166 2917 1170 2920 ·

167 2953 194 3004 A
213 2954 271 3008 aare
290 2985 323 3002 -ψ
342 2957 469 3023 paludes]
498 2959 564 3012 Cod.
591 2957 675 3010 Vind.
698 2964 722 3015 l.
746 2958 799 3012 Ed.
819 2960 890 3012 Ven.
917 2966 1004 3010 nostr.
1025 2958 1152 3021 ariente3
1180 2975 1254 3011 unus

96 3022 149 3078 Ox.
168 3025 279 3077 omittit
297 3041 393 3094 supra,
413 3037 443 3080 et
461 3028 547 3081 habet
566 3029 718 3091 Meotidas,
737 3038 796 3081 tres
817 3037 846 3080 et
864 3028 961 3081 Duisb.
982 3027 1151 3089 Maeotidas,
1176 3029 1252 3083 Mon.

97 3097 122 3150 l·
142 3095 167 3149 Ἃ.
188 3094 242 3146 Ed.
260 3098 333 3151 Van.
355 3096 415 3150 Alt.
435 3099 585 3162 Meotides,
604 3117 678 3151 unus
696 3101 747 3152 Ox.
760 3100 936 3162 ‘Meontideen
956 3099 1027 3151 alius
1046 3115 1112 3150 cum
1132 3099 1205 3151 Gud.
1228 3105 1253 3156 t.
1362 3141 1368 3149 ,

95 3161 154 3216 MS.
173 3165 205 3216 in
223 3183 314 3240 marg.
334 3166 399 3222 Asc.
420 3172 446 3224 2.
464 3170 548 3222 Vina.
569 3172 594 3224 2.
623 3169 676 3223 Ed.
696 3171 766 3222 Dar.
786 3171 920 3229 Maeotia,
947 3169 1030 3221 Vind.
1051 3173 1074 3223 l.
1095 3169 1149 3221 Ed.
1169 3170 1251 3223 June.

94 3233 251 3298 Meotidas,
273 3236 347 3292 Gud.
367 3240 392 3293 2.
412 3240 532 3305 Meotia;
551 3240 624 3292 Edd.
644 3242 674 3293 P.
694 3240 727 3292 A.
746 3243 777 3292 B.
798 3241 826 3293 S.
847 3241 877 3293 C.
897 3243 969 3293 Ven.
990 3248 1077 3292 nostr.
1096 3239 1159 3292 Asc.
1181 3245 1205 3295 l·
1224 3243 1252 3296 2.

96 3305 194 3359 Herw.
218 3308 268 3372 (in
293 3307 350 3369 hac¹
377 3318 419 3362 est
444 3312 544 3378 super)
580 3311 686 3364 habent
714 3310 889 3379 Maeotidae,
922 3311 963 3363 De
987 3311 1147 3378 quantitate
1172 3312 1254 3364 vocis
1281 3306 1285 3315 ’

96 3375 221 3431 Maeotia
241 3378 316 3447 quod
334 3380 369 3432 ad
388 3380 525 3450 syllabam
543 3383 668 3452 primam
691 3381 750 3434 vid.
770 3383 866 3435 Krebs.
895 3381 1013 3435 Prakt.
1032 3383 1135 3436 Mete.
1157 3400 1185 3452 p.
1206 3385 1251 3438 30.

96 3447 159 3499 Nec
177 3465 247 3501 vero
266 3450 346 3502 locus
364 3451 572 3528 intelligendus
592 3461 643 3514 est,
661 3460 693 3503 ut
711 3470 726 3504 a
745 3453 893 3522 plerisque
912 3453 1108 3521 interpretum
1127 3452 1254 3524 explica-

96 3523 160 3570 tur:
191 3537 208 3571 a
225 3519 284 3572 sole
303 3523 450 3574 exoriente
475 3539 565 3592 usque
591 3523 626 3575 ad
651 3522 768 3592 paludes
791 3523 951 3588 Maeotidas,
981 3540 1049 3592 quas
1072 3539 1131 3575 esse
1148 3524 1253 3580 volunt

96 3586 185 3639 dictas
204 3606 257 3657 pro
276 3590 334 3644 sole
347 3594 511 3653 occidente.
548 3594 615 3647 Este
641 3593 746 3646 iudea
770 3596 829 3646 sola
848 3594 1007 3656 exoriente,
1031 3593 1082 3662 qui
1101 3600 1186 3665 supra
1203 3613 1253 3666 pa·

95 3656 178 3709 ludes
205 3660 364 3725 Maeotidas,
395 3663 415 3715 i.
436 3682 460 3717 e.
487 3665 566 3717 ultra
591 3682 646 3727 eas,
683 3665 823 3716 exoritur.
867 3665 1014 3735 oppositio
1042 3673 1146 3732 autem,
1180 3683 1253 3736 quae

17 3791 20 3797 Ι
91 3726 200 3779 'omissa
219 3736 270 3792 est,
290 3731 493 3806 intelligenda:
513 3752 603 3803 usque
621 3734 656 3786 ed
674 3733 742 3787 solis
760 3752 900 3803 occasum,
921 3736 1065 3802 'nimirum
1083 3735 1134 3788 ubi
1152 3754 1253 3790 rerum
1331 3735 1335 3745 ’

98 3796 132 3848 ab
151 3794 288 3850 Africano
306 3809 452 3873 gestarum
471 3807 551 3874 quasi
570 3822 652 3857 scena
669 3805 737 3862 fuit.
775 3807 837 3864 Mr.

168 3883 255 3939 Nemo
274 3894 323 3952 eet,
350 3891 502 3958 quitantia
523 3910 571 3947 rne
594 3894 776 3963 aequiperare
801 3894 900 3963 queat]
940 3894 1192 3959 „Provocabulum
1209 3911 1254 3948 me

96 3955 174 4008 abest
192 3964 272 4009 recte
290 3975 306 4008 a
324 3961 365 4012 Lo
407 3961 539 4016 obardieo
552 3964 654 4018 Codice
666 3965 816 4031 Toletano,
835 3975 865 4018 et
878 3967 980 4019 durius
998 3965 1092 4018 reddit
1103 3965 1254 4018 carmen.“

95 4024 200 4080 Setun
220 4027 293 4082 Noa.
314 3978 431 4085 ctcidt.
451 4035 494 4087 20.
533 4035 655 4099 „Deleri
675 4052 718 4089 me
742 4035 879 4105 plurimis
903 4036 987 4087 libris
1008 4037 1110 4099 fretus,
1135 4054 1201 4088 nam
1220 4036 1252 4090 in

96 4097 246 4163 Toletano,
265 4098 352 4152 Palat.
373 4109 467 4170 quart.
488 4105 617 4157 Vatican.
637 4105 864 4174 provocabulum
890 4123 932 4164 nee
950 4105 1085 4176 disparet.
1106 4107 1253 4176 aequipe-

98 4184 166 4221 rare
183 4186 252 4224 vero
272 4173 355 4240 posui
374 4190 410 4225 ex
427 4172 480 4225 Ed.
498 4175 616 4240 Veneta,
635 4176 745 4229 Victor.
765 4176 835 4229 Pall.
854 4193 911 4229 sec.
931 4185 1003 4229 tert.
1022 4186 1117 4247 quart.
1138 4177 1252 4231 Vatic.“
1292 4223 1297 4230 .

98 4238 181 4292 Geot.
216 4241 461 4312 „Aeqaiperam
479 4253 515 4296 ut
532 4245 641 4314 primae
650 4247 775 4299 Venetae
793 4246 864 4300 Edd.
885 4247 1016 4300 omnium
1033 4249 1252 4315 vetustissimae,

97 4308 197 4376 Aldus,
224 4316 331 4366 Manut.
355 4315 465 4368 Victor.
493 4315 592 4368 edidit.
620 4315 721 4384 quibus
745 4316 859 4400 Grppb.
887 4317 963 4372 liber
989 4318 1171 4395 suffragatur.
1199 4320 1252 4375 alii

99 4380 306 4454 aequiparare
328 4380 466 4442 babentJ‘
488 4387 572 4445 Brut.
608 4385 735 4457 „inuitis
760 4388 950 4449 etramlibris
967 4389 1048 4446 MSS.
1067 4400 1097 4446 et
1113 4392 1167 4446 Ed.
1189 4409 1252 4448 inea
