2856 5084
1058 173 1073 205 b

554 255 768 330 nicanum
795 258 1005 329 anatona
1050 272 1074 282 ”

369 432 456 488 Modo
471 444 578 501 pueros,
597 421 879 501 nodo'adulesoentie,
898 432 929 487 in
947 423 1027 487 curba
1043 447 1062 486 u
1080 425 1160 498 tergo
1178 431 1331 503 insequens,

369 506 429 558 Nee
446 503 585 570 opinantis
602 504 731 556 adsecuta
750 511 790 557 est
809 532 843 542 -

275 575 294 613 i
312 576 383 630 lbid.
420 575 477 629 Sed
493 574 556 642 quia
573 574 648 627 ultra
665 575 737 627 nibil
747 575 882 640 babemus,
899 576 951 628 boc
967 573 1075 640 longum
1093 573 1259 640 ducimus]
1279 568 1358 629 MSS.

204 665 315 704 omnesz
335 645 456 711 dicimur,
474 654 564 710 recte,
583 653 615 696 ut
632 660 712 697 mox:
731 645 786 698 Pro
803 655 866 699 rota
882 653 963 712 porte
981 662 999 696 a
1016 647 1075 698 uita
1094 649 1179 710 longa
1198 653 1245 699 aut
1262 647 1359 700 brevia

205 719 385 773 dicuntur:
403 717 454 768 ubi
472 716 532 773 cod.
552 716 747 767 Britannicus:
765 723 843 782 parte
861 718 929 768 uita.
966 718 1020 770 Vel
1039 718 1114 792 lege,
1133 732 1184 784 pra
1199 724 1262 770 rata
1277 725 1361 783 parte

205 797 262 844 aut
280 790 375 855 longa,
392 788 441 840 vel
459 786 512 837 ita
531 787 624 848 longa.
662 787 736 838 Nam
755 787 809 838 etsi
827 786 933 839 alicubi
956 801 974 838 a
987 787 1051 839 'uita
1078 805 1132 858 pro
1156 787 1192 838 ab
1210 786 1361 841 bominibus

205 870 285 922 reete
304 859 431 912 dicaturt
460 856 510 908 hic
528 865 630 920 tamen
643 857 692 909 vel
711 856 786 908 illud
803 857 837 908 ab
857 855 1002 909 bominibus
1024 858 1239 928 putidissimum
1267 868 1357 924 esset;

205 930 393 986 metuendum
418 927 531 980 scilicet
555 933 630 990 erat,
664 938 700 978 ne
730 941 748 977 a
775 927 881 979 bestiis·
900 928 958 980 dici
985 929 1176 982 crederemus.
1220 929 1358 987 Ceterum

205 1010 287 1054 muta
320 998 599 1070 interpunctionemt
640 996 679 1051 Ut
704 996 797 1065 cuique
829 998 895 1051 data
926 1004 988 1051 sunt
1016 1014 1067 1066 pro
1092 1006 1156 1052 rata
1179 1005 1278 1066 parte,
1315 999 1358 1053 ita

206 1073 250 1126 lon
274 1088 291 1123 a
317 1079 373 1124 cet.
826 1092 840 1098 ¹·

195 1144 198 1149 ’
250 1087 296 1178 g*
313 1143 380 1212 (lap.
400 1145 443 1198 40.
480 1138 679 1194 Contemnamus
697 1137 787 1205 igitur
803 1154 890 1192 omnes
908 1138 1044 1207 ineptiae:
1071 1141 1141 1209 quod
1158 1140 1226 1194 enim
1244 1140 1357 1194 leuius

205 1212 270 1267 buia
295 1212 403 1266 lenitati
428 1227 520 1264 nomeu
553 1208 699 1278 imponant
734 1211 850 1280 Repone
875 1211 1040 1265 certissime
1063 1212 1188 1277 lenius,
1224 1212 1282 1264 hoc
1314 1221 1357 1264 est

204 1283 323 1349 mollius,
343 1280 507 1337 'clementius
544 1280 664 1334 Scilicet
687 1279 739 1332 illa
756 1282 855 1334 levitae
881 1282 1027 1335 acerbiore
1045 1284 1162 1334 nomine
1179 1282 1267 1356 digna
1285 1291 1357 1349 erat,

206 1372 291 1424 quam
307 1354 475 1420 ineptiarum.
513 1351 552 1403 At
569 1351 594 1402 si
612 1348 698 1403 leuius
715 1351 797 1424 legis,
817 1352 995 1404 contrarium
1011 1353 1099 1422 plane
1116 1352 1234 1405 indicas:
1254 1371 1358 1423 nempe

206 1426 320 1477 nullum
338 1425 431 1476 levius
448 1422 573 1474 viliusve
591 1437 696 1474 nomen
715 1421 843 1474 inveniri
861 1438 952 1492 posse,
971 1440 1056 1492 quam
1073 1423 1199 1490 ineptiae.

276 1508 296 1547 '¹‘
313 1511 384 1565 Ibid.
421 1508 644 1574 cogitationibus
661 1508 921 1574 molestissimis
938 1511 1129 1578 effeminatam]
1165 1511 1213 1564 Sic
1239 1512 1359 1580 quidem

205 1582 305 1648 Godd,
329 1590 358 1634 et
383 1597 480 1633 eorum
507 1579 684 1650 mancipium
711 1580 887 1633 Gebhardus.
924 1580 980 1633 Sed
1006 1582 1032 1632 si
1054 1581 1258 1647 molestissimis,
1287 1599 1359 1652 quo-

204 1655 298 1719 modo,
318 1669 431 1722 quaeso,
449 1649 644 1716 effeminarunt!
662 1669 711 1703 sur
729 1668 787 1703 non
804 1651 900 1722 potius
916 1651 1082 1718 cruciamur,
1103 1651 1273 1718 torquemur?
1301 1653 1360 1704 Hic

206 1733 269 1780 crat
296 1718 403 1775 iudicio
437 1738 516 1792 opus.
558 1723 647 1774 Recte
676 1721 771 1797 igitur
797 1721 936 1774 editiones
962 1731 1074 1775 veteres
1106 1707 1357 1775 Mollissimis:

206 1793 326 1866 quodsi
350 1792 413 1844 ideo
431 1800 526 1844 totum
549 1793 719 1862 spernimus,
747 1791 867 1860 quiade
886 1792 1050 1844 coniectura
1073 1793 1163 1858 venit,
1191 1810 1249 1846 non
1268 1811 1303 1845 ex
1321 1794 1360 1844 li-

205 1865 273 1919 bro:
293 1863 365 1935 quid
381 1864 491 1915 frustra
509 1879 586 1914 nunc
605 1878 691 1932 opere
708 1861 864 1929 abutimur,
891 1870 940 1915 aut
958 1863 1029 1933 quid
1047 1863 1081 1916 de
1105 1864 1209 1916 nostris
1228 1864 1359 1934 ipsorum

206 1933 383 1989 coniecturis
402 1934 538 2006 augurari
556 1935 719 2002 possumus?

277 2002 296 2039 *
313 2003 385 2057 Ibid.
424 2002 526 2060 Quodsi
544 2004 709 2068 expectando
727 2010 753 2056 et
771 2002 949 2059 desiderando
973 2003 1112 2072 pendemus
1138 2003 1272 2072 animis,
1296 2012 1358 2058 tru-

205 2073 318 2139 eiamur',
336 2070 483 2140 annueri
496 2088 548 2140 pro
566 2073 607 2126 Di
623 2072 794 2140 immortales,
818 2090 893 2143 quam
910 2074 967 2127 iter
982 2076 1055 2128 illud
1071 2075 1210 2129 iucundum
1235 2091 1293 2128 esse
1311 2077 1358 2128 de-

205 2147 261 2212 bet]
297 2144 406 2209 Scribe,
433 2145 601 2218 negantibus
625 2144 695 2197 licet
714 2145 874 2210 codicibus,
891 2146 1032 2212 pendemus
1050 2144 1173 2200 animi:
1201 2155 1234 2198 ut
1259 2155 1288 2199 et
1307 2146 1359 2198 alii

206 2225 237 2270 et
255 2216 359 2269 Cicero
377 2215 439 2285 ipse
456 2215 561 2285 passim
578 2215 748 2284 loquuntur.
784 2215 894 2268 Deinde
912 2232 1020 2287 repone
1039 2233 1075 2268 ex
1092 2217 1198 2271 nostris
1217 2217 1357 2284 omnibus,

205 2302 281 2355 quarn
298 2284 391 2340 illud
407 2283 493 2352 iter,
512 2302 579 2350 non,
596 2295 630 2338 ut
648 2293 677 2338 et
693 2285 840 2338 Victorius
858 2284 947 2351 dedit,
965 2285 1020 2340 iter
1036 2285 1117 2339 illud.

277 2374 348 2427 Ibid.
386 2373 459 2428 Prole
477 2372 519 2426 dii
535 2373 711 2430 immortales!
737 2391 822 2442 quam
849 2375 907 2426 iter
924 2373 996 2427 illud
1019 2373 1160 2428 iucundum
1185 2391 1242 2428 esse
1261 2377 1358 2442 debet,

205 2461 256 2514 auo
274 2446 408 2511 confecto,
425 2445 624 2510 nuttorettquo
642 2459 718 2508 curo,
736 2446 812 2496 nullo
829 2443 987 2499 sollicitudo
1009 2448 1103 2511 futura
1120 2444 1180 2512 fitt]
1218 2446 1263 2507 Ita
1280 2465 1360 2500 nunc

206 2525 237 2570 et
254 2517 402 2586 superiore
421 2515 532 2569 saeculo
551 2514 662 2567 editum
681 2523 723 2567 est
742 2531 778 2566 ex
795 2514 948 2581 codicibus,
967 2523 1011 2585 ut,
1027 2517 1117 2581 aiunt,
1146 2518 1360 2588 Manuscriptis.

206 2586 246 2639 At
264 2586 404 2642 editiones
422 2585 569 2657 principes
586 2585 673 2637 verbo
692 2584 833 2637 auctiores
851 2593 925 2636 sunt.
964 2587 1055 2641 Quam
1071 2585 1286 2652 optabiliter
1304 2589 1361 2642 iter

116 2695 120 2702 -
206 2657 280 2710 illud
304 2657 443 2711 iucundum
467 2669 525 2707 esse
550 2654 636 2707 debet.
672 2654 764 2719 Unde,
789 2655 896 2719 amabo,
920 2653 977 2707 hoc
998 2655 1128 2725 prodiit?
1155 2664 1234 2708 certe
1257 2674 1317 2709 non
1343 2677 1362 2712 a

207 2729 435 2782 correctoribus:
456 2724 524 2793 quia
541 2723 590 2777 vel
606 2722 700 2793 prima
717 2727 815 2777 fronte
833 2723 1038 2776 absurditatem
1055 2742 1135 2777 suam
1153 2727 1257 2795 prodit.
1277 2728 1361 2811 Ergo

207 2799 273 2852 veri
293 2808 336 2853 est
355 2796 488 2860 similius,
506 2802 541 2847 ut
557 2794 678 2847 verbum
696 2803 755 2848 tam
773 2802 872 2865 aperte
890 2794 1057 2848 mendosum
1077 2797 1171 2866 potius
1190 2797 1223 2848 ab
1240 2797 1287 2848 his
1308 2800 1363 2851 eri..

207 2877 326 2922 ceretur
345 2876 374 2921 et
390 2874 482 2930 textu,
502 2881 587 2935 quam
606 2864 638 2918 ab
657 2864 717 2917 illis
736 2866 829 2918 textui
848 2864 1035 2919 insereretur.
1071 2866 1193 2919 Videtur
1211 2868 1243 2920 ab
1262 2877 1362 2923 aucto-

206 2939 249 2992 ris
267 2956 353 2995 manu
371 2937 411 2990 sic
429 2936 527 3001 fuisse,
547 2938 628 2992 Quam
645 2935 804 3002 optabile
821 2937 876 2989 iter
892 2935 965 2989 illud
982 2943 1015 2989 et
1033 2935 1172 2990 iucundum
1195 2952 1253 2990 esee
1271 2939 1360 2997 debet.

207 3008 256 3063 Sic
274 3008 345 3062 alibi
363 3007 460 3060 iunxit
478 3007 533 3059 duo
552 3007 604 3058 illa
622 3007 742 3072 optabile
761 3015 789 3060 et
807 3004 955 3078 iucundum,
973 3007 1015 3060 De
1033 3007 1155 3062 Finibus
1174 3009 1198 3075 l,
1216 3013 1243 3075 6.
1263 3017 1291 3062 et
1302 3007 1360 3080 Ep

206 3079 287 3135 Fam.
305 3079 339 3144 V,
360 3081 401 3134 12
439 3078 484 3131 Ex
502 3076 625 3145 optabile
642 3075 696 3131 iter
713 3086 813 3131 natum
832 3086 874 3130 est
892 3077 967 3130 illud
984 3077 1151 3144 optabiliter.
1262 3082 1264 3089 ⁴

276 3162 297 3202 ’¹‘
319 3167 441 3234 Veroque
459 3165 495 3231 ei,
513 3163 571 3234 qui
587 3181 710 3220 amenum
726 3167 950 3232 praebuerat,
974 3174 1079 3220 martem
1102 3173 1141 3219 est
1160 3183 1216 3221 eam
1234 3181 1362 3232 augura·

207 3236 262 3303 tue]
298 3236 346 3290 Sic
365 3237 519 3290 editiones:
548 3236 629 3305 atqui
653 3253 712 3289 non
730 3236 835 3290 Critias
852 3253 997 3289 venenum
1023 3237 1199 3292 Therameni
1223 3240 1363 3306 praebuit,

206 3307 256 3360 sed
274 3308 412 3362 carnifex.
450 3307 553 3360 Nostri
573 3323 670 3360 omnes
687 3306 923 3380 praebiberat:
951 3315 985 3358 ut
1003 3316 1032 3360 et
1049 3308 1173 3377 plurimi
1190 3310 1265 3378 apud
1284 3311 1362 3363 Geb-

207 3376 342 3432 bardum
377 3377 461 3432 Unde
479 3377 622 3430 facillima
640 3386 701 3430 erat
719 3376 938 3447 certissimaque
962 3379 1132 3444 emendatio,
1156 3379 1211 3431 cui
1235 3395 1363 3436 uenenum

206 3449 451 3517 praebiberat:
480 3448 557 3517 quod
575 3447 693 3516 quidem
710 3447 817 3500 Critiae
835 3448 986 3517 praebibit,
1011 3467 1102 3518 quum
1126 3448 1210 3514 dixit,
1237 3446 1363 3518 Propino

207 3518 259 3572 lloa
275 3519 389 3585 pulebro
408 3518 523 3573 Critiae.
561 3517 740 3571 Glossarium
758 3518 1045 3575 Graeco-Latinum
1073 3523 1210 3591 προπίνω,
1233 3523 1362 3590 propino,

206 3589 329 3656 probibo.
355 3590 436 3643 Corr.
454 3586 591 3656 praebibo·
1255 3626 1257 3630 .

280 3671 389 3730 *Ibid.
427 3675 494 3731 Quis
510 3675 580 3728 bane
598 3675 700 3730 animi
721 3675 860 3731 morini
881 3676 1040 3746 aequitatem
1066 3677 1175 3747 inipso
1192 3688 1276 3733 morte
1297 3684 1364 3738 lau.

209 3746 298 3810 daret,
324 3747 353 3799 ai
376 3752 482 3799 mortem
499 3747 594 3800 malunt
611 3747 781 3814 iudicarat]
818 3749 882 3822 Ego
906 3765 976 3803 vero
999 3765 1057 3802 non
1081 3751 1165 3804 laudo
1191 3752 1243 3804 hic
1264 3769 1365 3808 socor-

210 3817 287 3870 diam
309 3825 339 3870 et
364 3813 498 3886 dplnptar
520 3815 688 3872 Editorum:
724 3835 822 3872 omnes
845 3819 923 3872 enim
942 3821 1034 3872 nostri
1052 3821 1148 3887 codd,
1175 3831 1204 3874 et
1231 3823 1365 3894 ipsorum

210 3904 336 3958 quoque,
354 3897 388 3940 ut
406 3889 501 3953 oredo,
518 3888 624 3941 habent
642 3891 756 3943 inverso
781 3889 881 3942 ordine
899 3891 1045 3944 Maximi
1062 3891 1167 3944 animi
1184 3888 1363 3961 aequilaterus

211 3959 288 4029 quod
305 3960 403 4030 ipsum
421 3959 590 4013 concinnius
610 3968 639 4013 et
656 3960 835 4014 numerosius
853 3969 905 4027 est,
931 3979 1018 4031 quam
1035 3962 1109 4014 illud
1134 3962 1268 4018 alterum.
1305 3967 1366 4022 Sed

210 4047 248 4083 ex
264 4047 334 4084 vero
353 4029 454 4083 ordine
480 4047 557 4083 nunc
582 4040 730 4101 comperto
754 4032 903 4101 praeclara
919 4033 1050 4102 ,insuper
1073 4034 1202 4087 nascitur
1227 4039 1365 4091 emenda·

169 4141 176 4146 .
208 4100 263 4153 tio:
283 4118 349 4155 nam
367 4100 490 4168 aequitas
507 4100 591 4155 animi
617 4110 646 4154 et
668 4101 777 4155 inanimi
803 4100 887 4155 animi
908 4103 993 4172 plane
1011 4104 1124 4157 diverse
1144 4114 1211 4158 sunt
1238 4116 1269 4159 et
1293 4108 1364 4163 aot-

210 4175 316 4226 oram
340 4169 386 4223 'l'u
408 4173 488 4248 lege:
517 4171 582 4228 oute
603 4170 672 4224 bane
698 4171 872 4227 inanimam
896 4172 981 4227 animi
998 4174 1172 4242 aequilaterus
1199 4177 1276 4246 quod
1293 4196 1365 4249 per-

209 4240 277 4293 inde
296 4249 338 4293 est
355 4258 388 4293 ac
406 4243 430 4294 si
447 4241 574 4308 dixisset,
593 4242 660 4312 Quis
676 4241 747 4296 bano
764 4243 902 4298 maximam
920 4245 1165 4313 aeqmnius'taton:
1185 4248 1233 4302 sed
1246 4251 1363 4304 averbo

210 4309 275 4377 illo,
292 4311 348 4363 etsi
364 4311 550 4380 Terentiano,
570 4313 671 4368 Cicero
689 4315 836 4371 abstinuit.

278 4377 298 4418 i
316 4381 383 4451 Gap.
403 4385 446 4438 a.
486 4384 524 4439 Ut
550 4391 599 4447 out
622 4400 714 4440 sensus
742 4385 846 4440 omnino
867 4400 955 4441 nors
978 4398 1088 4441 ornnes
1111 4387 1234 4454 autaut]
1279 4391 1362 4465 Lege
