2856 5084
603 232 730 298 LIBER
751 231 797 314 V,
817 233 849 300 2.
1085 244 1091 261 '·
1253 234 1293 296 ll

141 409 213 473 nos,
238 393 298 460 sed
324 396 459 461 omnino
482 398 553 478 pite
574 397 748 460 hominnm
769 399 843 462 sinc
863 404 898 460 to
919 414 991 461 cass
1011 392 1195 479 potuisset!
1235 393 1375 458 Tuom

139 479 240 542 urbes
261 482 436 562 peperistis
474 488 512 542 tu
532 479 708 562 dissipatos
736 479 887 542 homines
915 480 951 540 in
977 481 1170 541 societatem
1201 480 1294 542 vitae
1322 464 1346 500 ³·

140 564 347 635 convocasti3
372 570 411 624 tu
431 580 488 625 sos
508 564 599 625 inter
618 582 655 625 se
675 565 785 644 primo
808 561 1000 639 domiciliis,
1030 559 1150 624 deinde
1177 563 1293 622 coniu-

138 646 216 731 giis,
237 651 309 705 tum
330 644 508 707 literarum
529 654 564 706 et
589 663 713 708 vocum»
736 647 969 708 communione
997 645 1153 706 iunxisti:
1174 651 1212 705 tu
1240 645 1293 704 in·

138 727 274 788 ventrix
301 727 423 808 legum,
454 725 494 788 tu'
525 730 686 812 magistra
711 746 852 789 'morum
879 736 915 790 ct
950 725 1145 806 disciplinae
1183 726 1291 790 inisti.

138 807 191 869 Ad
211 817 245 870 te
266 812 489 894 confugimus,
510 829 530 870 a
553 819 586 872 te
615 806 713 892 apem
745 812 906 892 petimuss
935 810 1000 874 tibi
1028 828 1101 883 nos,
1131 814 1173 868 ut
1197 815 1294 870 antea

138 910 259 976 magna
279 910 319 952 ex
341 901 449 974 parte,
471 893 521 952 sic
542 910 632 953 nunc
654 893 786 972 penitus
819 899 974 974 totosque
1005 888 1180 952 tradimus.
1234 889 1293 952 Est

138 983 250 1035 autem
270 994 357 1056 unus
378 972 450 1037 dies
473 972 558 1037 beno
585 981 620 1035 et
640 993 681 1036 ex
701 976 891 1056 praeceptis
911 974 980 1035 tuis
1001 982 1108 1050 actus,
1138 970 1292 1054 peccanti

137 1161 206 1212 nino
225 1178 291 1213 sana
310 1168 353 1212 est
375 1159 499 1213 aliorum
516 1162 670 1213 Msstcrnm
694 1159 793 1216 lectio.
830 1159 970 1230 Apuleius
993 1161 1027 1213 de
1051 1159 1156 1214 Mundo
1182 1175 1244 1228 cap.
1264 1163 1290 1212 l.

137 1228 219 1286 Mili
235 1231 356 1283 virtutis
374 1230 547 1306 indagatrix,
566 1231 773 1302 expultrixque
789 1232 940 1294 vitiorum,
969 1231 1129 1285 divinarum
1150 1229 1294 1297 particeps

137 1317 241 1365 rernm,
256 1298 433 1370 philosophia
450 1301 607 1358 videbatur.
645 1302 720 1369 Quae
748 1304 815 1353 cum
837 1303 961 1372 scripsit,
991 1302 1138 1355 Ciceronis
1157 1302 1237 1353 locus
1263 1300 1292 1353 ci

137 1372 198 1424 suit
215 1372 246 1422 in
265 1380 400 1424 mentem.
437 1372 512 1437 Quin
530 1380 559 1426 et
577 1390 643 1427 eum
669 1371 785 1424 laudan't
802 1372 967 1426 Lactantius
992 1372 1056 1425 Div.
1082 1374 1153 1434 inst.
1172 1372 1226 1436 111,
1245 1374 1288 1428 13.

136 1459 172 1495 ac
188 1442 348 1496 Priscianus
365 1441 416 1499 lib.
434 1443 514 1496 vul.
526 1444 585 1509 ‚col
608 1445 668 1501 ist.
687 1459 742 1497 nec
759 1459 775 1494 a
791 1460 810 1494 v
879 1443 917 1495 tis
935 1443 1049 1497 abeunt.
1084 1443 1122 1496 D.

67 1567 70 1574 ,
210 1513 251 1565 Ta
274 1513 359 1566 aries
378 1512 542 1582 peperisti]
579 1513 624 1566 Ad
650 1513 821 1566 sententiam
857 1515 916 1567 acit
938 1515 985 1569 Or.
1011 1513 1155 1583 protest.
1175 1522 1290 1585 tait-2

138 1581 194 1638 Qui
208 1583 299 1653 igitar
315 1583 407 1653 primi
423 1583 524 1637 virtute
537 1584 698 1656 praestanti
714 1583 891 1650 emitterent,
920 1583 946 1637 ii
960 1590 1103 1653 perspecto
1120 1607 1223 1659 genere
1240 1588 1293 1642 aa.

136 1669 235 1714 manae
252 1654 410 1708 docilitatis
426 1654 639 1723 atqueiagenii
655 1653 810 1722 dissipatos
826 1671 911 1708 anam
927 1655 959 1709 in
977 1656 1067 1708 locum
1086 1667 1292 1728 congregarunt

136 1741 234 1794 eosque
252 1741 286 1779 ea
303 1724 420 1792 feritate
437 1724 546 1779 ittotai
564 1726 705 1780 iustitiam
723 1732 806 1794 atpae
823 1726 1059 1781 mansuetudinem
1069 1733 1291 1785 transduxerunt

136 1803 193 1848 etc.
229 1796 315 1850 Plura
332 1796 367 1850 de
386 1796 499 1872 origine
526 1797 679 1850 civitatum
700 1815 728 1849 v.
755 1797 791 1850 ad
808 1795 869 1853 cic.
893 1797 929 1850 (le
947 1796 1017 1868 Rep.
1043 1799 1092 1852 vt.
1113 1806 1155 1858 13.
1179 1821 1208 1873 p.
1228 1806 1302 1859 478„

137 1865 191 1918 Ed.
237 1875 305 1919 ostr.
332 1865 403 1922 Ata.
427 1885 500 1939 quae
526 1866 647 1942 collegit
680 1866 808 1938 plurima
830 1867 948 1922 Beierus
976 1869 1012 1921 ad
1038 1868 1098 1922 Gic.
1127 1866 1162 1926 (le
1190 1872 1289 1931 ΟΜ.

137 1953 165 2006 p·
185 1940 202 1992 3
239 1977 245 1990 .
266 1935 351 2007 11.p.
372 1940 415 1994 81.
452 1941 603 2004 Praeterea
621 1938 738 1990 Viazan.
757 1938 792 1991 ad
810 1938 898 1992 Orell.
923 1939 1029 1991 Lucan.
1055 1957 1084 2009 p.
1104 1945 1177 2008 225„
1203 1945 1291 1997 Plana

136 2006 173 2059 ad
190 2008 282 2060 nostri
299 2007 357 2060 loci
380 2009 554 2061 sententiam
579 2009 712 2078 loquitur
733 2008 768 2061 de
788 2009 834 2062 Or.
855 2011 876 2062 l.
896 2011 921 2064 9.
959 2010 1000 2063 Le
1023 2010 1084 2062 itur
1105 2013 1138 2066 in
1162 2031 1219 2067 unc
1238 2015 1290 2069 Ox.

136 2079 166 2132 in
185 2079 357 2132 societate
382 2078 552 2133 convocasti:
579 2079 653 2133 Gnd.
672 2082 699 2139 2.
718 2079 829 2133 omittit
847 2086 1013 2134 convocante.
1048 2080 1115 2136 ch.
1140 2085 1239 2137 Dnisb.
1260 2093 1291 2139 et

134 2148 188 2202 Ed.
214 2152 244 2202 P.
262 2147 369 2202 habent
393 2150 487 2218 primo
510 2149 585 2202 inter
602 2166 642 2215 se,
669 2153 745 2205 Mon.
766 2153 790 2204 1.
815 2144 896 2203 inirer
913 2167 991 2204 sese
1014 2152 1117 2220 primo.
1154 2157 1238 2209 Verb.
1258 2156 1290 2208 in

135 2236 226 2294 marg.
247 2221 279 2271 in
296 2219 353 2273 MS.
379 2221 476 2273 nescio
502 2237 558 2290 quc
583 2221 680 2275 deesse
702 2220 744 2272 ait
767 2223 841 2275 inter
864 2236 903 2273 se.
929 2221 995 2274 Cod.
1016 2223 1099 2275 vind.
1122 2229 1145 2278 l.
1173 2225 1291 2277 exhibet

133 2290 269 2360 primic
287 2288 452 2355 domiciliis,
470 2309 544 2343 unus
564 2291 615 2344 Ox.
632 2290 916 2362 primodomiiiis.
944 2292 1026 2344 Unus
1044 2292 1095 2349 Ox.
1116 2311 1183 2345 cum
1201 2294 1289 2347 Mart.

135 2369 165 2414 et
183 2362 257 2416 Gnd.
276 2363 302 2415 2.
322 2366 359 2414 ta
376 2362 543 2425 literarum
560 2362 634 2414 alius
652 2362 702 2414 Ox.
722 2376 815 2414 vocum
828 2360 1019 2414 communione
1036 2362 1208 2416 coniunxisti
1224 2382 1291 2417 curn

92 2430 93 2436 ’
134 2430 188 2488 Ed.
200 2435 230 2486 P.
246 2431 369 2504 Legitur
386 2434 556 2486 communi
574 2448 635 2485 ore
653 2431 773 2486 iunxisti
789 2431 821 2483 in
838 2430 895 2484 MS.
916 2432 951 2484 ad
967 2450 1057 2508 marg.
1078 2433 1142 2489 Asc.
1161 2444 1250 2488 nostr.
1260 2437 1287 2490 i.

81 2558 88 2576 Ι
134 2502 206 2558 Edu.
226 2502 260 2555 A.
279 2504 312 2556 B.
332 2501 360 2555 S.
380 2503 414 2555 E.
439 2503 510 2555 Ven.
535 2511 623 2555 nostr.
664 2503 706 2556 Ta
730 2502 845 2556 lamen
868 2503 962 2572 legum
986 2511 1029 2555 est
1055 2504 1085 2556 in
1109 2505 1182 2557 Edu
1198 2508 1231 2559 Ρ.
1260 2511 1290 2560 et

134 2569 205 2630 Ven.
223 2573 330 2640 Alteri,
358 2572 391 2624 in
408 2589 466 2626 uno
485 2574 535 2627 Ox.
554 2579 583 2626 ta
600 2572 741 2642 magistra
758 2588 893 2637 reram,
918 2573 950 2625 in
974 2572 1046 2627 Edd.
1066 2576 1094 2627 P.
1112 2577 1145 2628 Α.
1164 2576 1196 2632 Β.
1216 2578 1287 2631 Ven.

134 2652 224 2697 nostr.
244 2643 307 2699 Asc.
329 2648 353 2699 l.
373 2644 400 2697 2.
418 2641 500 2697 lunt.
526 2649 553 2698 et
575 2644 776 2712 disciplina
801 2644 901 2709 fuisti,·
927 2644 959 2697 in
977 2645 1044 2713 Coi.
1063 2645 1148 2698 Vind.
1169 2650 1195 2700 l.
1223 2664 1241 2701 a
1259 2655 1289 2702 te

136 2712 243 2767 uitam
259 2715 395 2782 petimus,
425 2715 457 2765 in
480 2714 547 2768 Cod.
572 2717 647 2767 Mon.
666 2720 692 2770 1.
720 2721 749 2767 ot
771 2723 848 2767 ante
866 2730 971 2783 magna
994 2731 1029 2769 ea
1048 2723 1151 2784 parm
1180 2718 1212 2770 in
1229 2735 1288 2772 unc

135 2785 186 2854 Ort.
208 2791 239 2838 at
256 2785 395 2838 domina
411 2800 516 2852 magna
534 2785 569 2838 ec
585 2790 679 2853 parte.
717 2784 906 2855 lrrepsitlhic
924 2787 1045 2840 fortasse
1069 2786 1133 2840 loco
1158 2788 1289 2842 adverbii

133 2856 235 2930 glossa,
255 2871 342 2924 eaque
360 2873 462 2926 parum
481 2865 555 2927 apta,
573 2857 653 2909 vocis
670 2856 818 2923 magistro.
853 2855 899 2908 Ad
921 2873 949 2907 v.
975 2856 1124 2910 literarum
1147 2864 1174 2911 et
1191 2875 1288 2912 vocum

133 2925 324 3052 cppnmpuiopp
340 2926 494 2980 Ernestus:
514 2963 533 2992 „
542 2927 562 2978 i.
582 2943 626 3006 e,
637 2926 687 2992 ait,
706 2942 845 2991 sermone,
870 2925 921 2996 qui
939 2935 1051 2982 constat
1074 2927 1170 2981 literis
1189 2938 1219 2982 et
1236 2946 1288 2983 vc·

132 3014 160 3050 01
179 3015 220 3049 us.
313 3013 339 3049 l'n

206 3068 248 3121 sic
266 3084 339 3122 nunc
352 3067 465 3138 penitus
483 3063 607 3140 totosque
623 3067 774 3136 tradimus]
810 3067 922 3133 „Faba
942 3068 1003 3121 cod.
1028 3058 1129 3136 magna
1152 3077 1288 3138 exparte

134 3145 208 3192 totos
230 3139 399 3192 tradimus.“
424 3137 506 3193 Gaii.
543 3142 629 3193 Plane
654 3139 695 3191 ita
719 3139 787 3193 Cod.
811 3137 908 3191 Dnisb.
935 3139 1007 3192 item
1033 3141 1144 3193 omissis
1169 3141 1288 3209 vocibus

108 3280 110 3285 Ι
132 3209 177 3263 sic
194 3208 393 3336 nuncppaitus
411 3242 450 3264 -,
463 3229 520 3281 pue.
556 3212 628 3265 Tres
656 3210 726 3279 Opx.
752 3208 794 3263 sic
818 3225 891 3263 nanc
904 3209 1063 3279 petimus
1089 3217 1211 3281 totosque
1228 3219 1289 3266 tra·

134 3282 260 3336 dimus..
308 3296 330 3334 r.
470 3322 472 3327 .
1093 3325 1097 3330 ,

198 3353 258 3406 'Est
276 3359 360 3406 autem
371 3368 444 3407 unas
458 3350 522 3409 ates
531 3385 562 3396 -
570 3349 699 3423 peccanti
714 3351 922 3420 immortalitati
933 3352 1160 3424 anteponendos]
1179 3351 1286 3419 „Ami-

134 3441 183 3476 cus
204 3440 284 3476 meus
309 3432 391 3494 putat
418 3424 574 3497 legendum
593 3422 734 3493 peccantis
756 3439 822 3494 prc-
834 3425 994 3491 peccanti.“
1013 3425 1148 3479 Ursinus.
1185 3423 1286 3489 „Con-

134 3494 219 3547 cinna
237 3502 266 3548 et
283 3503 403 3548 venusta
420 3495 576 3548 antithesis
603 3497 696 3551 Unus
708 3493 783 3564 vities,
804 3494 911 3562 inquit,
931 3504 1010 3565 actus
1032 3514 1068 3548 ex
1085 3493 1284 3566 philosophiae

132 3565 303 3637 praeceptis,
322 3565 417 3636 pluris
437 3573 488 3631 est,
508 3583 593 3635 quam
612 3562 813 3618 immortalitas
831 3583 964 3634 peccans:
985 3566 1199 3619 immortalitati
1218 3569 1286 3636 pec-

133 3636 210 3688 canti
232 3654 323 3689 unum
346 3637 424 3689 diem
447 3652 483 3690 cx
499 3636 660 3708 praeceptis
679 3635 879 3705 philosophiae
902 3645 998 3690 actum
1026 3636 1166 3708 opposuit.
1205 3637 1286 3701 Quasi

132 3715 228 3760 autem
247 3707 318 3759 olim
337 3707 448 3759 editum
466 3715 509 3760 est
523 3723 610 3775 paene
628 3705 683 3762 toti
701 3706 916 3774 immortalitati,
946 3722 999 3778 pro
1015 3709 1144 3776 peccanti
1168 3705 1287 3758 immor-

132 3774 254 3842 talitati,
280 3775 360 3827 nobis
380 3777 608 3846 imprudentibus
627 3786 657 3830 et
674 3777 775 3829 invitis
793 3778 902 3830 iactum
922 3787 977 3830 est:
1008 3797 1075 3830 cum
1094 3781 1127 3843 is,
1155 3776 1206 3844 qui
1224 3776 1287 3827 etli-

132 3849 206 3901 tioni
225 3848 274 3900 illi
292 3855 433 3916 praeerat,
453 3848 648 3900 coniecturam
673 3849 755 3900 illam
772 3847 919 3901 cuiusdam
945 3848 1032 3900 arnici
1057 3849 1124 3912 mei,
1148 3853 1284 3910 tanquam
1354 3876 1358 3884 -

132 3919 208 3970 mihi
225 3917 382 3989 probatam,
401 3933 486 3984 quam
504 3917 601 3970 delere
620 3918 724 3971 oblitus
744 3936 832 3984 eram,
857 3934 911 3987 pro
928 3935 997 3969 vera
1013 3917 1148 3975 lectione,
1174 3928 1220 3962 me
1239 3913 1287 3962 in-

132 3988 273 4057 consulto,
292 3996 405 4042 secutus
425 3987 528 4040 esset.“
546 3984 670 4042 Lamiin.
690 4007 750 4041 cur.
771 4005 826 4045 sec.
847 4014 881 4024 -
908 3987 971 4106 55⁰
989 3984 1060 4036 libri
1077 3999 1162 4035 manu
1181 3979 1285 4062 scripti
1341 4009 1349 4015 ι

131 4060 289 4114 lectionem
305 4059 405 4130 probo,
426 4075 498 4127 quae
518 4067 572 4111 est:
601 4059 652 4111 Est
669 4067 759 4111 autari
775 4072 845 4110 ursas
863 4055 924 4108 diss
959 4069 1009 4105 eae
1031 4057 1057 4104 et
1075 4068 1109 4104 ea
1126 4056 1287 4119 praeceptas
1351 4111 1352 4115 Ἰ

133 4133 191 4185 tuis
215 4138 293 4190 actas
312 4130 555 4198 perpetuitati
572 4135 602 4182 et
620 4124 833 4181 immortalitati
854 4122 1088 4192 anteponendus-‘⁴
1112 4122 1178 4176 Fra.
1197 4121 1288 4175 soor.-

132 4201 288 4272 „Grpphii
305 4202 381 4255 liber
397 4200 484 4253 habet
499 4196 636 4266 peccanti,
654 4206 689 4249 ut
706 4197 759 4249 alii
775 4194 896 4316 vulperti.
921 4192 1012 4247 Primi
1030 4194 1127 4248 excusi
1145 4192 1285 4257 Venetiis,

133 4289 204 4341 quos
222 4273 352 4342 sequitur
368 4270 515 4325 Victorius
543 4278 572 4323 et
593 4276 659 4339 post
682 4283 747 4319 eum
765 4267 836 4318 Lam
855 4265 919 4338 inus
935 4279 1024 4333 paene
1048 4267 1101 4319 toti
1118 4265 1287 4320 immortali·

133 4345 197 4398 tati.
233 4343 307 4398 Mihi
324 4343 413 4398 lectio
429 4340 559 4414 peccanti
576 4356 629 4394 cur
647 4335 832 4409 improbanda
850 4345 933 4404 esset,
947 4337 1034 4412 ¹nulla
1052 4354 1134 4392 causa
1152 4344 1195 4391 est
1211 4335 1283 4390 vise.
1304 4377 1306 4386 ι
