2856 5084
601 270 732 333 monn
753 270 797 350 V,
818 274 848 336 7.
1261 276 1303 339 45

148 433 281 517 quidem
310 437 459 497 refertus
487 437 641 500 omnibus
670 435 829 519 praemiis
860 434 1021 518 donisque
1042 439 1210 517 fortunae,
1233 457 1301 501 uon

148 520 311 600 equitatu,
343 538 409 580 non
432 517 643 600 pedestribus
666 522 782 601 copiis,
815 540 883 580 non
912 521 1048 580 navium
1075 521 1301 600 multitudine,

147 620 215 661 non
244 602 376 662 infinito
406 601 554 684 pondere
586 604 662 663 auri
684 611 872 678 contentus,
905 604 1092 683 praemium
1111 607 1300 685 proposuit,

147 685 204 765 qui
231 685 413 747 invenisset
434 686 794 769 novamvoluptatem.
839 685 913 767 Qua
938 687 1014 768 ipsa
1043 705 1111 747 non
1132 688 1200 748 fuit
1220 707 1301 769 con-

144 869 359 923 Lambinianam
378 871 608 923 emendationem
625 873 787 925 muneribus
804 888 857 941 pro
872 869 1011 941 praemiis
1034 871 1141 925 merito
1166 889 1224 925 non
1250 891 1299 927 ne·

145 943 296 994 cessariam
315 943 492 993 existimavit
510 943 639 998 Wolfius
658 943 689 993 in
709 941 831 1008 scholis3
858 960 952 1012 neque
971 943 1062 1016 magis
1077 941 1240 996 'necessaria
1256 945 1301 996 vi·

144 1011 231 1063 detur
247 1013 373 1065 Bentleii
392 1014 547 1076 correctio,
566 1031 594 1081 q.
614 1031 641 1064 v.
662 1013 710 1064 sed
728 1013 788 1082 ipse
805 1014 1029 1066 hariolationem
1056 1014 1139 1069 dixit.
1177 1015 1212 1066 ln
1232 1015 1311 1077 cod.

145 1083 220 1135 Gud.
241 1086 266 1138 2.
285 1092 327 1136 est
347 1084 505 1147 refertur,
533 1084 565 1134 in
582 1085 656 1136 ltlon.
678 1088 701 1137 l.
729 1093 758 1134 et
775 1101 833 1136 uno
852 1085 902 1136 Ox.
931 1085 1102 1151 beatorum
1127 1085 1159 1136 in
1177 1084 1252 1140 Gud.
1273 1090 1298 1141 l.

144 1187 199 1224 nou
218 1172 322 1237 avium,
343 1180 407 1223 orto
427 1188 525 1223 errore
545 1188 579 1222 ex
591 1173 918 1242 scriptioneuoNnvrvu
928 1173 978 1225 vel
993 1172 1171 1229 NONAVlV.
1187 1173 1262 1230 Gud.
1274 1177 1301 1231 2.

145 1258 200 1297 non
217 1243 349 1309 introita.
385 1244 465 1295 Unus
484 1243 533 1294 Ox.
554 1244 665 1294 omittit
683 1245 758 1306 auri,
778 1246 852 1295 Mon.
874 1249 897 1300 l.
918 1242 1004 1296 habet
1023 1257 1111 1296 aure.
1151 1246 1209 1297 Mr.

215 1313 290 1365 Num
307 1314 418 1367 Xerxes
435 1313 556 1380 quidem]
593 1314 724 1366 Valerius
747 1315 887 1365 Maximus
913 1313 964 1364 lib.
990 1315 1036 1367 lX.
1065 1331 1124 1383 cap.
1145 1315 1168 1380 1,
1188 1319 1213 1370 3.
1230 1323 1298 1375 ext.

146 1383 220 1449 Age,
246 1385 360 1437 Xerses
387 1400 467 1450 opum
490 1385 635 1449 regiorum
657 1385 848 1438 ostentatione¹
869 1385 982 1449 eximia,
1014 1401 1044 1437 eo
1074 1401 1158 1451 usque
1183 1386 1299 1439 luxuria

144 1455 290 1520 gaudebat,
310 1461 341 1507 ut
358 1455 449 1507 edicto
465 1455 667 1521 praemiumve
680 1462 857 1523 proponeret,
877 1459 926 1524 qui
949 1472 1047 1508 novum
1071 1458 1222 1523 uoluptatis
1247 1474 1298 1525 ge·

143 1540 199 1577 uuo
216 1529 374 1592 reperisset.
412 1525 491 1576 Idem
511 1525 544 1577 de
563 1526 659 1591 Dario,
681 1544 767 1596 quem
784 1527 858 1578 vicit
876 1527 1047 1592 Alexander,
1074 1535 1211 1581 testatum
1229 1529 1299 1580 reli·

142 1595 208 1664 quit
233 1597 389 1649 Clearchus
416 1597 490 1665 apud
513 1595 693 1648 Athenaeum
721 1597 773 1657 lib.
798 1599 861 1649 XII.
890 1616 955 1670 pag.
983 1599 1044 1655 539.
1081 1598 1115 1649 ld
1140 1607 1237 1651 autem
1263 1600 1297 1653 de

142 1669 254 1719 cunctis
263 1670 412 1720 Persarum
427 1667 551 1756 Regibus
571 1667 698 1758 affirmat
715 1667 930 1751 Theophrastus
948 1670 1023 1737 apud
1041 1669 1163 1722 eundem
1182 1670 1231 1723 lib.
1247 1671 1296 1724 IV.

141 1738 568 1878 ebitutttttt‘tt
584 1739 916 1880 ttt‘ttttttt.
934 1756 998 1868 'tt‘
1021 1743 1216 1880 ttttttu
1235 1761 1298 1867 {tt

143 1882 242 1946 καινὴν
258 1879 362 1947 ἡδονὴν
381 1882 513 1951 ἀργυρίου
531 1884 642 1947 πλῆθος.
678 1881 749 1932 Vide
770 1891 798 1933 et
816 1882 866 1933 lib.
885 1883 948 1934 xli.
967 1900 1032 1955 pag.
1053 1885 1113 1938 545.
1151 1884 1186 1936 D.

141 1996 144 2001 ·
216 1968 345 2022 Omnibus
375 1969 510 2038 praemiis
536 1969 671 2039 donisque
701 1969 848 2036 fortunae]
891 1970 1043 2023 Lambinus
1075 1972 1297 2026 rescribendum

142 2040 278 2106 coniecit,
303 2041 427 2093 omnibus
452 2041 618 2094 muneribus
645 2042 778 2110 donisque
802 2043 942 2107 fortunae.
979 2040 1052 2092 ltlihi
1079 2042 1157 2094 nihil
1181 2043 1297 2096 videtur

142 2112 346 2167 innovandum.
383 2111 477 2163 Julius
496 2112 640 2163 Firminus
659 2113 692 2164 de
710 2113 810 2167 Error.
830 2113 905 2165 Prof.
925 2111 1018 2186 Relig.
1038 2130 1102 2186 pag·
1122 2116 1162 2167 17.
1199 2116 1297 2169 Custo-

142 2184 193 2236 des
217 2184 340 2252 primum
366 2182 510 2249 regalibus
537 2183 673 2251 praemiis
702 2184 926 2252 muneribusque
956 2185 1088 2251 corrupit.
1130 2186 1295 2239 Lactantius

140 2253 222 2324 Epit.
243 2271 301 2324 cap.
321 2253 394 2305 LIX:
413 2272 478 2328 pag.
502 2256 560 2307 178.
597 2253 659 2321 Ipsi
674 2254 820 2319 praesides
838 2255 930 2320 legum
954 2256 1091 2323 praemiis
1118 2257 1296 2308 muneribus-

141 2342 198 2394 que
220 2326 360 2393 corrupts'.'
374 2325 447 2377 Cum
465 2323 562 2377 eadem
581 2326 639 2376 sint
657 2341 775 2381 munere
794 2333 823 2376 et
842 2327 925 2388 dona,
945 2341 1004 2376 non
1021 2325 1105 2378 video
1127 2343 1179 2378 cur
1197 2336 1297 2381 noster

137 2397 278 2463 praemiis
302 2395 440 2464 donisque,
474 2395 550 2447 sicut
573 2396 618 2446 illi
643 2395 781 2464 praemiis
805 2396 1013 2464 muneribusque
1041 2397 1086 2447 uti
1112 2414 1171 2449 non
1193 2399 1293 2467 possit.

141 2467 306 2531 Quinetiam
324 2466 412 2519 Proba
429 2465 565 2518 Falconia
581 2467 784 2540 Virgiliooent.
810 2486 852 2519 vs.
872 2471 898 2524 8.
925 2483 1072 2535 magorum
1092 2472 1223 2538 praemia
1240 2486 1294 2539 pro

141 2538 223 2591 donis
243 2555 314 2607 quae
332 2537 397 2590 lesu
414 2537 542 2589 nascenti
561 2537 708 2605 dederunt,
727 2538 852 2592 adhibet.
888 2538 925 2594 D.

211 2625 372 2679 Praemium
387 2625 534 2694 proposuit
552 2627 590 2694 er]
616 2628 759 2683 Ultimam
777 2643 879 2681 vocem
896 2625 1089 2698 suppeditavit
1107 2628 1216 2682 Eliens.
1237 2647 1292 2684 seo.

138 2697 219 2752 deest
238 2699 316 2750 enim
334 2698 365 2748 in
382 2698 515 2771 vulgatis.
554 2699 590 2752 D.

209 2769 365 2838 praemium
390 2771 535 2836 proposuit
557 2770 608 2836 ei,
637 2769 699 2839 qui]
736 2770 801 2836 „Ei
828 2771 928 2823 'addidi
962 2787 1029 2822 eum
1052 2770 1168 2822 Davisio
1193 2787 1208 2823 e
1233 2771 1291 2826 MS.

137 2839 270 2894 Eliens.“
288 2841 357 2892 Era.
394 2841 530 2892 Probabat
548 2850 698 2910 receptum
717 2840 744 2892 ei
763 2841 848 2909 etiam
867 2840 1050 2894 Bouhierius:
1076 2842 1188 2910 recepit
1206 2839 1291 2895 Schz.

138 2912 202 2986 Ego
219 2929 289 2966 vero
314 2929 372 2964 non
397 2913 486 2988 magis
514 2929 600 2980 quam
617 2912 712 2966 Wolf.
734 2913 797 2967 Or..
812 2921 841 2966 et
858 2913 930 2964 Tbn.
957 2912 1079 2986 glossam
1097 2912 1293 2982 recipiendam

137 2983 218 3050 duxi,
238 3001 334 3054 quam,
353 2991 470 3052 praeter
488 2982 600 3051 aliquot
620 2982 700 3047 Oxx.‚
730 2983 754 3034 si
771 2983 840 3035 fides
859 2983 1018 3047 collationi,
1047 2982 1144 3034 nullus
1163 2985 1294 3057 agnoseit

136 3054 214 3109 liber
233 3057 360 3126 (praeter
378 3054 585 3125 interpolatum
603 3052 711 3117 Rehd.)
723 3053 780 3106 IttS.
802 3054 882 3106 nulla
900 3054 952 3106 Ed.
971 3063 1030 3106 vet.
1068 3053 1142 3118 Quae
1161 3063 1203 3106 est
1220 3056 1293 3109 item

137 3129 281 3181 sententia
299 3126 455 3178 Goerenzii
480 3125 514 3176 ad
533 3125 592 3180 cic.
619 3124 653 3176 de
673 3125 757 3177 Finn.
778 3124 814 3176 11.
834 3128 860 3179 5.
882 3129 924 3180 16.
948 3144 976 3196 Ρ.
999 3127 1059 3188 137,
1089 3126 1139 3194 qui
1164 3128 1293 3180 conferri

137 3198 228 3263 iubet,
248 3215 320 3268 quae
339 3196 435 3248 statim
453 3196 682 3280 subsequuntur:
701 3199 760 3248 Nos
777 3198 874 3248 uellem
891 3198 1019 3264 proemio
1030 3196 1131 3249 elicere
1137 3212 1291 3281 pessumus,

136 3267 581 3395 {emereretur
598 3265 794 3414 tepent·
811 3266 1045 3413 Aetate
1064 3269 1126 3390 tt
1144 3285 1293 3392 utre&

135 3413 218 3465 tion
236 3430 266 3482 Ρ.
277 3415 329 3467 196
338 3418 448 3480 sqq.·‘et
468 3410 603 3463 Oehs'n‘er.
622 3409 665 3462 ad'
676 3419 807 3460 nostrum
824 3409 921 3461 locum
939 3409 971 3460 in
988 3409 1090 3482 Eclo'g.
1111 3409 1169 3461 Cic.
1188 3427 1216 3478 p.
1227 3412 1289 3465 369.

137 3484 208 3553 ibiq.
228 3483 321 3535 laudd.
345 3483 416 3534 Add.
435 3482 597 3551 Wopkens.
615 3480 715 3533 'Leett
734 3481 812 3533 Tull.
832 3500 861 3550 p.
882 3483 942 3536 251.
971 3480 1020 3531 ubi
1039 3480 1165 3532 Handius
1188 3480 1291 3534 imme·

137 3555 197 3608 rito
215 3556 317 3625 probat
336 3554 364 3606 ei
382 3554 519 3618 additum,
540 3569 633 3622 neque
652 3560 731 3604 reete
750 3552 836 3602 aliam
854 3550 950 3617 huius,
979 3552 1076 3603 aliam·
1093 3551 1151 3603 loci
1177 3552 1207 3604 in
1231 3552 1289 3605 fine

133 3626 249 3696 capitis,
272 3626 414 3678 rationem
441 3642 499 3677 esse
527 3625 609 3676 dixit.
632 3650 665 3660 -
692 3623 783 3675 Verba
799 3623 954 3691 praemium
974 3650 1007 3660 -
1026 3628 1169 3686 contentus
1188 3623 1291 3677 desunt

135 3697 168 3748 in
186 3714 244 3750 uno
263 3699 324 3763 Ox„
344 3696 415 3748 alius
433 3695 519 3748 habet
536 3696 674 3764 proponit,
702 3694 775 3746 alius
801 3697 905 3759 posuit3
929 3697 1003 3747 Mon.
1023 3696 1049 3748 2.
1068 3694 1288 3761 proposuisset.

134 3770 210 3821 Mon.
228 3768 263 3822 ’1.
290 3785 358 3819 eum
382 3768 454 3819 Gud.
484 3772 507 3820 1.
528 3771 552 3821 2.
579 3767 666 3818 habet
692 3765 879 3831 uoluntatem
908 3783 961 3836 pro
988 3768 1160 3830 voluptutem.
1200 3767 1290 3831 Quam

133 3857 217 3910 saepe
234 3840 289 3891 hae
307 3854 392 3889 voces
408 3845 613 3906 permutentur.
631 3853 689 3888 non
708 3836 796 3890 semel
815 3838 955 3907 exemplis
973 3836 1068 3888 allatis
1086 3835 1194 3887 monui.
1214 3835 1288 3908 Aug.

134 3911 246 3964 omittit
262 3925 370 3963 nouom.
409 3909 468 3961 Mr.
1265 3973 1271 3985 Ι

206 3983 266 4038 Qua
284 3985 343 4049 ipse
361 3995 416 4032 nore
434 3977 490 4042 fuit
503 3977 683 4044 nomentum]
721 3978 930 4042 „intruserunt
948 3976 1064 4045 quidam
1082 3974 1156 4025 mede
1175 3973 1288 4026 fer-iau:

132 4071 189 4123 qua
206 4053 269 4123 ipse
286 4054 298 4106 i
304 4047 431 4105 aventii
449 4065 503 4103 non
520 4051 577 4115 fuit
595 4056 745 4102 contentus.
783 4048 839 4100 Sed
856 4063 929 4120 nego
957 4047 1026 4115 ipsis
1040 4045 1089 4126 ‘ius
1114 4044 1205 4097 fuisse
1222 4059 1290 4096 con·

132 4133 180 4177 tra
198 4142 295 4178 omnes
314 4125 404 4176 libros
424 4123 481 4174 suis
500 4121 599 4172 scoriis
617 4119 785 4172 Tullianum
803 4135 905 4169 aurum
930 4135 962 4168 ac
980 4121 1138 4185 puritatem
1157 4130 1288 4167 corrum-

130 4213 211 4265 pere.
250 4197 408 4270 Abnegant.
420 4193 496 4246 istud
514 4193 641 4260 quinque
659 4191 779 4242 Palatin.
800 4207 831 4240 ac
849 4189 940 4238 Vatic.
968 4186 1113 4252 editioque
1131 4185 1289 4238 Victorii.“

133 4267 217 4321 Gebt.
255 4268 371 4320 Addunt
398 4267 474 4318 illud
500 4266 610 4317 iuventa
633 4261 704 4313 Edd.
730 4259 763 4311 A.
787 4260 817 4313 B.
842 4257 870 4311 S.
897 4259 932 4309 E.
954 4256 984 4308 G.
1007 4259 1042 4309 bl.
1062 4257 1093 4311 1..
1119 4266 1148 4312 et
1175 4267 1287 4310 nostrae

131 4348 205 4392 vett.
226 4355 323 4390 omnes
343 4347 461 4408 excepta
479 4337 546 4390 Rob.
567 4332 666 4402 Steph.
704 4333 832 4398 Proque
851 4347 924 4379 unus
943 4329 992 4381 Ox.
1011 4328 1096 4380 habet
1115 4345 1205 4401 quum.
1225 4330 1286 4382 Mr.

205 4411 266 4467 Quo
284 4411 348 4479 ipsu
366 4411 493 4475 nonfuit
511 4404 663 4471 contentus]
700 4403 804 4478 Vulgo,
832 4417 884 4471 qua
902 4401 964 4472 ipse
983 4416 1037 4456 nou
1064 4400 1120 4464 fuit
1137 4407 1286 4456 contentus.
