2856 5084
133 278 176 343 64
331 270 563 338 CICERONIS
584 271 831 338 TUSCULAN.
853 269 1083 337 DISPUTAT.

134 441 250 517 tantis,
275 441 388 522 (atque
410 439 513 502 etiam
534 439 633 523 plura
654 447 795 521 possunt
816 436 983 512 accidere)
1010 445 1122 521 potest
1148 456 1220 500 esse
1241 459 1292 501 sa·

134 528 250 608 piens..
281 523 368 586 Nam
390 522 473 585 haec
501 542 595 586 casus
623 525 812 606 importat,s
829 524 886 603 qui
907 524 943 583 in
969 523 1152 601 sapientem
1180 529 1295 603 potest

135 706 266 760 servitus.
303 705 429 773 Denique
454 705 487 759 in
513 704 558 759 lie
585 711 626 759 tot
655 711 683 759 et
708 705 807 759 tantia.
844 705 963 758 Probam
989 705 1048 758 loci
1075 703 1293 758 distinctionem

135 779 178 832 Cl.
198 776 329 831 Bentleio
351 777 506 830 referimus
530 786 684 848 acceptam.
722 777 759 830 D.
986 790 990 797 ·

206 848 237 902 t'n
254 846 301 901 nie
319 852 362 900 tot
381 854 408 902 et
425 846 522 912 tantis,
546 848 589 901 od
612 863 699 918 quae
727 847 837 901 etiam
860 848 968 916 plura
992 853 1108 916 possunt
1131 844 1295 915 accedere]

135 920 205 990 „sic
233 919 393 985 emendavi,
421 919 582 972 certissima
609 919 775 973 coniectura
799 919 910 972 ductus.
951 919 1025 971 Nam
1052 919 1169 992 vulgata
1194 918 1295 984 lectio,

29 998 32 1005 '
135 1010 225 1061 aqua
243 1008 300 1043 non
319 989 463 1060 discrepat
481 990 608 1059 antiqua,
638 998 738 1060 atque
764 991 952 1056 actamquae
977 990 1062 1058 ptura
1080 994 1196 1059 pessunt
1216 1005 1296 1042 occe-

136 1063 212 1128 dere,
230 1062 336 1115 vitiosa
354 1061 428 1115 est.“
446 1060 573 1115 Lambin.
611 1061 723 1130 „Atqui
742 1060 773 1112 in
792 1069 890 1114 nostro
909 1060 967 1114 MS.
985 1061 1109 1133 legitur:
1137 1061 1186 1113 At
1211 1075 1296 1183 quae

135 1136 222 1187 etium
247 1136 332 1202 plura
360 1141 478 1202 pereunt
509 1132 673 1185 accedere.“
702 1131 765 1184 Frc.
789 1132 872 1185 Febr.
917 1133 1034 1196 „Vetus
1058 1131 1154 1184 Codex
1181 1149 1215 1183 su
1234 1132 1296 1185 lato

156 1206 305 1260 loisemate
324 1205 378 1256 sic:
409 1211 510 1271 atque
533 1204 620 1271 plura
636 1210 755 1272 potsunt
780 1202 976 1255 accidere.“
994 1200 1099 1255 Seleu.
1136 1201 1210 1256 Nod.
1231 1203 1293 1256 Cic.

135 1223 175 1334 ll.
196 1278 238 1332 17.
257 1294 287 1346 p·
306 1278 368 1330 334.
406 1274 581 1338 „Lambinus
600 1274 769 1336 certissima,
787 1282 821 1325 ut
839 1274 888 1337 ait,
914 1273 1079 1326 coniectura
1099 1273 1200 1327 ductus
1219 1274 1297 1348 legit

136 1350 175 1402 ad
194 1361 262 1417 quoe
287 1345 371 1399 etiam
389 1347 474 1414 plura
497 1351 612 1412 pessunt
638 1345 778 1398 accedere.
806 1345 927 1396 Palatin.
957 1353 1054 1396 tamen
1080 1345 1195 1398 secund.
1222 1353 1293 1399 tert.

136 1420 264 1472 Vatican.
286 1423 387 1487 utque
405 1417 491 1469 etium
507 1416 595 1484 plura
609 1423 728 1483 possunt
747 1416 922 1468 accidere.
942 1415 1063 1468 Palatin.
1076 1425 1169 1486 quart.
1190 1423 1297 1487 atque

138 1491 241 1544 eticam
257 1487 318 1541 cui
333 1487 417 1558 plura
433 1495 550 1556 possunt
561 1487 695 1540 accidere.
714 1487 796 1539 Fabr.
817 1494 849 1539 et
867 1485 919 1553 [at]
939 1501 1024 1556 quae
1042 1487 1127 1540 etiam
1137 1490 1224 1555 plura
1238 1496 1295 1544 etc.

139 1557 221 1616 Geth.
234 1590 266 1600 -
294 1557 415 1628 Aliquot
434 1559 502 1612 Oxx.
522 1560 660 1611 videntur
698 1558 764 1610 lene
784 1558 960 1631 distinguere
978 1566 1044 1628 post
1063 1558 1197 1629 denique.-
1218 1559 1297 1630 qnod

136 1636 272 1686 fecerunt
290 1646 387 1682 omues
404 1639 469 1700 post
488 1630 557 1682 Dav.
580 1629 646 1683 Cod.
692 1647 740 1704 ug.
760 1628 846 1682 habet
866 1629 1035 1682 seruitutis
1054 1628 1172 1699 denique
1195 1636 1247 1684 tot
1265 1634 1297 1685 et

138 1701 264 1765 tantis.
290 1700 388 1756 Duisb.
415 1700 447 1753 in
470 1697 555 1765 tiis,
583 1703 659 1753 Mon.
678 1702 704 1754 2.
730 1701 760 1754 iu
788 1699 845 1753 iis.
884 1698 928 1752 Ad
946 1701 1079 1753 Lambini
1097 1703 1297 1755 coniecturam

136 1771 337 1844 Wopkensius
360 1789 389 1842 p·
411 1775 471 1827 156.
494 1771 571 1837 [219.
592 1770 701 1837 Haud]
725 1771 797 1824 dicit
819 1771 965 1845 vulgatam
991 1772 1147 1826 lectionem
1171 1772 1297 1826 tolerari

136 1861 227 1917 posse.
265 1841 357 1895 Bonos
375 1850 473 1895 tamen
492 1843 569 1895 addit
587 1842 714 1894 Handius
732 1841 850 1894 Codices
870 1844 1004 1896 omittere
1023 1858 1098 1908 quae.
1137 1844 1199 1897 Mr.

208 1914 253 1967 Ad
271 1931 344 1983 quae
363 1913 450 1967 etiam
465 1915 552 1980 plura
568 1920 684 1982 potsunt
703 1913 849 1978 accedere]
885 1914 990 1986 Vulgo,
1018 1920 1097 1982 utque
1121 1916 1206 1968 etiam
1225 1929 1297 1984 quae

135 1988 222 2057 plura
239 1991 352 2054 possunt
370 1984 510 2038 occidere.
548 1984 605 2038 Sed
622 1984 756 2037 Lambini
775 1984 981 2048 coniecturam,
1001 2002 1087 2052 quam
1104 1986 1213 2038 meritc
1232 2002 1297 2038 cer·

135 2058 276 2110 tissimam
298 2056 476 2125 pronuntiat,
510 2056 567 2126 ipsi
589 2057 759 2126 recepimus.
807 2053 851 2106 Ad
873 2071 935 2106 eam
958 2055 1039 2124 quasi
1073 2072 1161 2107 mauu
1184 2056 1297 2109 ducunt

134 2130 207 2204 Reg.
225 2127 371 2180 Pithoeau.
391 2126 461 2178 Pell.
490 2143 545 2181 sec.
575 2134 643 2181 tert.
669 2126 760 2178 Vatic.
786 2125 899 2177 Balliol.
925 2132 954 2177 et
981 2127 1109 2181 Petrens.
1138 2126 1189 2196 qui
1217 2127 1296 2193 dant,

136 2207 220 2269 utque
244 2197 328 2250 etium
350 2198 432 2265 plura
457 2205 569 2265 possunt
588 2196 722 2249 occidere.
759 2196 848 2248 Ducit
875 2204 904 2248 et
926 2197 950 2248 F
951 2196 1038 2248 abric.
1072 2204 1102 2249 ct
1120 2213 1191 2267 quae
1209 2198 1295 2252 etium

134 2272 220 2340 plora
235 2275 352 2338 possunt
369 2268 499 2320 accedere
517 2275 741 2337 repraesentans.
777 2267 813 2319 D.

207 2340 299 2410 Atque
317 2339 403 2392 etiam
422 2354 492 2409 quae
508 2339 595 2407 plura
610 2346 724 2407 possunt
743 2337 881 2404 accidere]
913 2339 969 2405 „ln
1009 2339 1148 2392 osteriore
1166 2340 1221 2394 Ed.
1241 2341 1297 2394 Da·

136 2413 226 2466 visius
258 2411 392 2480 sequitur
419 2411 598 2462 Lambinum.
646 2410 699 2466 Ed.
724 2427 787 2462 mea
808 2418 892 2462 vetus
918 2356 1037 2462 exhidet
1069 2410 1100 2461 in
1126 2412 1296 2480 parenthesi

137 2491 218 2552 utque
236 2481 322 2536 etiam
336 2481 423 2551 plura
442 2487 558 2549 poseant
576 2481 711 2533 accidere.
744 2480 817 2545 Quae
837 2481 926 2533 lectio
946 2498 1012 2532 cum
1031 2483 1068 2532 sit
1087 2482 1175 2534 etiam
1193 2484 1225 2534 iu
1243 2485 1298 2536 ali-

138 2563 209 2625 quot
227 2553 312 2607 Codd.
336 2552 529 2617 Gruterianis,
557 2550 632 2602 mihi
650 2551 767 2604 videtur
784 2552 980 2620 praeferenda.
1018 2553 1104 2605 Certe
1122 2570 1179 2606 non
1197 2553 1297 2628 legeu-

138 2625 217 2690 dum,
237 2632 270 2676 ut
289 2632 332 2676 est
351 2623 382 2673 in
401 2623 478 2676 aliis:
499 2629 525 2676 et
543 2638 612 2689 quoe
632 2622 716 2675 etiam
732 2622 772 2689 pl.
789 2641 818 2690 p.
839 2622 1000 2675 accidere.“
1018 2622 1110 2677 Boub.

210 2694 339 2748 Servitus
357 2693 482 2762 denique.
519 2694 554 2745 In
581 2692 625 2745 bis
645 2700 687 2746 tot
705 2699 731 2745 et
751 2691 841 2745 tontis
867 2694 961 2762 (atque
979 2697 1062 2748 etiam
1078 2688 1163 2763 plura
1176 2704 1295 2763 possunt

138 2764 278 2831 occidere)
294 2771 386 2834 potest
405 2780 464 2817 esee
482 2761 609 2833 sapiens]
646 2766 716 2830 „lta
738 2765 873 2832 plerique
893 2766 1014 2818 Gruteri
1034 2766 1119 2820 Codd.
1139 2773 1167 2820 et
1184 2783 1259 2817 uuus
1280 2786 1296 2821 c

138 2838 229 2923 regiis
248 2855 315 2890 cum
332 2837 479 2900 Vaticano,
510 2845 544 2887 ut
568 2835 663 2887 voluit
680 2835 836 2887 Bentleius.
873 2836 1015 2904 impedita
1040 2847 1069 2890 et
1087 2855 1175 2908 prava
1193 2837 1297 2890 distin·

138 2919 235 2964 ctione
258 2908 369 2962 laborat
393 2909 509 2982 vulgata
535 2905 656 2958 lectio.“
681 2904 795 2959 Lollem.
832 2907 959 2958 Nobbius
984 2925 1050 2959 cum
1076 2909 1145 2962 Dav.
1165 2917 1194 2960 et
1212 2910 1297 2962 Lam·

136 2982 206 3036 bino
223 2980 303 3033 facit.
339 2979 399 3032 Mr.
1133 3002 1139 3013 ·
1172 2998 1177 3011 ·

208 3054 243 3104 Ia
261 3050 305 3104 tie
323 3056 363 3103 tet
381 3066 414 3102 ac
432 3047 482 3114 [et]
502 3049 589 3103 tantia
607 3049 697 3116 (atque
715 3049 799 3101 etiam
815 3050 898 3116 plura
915 3057 1028 3116 possunt
1047 3050 1197 3118 accidere)]
1225 3050 1294 3117 „Sic

138 3123 197 3177 MS.
218 3122 316 3174 Guelf.
338 3121 446 3185 etalii,
466 3119 519 3172 etsi
538 3121 619 3193 signa
636 3119 837 3189 parentheseos
858 3138 916 3174 non
934 3131 1001 3174 sunt
1020 3139 1161 3192 expressa,
1181 3123 1295 3188 ruelius,

140 3192 369 3277 quamvulgati:
390 3196 470 3261 utque
488 3190 574 3243 etiam
592 3206 659 3259 quae
674 3191 759 3258 plura
776 3199 892 3259 possunt
910 3193 1047 3257 occidere,
1068 3201 1118 3245 aut
1132 3212 1218 3262 quam
1234 3208 1296 3247 cor-

140 3283 242 3319 rexere
251 3264 310 3316 viri
329 3263 420 3316 docti:
441 3262 483 3315 ad
500 3275 587 3330 quae
606 3261 693 3314 etium
709 3279 738 3330 p.
750 3280 778 3331 p.
799 3263 1001 3317 accedere.“
1020 3265 1088 3316 ΕΜ.
1117 3266 1180 3316 Nec
1199 3271 1297 3319 tamen

139 3339 211 3392 Ern.
235 3335 323 3398 dedit,
355 3351 440 3403 quam
466 3331 520 3385 sibi
549 3333 665 3401 placere
691 3333 806 3403 scripsit
832 3335 998 3388 lectionem.
1043 3337 1106 3409 Ego
1131 3351 1201 3387 vero
1231 3353 1297 3389 cum

139 3409 260 3463 hallem.
287 3405 360 3458 Oliv.
386 3404 481 3459 Wolf.
506 3403 590 3456 Schz.
612 3404 657 3456 Or.
683 3405 753 3456 Tbn.
781 3414 810 3457 et
835 3405 887 3457 Ed.
914 3415 972 3462 vet,
997 3405 1086 3458 Bouh.
1113 3405 1153 3458 ita
1177 3405 1243 3459 dedi
1262 3425 1297 3460 ex

140 3480 227 3536 codd.
246 3479 285 3531 Re
310 3516 315 3529 .
337 3475 410 3529 Gud.
432 3479 456 3530 1.
477 3478 502 3530 2.
525 3473 583 3538 (hic
603 3475 713 3528 omittit
732 3477 829 3540 etiam)
847 3477 933 3529 Bern.
952 3478 1040 3531 Rehd.
1060 3479 1135 3528 Mon.
1155 3482 1180 3533 l.
1206 3485 1245 3542 et,
1264 3484 1298 3531 ut

140 3552 267 3614 videtur,
287 3495 357 3604 dxx.
395 3547 428 3599 ln
448 3547 514 3599 Cod.
535 3545 631 3602 Duisb.
653 3555 695 3598 est
713 3553 744 3599 et
764 3563 825 3613 que
844 3548 906 3613 (sic)
935 3549 1021 3601 etiam
1045 3548 1130 3616 plora
1146 3567 1175 3618 p.
1196 3549 1295 3615 aecta,

139 3618 260 3676 in'Gud.
280 3625 358 3687 atque
376 3617 461 3670 etium
477 3618 627 3686 ploraque
646 3615 709 3683 (sic)
727 3635 800 3686 poss.
820 3618 921 3684 occid,
941 3621 972 3671 in
981 3619 1068 3676 Marb.
1088 3636 1193 3686 neque
1211 3622 1296 3675 etiam

136 3713 166 3765 p.
183 3710 213 3762 p.
233 3690 333 3754 occid,
349 3689 384 3748 ,in
398 3689 486 3747 ,Vina
508 3693 532 3743 1.
553 3689 695 3742 ucetiam
717 3693 818 3759 ptura
838 3706 922 3759 quae
938 3710 966 3760 p.
988 3707 1024 3756 a,
1045 3699 1088 3743 est
1106 3692 1194 3744 etiam
1208 3693 1297 3762 plura

140 3763 257 3835 quaein
277 3761 343 3815 Cod.
361 3763 436 3812 ltlon.
456 3763 481 3814 2.
520 3759 564 3812 Ad
581 3761 668 3813 verba
684 3768 773 3830 potest
793 3777 852 3813 esse
872 3772 969 3815 monet
986 3762 1113 3815 Kiihner.
1133 3762 1212 3816 hunc
1237 3780 1296 3818 esse

139 3835 307 3911 legitimum
323 3831 428 3884 horum
446 3831 651 3885 vocabulorum
669 3833 744 3902 apud
763 3831 932 3887 Ciceronem
960 3834 1100 3899 ordinem,
1124 3833 1242 3887 laudans
1261 3836 1295 3888 de

111 3909 177 3975 ‚N.
202 3908 235 3960 D.
261 3907 284 3959 Ι.
311 3907 355 3959 41.
385 3905 446 3958 116.
478 3902 517 3954 II.
543 3906 569 3958 6.
591 3907 641 3963 «16.
670 3913 699 3957 et
729 3904 763 3956 ad
795 3905 892 3956 locum
920 3906 1110 3974 posteriorem
1141 3906 1293 3960 Heindorf.

141 3981 180 4050 (p,
194 3978 266 4042 136.)
286 3975 337 4046 qui
354 3974 482 4044 plurima
501 3975 631 4044 exempla
650 3975 758 4027 attulit.
787 3976 899 4028 Neuter
917 3977 1060 4029 rationem
1079 3976 1201 4029 addidit:
1223 3994 1296 4048 quae

127 4050 240 4104 eadem
257 4050 319 4100 sine
337 4046 421 4098 dubio
441 4054 492 4111 est,
512 4063 583 4116 quae
603 4047 635 4096 in
652 4046 799 4099 locutione
818 4045 889 4098 milti
909 4049 1004 4100 crede:
1030 4047 1169 4101 videlicet
1193 4066 1231 4104 ne
1249 4065 1297 4101 or·

141 4122 207 4175 dine
224 4119 379 4172 verborum
398 4117 512 4172 inverso
531 4116 711 4169 choriambus
734 4118 863 4188 prodeat.
899 4119 960 4172 Mr.

212 4209 286 4262 Num
304 4205 371 4260 daec
389 4223 468 4260 casus
486 4207 640 4275 importat]
660 4206 727 4259 Cod.
747 4210 821 4260 ltlon.
835 4212 859 4262 1.
879 4204 935 4261 dic
953 4223 1047 4272 casum
1064 4227 1137 4261 unus
1156 4209 1207 4262 Ox.
1227 4225 1296 4262 cum

140 4281 225 4333 vind.
247 4285 271 4336 l.
293 4282 473 4347 important.
517 4279 592 4331 Usus
618 4277 704 4329 huius
731 4280 814 4331 verbi
849 4279 981 4350 exempla
1005 4282 1071 4333 vide
1096 4280 1172 4349 apud
1198 4282 1228 4335 0.
1257 4283 1293 4333 Μ.

140 4352 257 4406 lVliiller.
277 4352 308 4403 in
327 4352 393 4405 Cur.
414 4351 476 4404 Sec.
497 4350 532 4401 ad
551 4348 611 4402 Cic.
630 4365 684 4418 pro
703 4348 773 4406 Sest.
794 4369 822 4420 p.
842 4354 902 4405 13⁰.
940 4352 975 4402 ln
994 4369 1071 4421 seqq.
1091 4352 1143 4403 Ed.
1155 4349 1184 4404 S.
1202 4351 1296 4406 inoc-

141 4440 264 4490 currere,
283 4423 375 4476 mixto
393 4422 531 4475 vocabulo
551 4438 587 4473 ex
604 4421 711 4473 duobus
724 4422 820 4474 verbis
839 4421 984 4476 incarrere
1003 4432 1032 4476 et
1050 4439 1206 4490 occurrere,
1225 4439 1297 4495 quo·
