<?xml version="1.0" encoding="UTF-8"?>
<!DOCTYPE html PUBLIC "-//W3C//DTD XHTML 1.0 Transitional//EN"
    "http://www.w3.org/TR/xhtml1/DTD/xhtml1-transitional.dtd">
<html xmlns="http://www.w3.org/1999/xhtml" xml:lang="en" lang="en">
 <head>
  <title>
</title>
<meta http-equiv="Content-Type" content="text/html;charset=utf-8" />
  <meta name='ocr-system' content='tesseract 3.04.00' />
  <meta name='ocr-capabilities' content='ocr_page ocr_carea ocr_par ocr_line ocrx_word'/>
</head>
<body>
  <div class='ocr_page' id='page_1' title='image "./mtulliiciceroni02davigoog/mtulliiciceroni02davigoog_0257.png"; bbox 0 0 2856 5084; ppageno 0'>
   <div class='ocr_carea' id='block_1_1' title="bbox 205 258 1005 328">
    <p class='ocr_par' dir='ltr' id='par_1_1' title="bbox 205 258 1089 328">
     <span class='ocr_line' id='line_1_1' title="bbox 205 258 1005 328; baseline -0.005 0"><span class='ocrx_word' id='word_1_1' title='bbox 205 262 268 328; x_wconf 69' lang='lat'><strong><em>28²</em></strong></span> <span class='ocrx_word' id='word_1_2' title='bbox 347 306 349 310; x_wconf 30' lang='grc' dir='ltr'><em>ψ</em></span> <span class='ocrx_word' id='word_1_3' title='bbox 499 292 519 313; x_wconf 63' lang='lat' dir='ltr'><strong><em>s·</em></strong></span> <span class='ocrx_word' id='word_1_4' title='bbox 551 258 775 325; x_wconf 69' lang='lat' dir='ltr'><strong><em>lucanum·</em></strong></span> <span class='ocrx_word' id='word_1_5' title='bbox 795 260 1005 325; x_wconf 80' lang='lat' dir='ltr'><strong>BENTLEII</strong></span> 
     </span>
    </p>
   </div>
   <div class='ocr_carea' id='block_1_2' title="bbox 205 426 1359 781">
    <p class='ocr_par' dir='ltr' id='par_1_2' title="bbox 205 426 1359 781">
     <span class='ocr_line' id='line_1_2' title="bbox 205 426 1357 499; baseline 0.005 -20"><span class='ocrx_word' id='word_1_6' title='bbox 205 427 276 479; x_wconf 88' lang='lat' dir='ltr'><strong><em>haec</em></strong></span> <span class='ocrx_word' id='word_1_7' title='bbox 294 426 456 499; x_wconf 79' lang='lat' dir='ltr'><strong><em>coniungit,</em></strong></span> <span class='ocrx_word' id='word_1_8' title='bbox 479 440 556 480; x_wconf 87' lang='lat' dir='ltr'><strong><em>more</em></strong></span> <span class='ocrx_word' id='word_1_9' title='bbox 579 433 606 480; x_wconf 92' lang='lat' dir='ltr'><strong><em>et</em></strong></span> <span class='ocrx_word' id='word_1_10' title='bbox 624 426 761 494; x_wconf 84' lang='lat' dir='ltr'><strong><em>institute,</em></strong></span> <span class='ocrx_word' id='word_1_11' title='bbox 788 443 867 481; x_wconf 89' lang='lat' dir='ltr'><strong><em>mere</em></strong></span> <span class='ocrx_word' id='word_1_12' title='bbox 891 433 919 480; x_wconf 90' lang='lat' dir='ltr'><strong><em>et</em></strong></span> <span class='ocrx_word' id='word_1_13' title='bbox 936 426 1143 493; x_wconf 86' lang='lat' dir='ltr'><strong><em>consuetudine,</em></strong></span> <span class='ocrx_word' id='word_1_14' title='bbox 1165 429 1294 484; x_wconf 87' lang='lat' dir='ltr'><strong><em>vicissim</em></strong></span> <span class='ocrx_word' id='word_1_15' title='bbox 1312 430 1357 485; x_wconf 91' lang='lat' dir='ltr'><strong><em>in-</em></strong></span> 
     </span>
     <span class='ocr_line' id='line_1_3' title="bbox 205 497 1355 567; baseline 0.002 -16"><span class='ocrx_word' id='word_1_16' title='bbox 205 497 305 551; x_wconf 84' lang='lat' dir='ltr'><strong><em>stituta</em></strong></span> <span class='ocrx_word' id='word_1_17' title='bbox 323 504 351 551; x_wconf 90' lang='lat' dir='ltr'><strong><em>et</em></strong></span> <span class='ocrx_word' id='word_1_18' title='bbox 369 497 528 566; x_wconf 73' lang='lat' dir='ltr'><strong><em>disciplina,</em></strong></span> <span class='ocrx_word' id='word_1_19' title='bbox 554 498 750 552; x_wconf 87' lang='lat' dir='ltr'><strong><em>consuetudine</em></strong></span> <span class='ocrx_word' id='word_1_20' title='bbox 774 506 801 552; x_wconf 85' lang='lat' dir='ltr'><strong><em>et</em></strong></span> <span class='ocrx_word' id='word_1_21' title='bbox 820 497 985 567; x_wconf 70' lang='lat' dir='ltr'><strong><em>disciplina.</em></strong></span> <span class='ocrx_word' id='word_1_22' title='bbox 1022 501 1077 552; x_wconf 88' lang='lat' dir='ltr'><strong><em>Pro</em></strong></span> <span class='ocrx_word' id='word_1_23' title='bbox 1101 500 1239 552; x_wconf 88' lang='lat' dir='ltr'><strong><em>Deiotaro</em></strong></span> <span class='ocrx_word' id='word_1_24' title='bbox 1263 518 1289 558; x_wconf 89' lang='lat' dir='ltr'><strong><em>c.</em></strong></span> <span class='ocrx_word' id='word_1_25' title='bbox 1312 498 1355 557; x_wconf 78' lang='lat'><strong><em>10&#39;.</em></strong></span> 
     </span>
     <span class='ocr_line' id='line_1_4' title="bbox 205 567 1357 639; baseline 0.003 -18"><span class='ocrx_word' id='word_1_26' title='bbox 205 570 317 623; x_wconf 78' lang='lat' dir='ltr'><strong><em>Imitari</em></strong></span> <span class='ocrx_word' id='word_1_27' title='bbox 332 567 426 636; x_wconf 85' lang='lat' dir='ltr'><strong><em>potius</em></strong></span> <span class='ocrx_word' id='word_1_28' title='bbox 443 570 490 621; x_wconf 87' lang='lat' dir='ltr'><strong><em>aui</em></strong></span> <span class='ocrx_word' id='word_1_29' title='bbox 507 567 553 639; x_wconf 84' lang='lat' dir='ltr'><strong><em>tui</em></strong></span> <span class='ocrx_word' id='word_1_30' title='bbox 569 586 663 623; x_wconf 89' lang='lat' dir='ltr'><strong><em>mores</em></strong></span> <span class='ocrx_word' id='word_1_31' title='bbox 681 569 922 639; x_wconf 78' lang='lat' dir='ltr'><strong><em>disciplinamque</em></strong></span> <span class='ocrx_word' id='word_1_32' title='bbox 942 570 1069 629; x_wconf 85' lang='lat' dir='ltr'><strong><em>debebas.</em></strong></span> <span class='ocrx_word' id='word_1_33' title='bbox 1089 573 1145 624; x_wconf 85' lang='lat' dir='ltr'><strong><em>Pro</em></strong></span> <span class='ocrx_word' id='word_1_34' title='bbox 1163 571 1248 627; x_wconf 78' lang='lat' dir='ltr'><strong><em>Corn.</em></strong></span> <span class='ocrx_word' id='word_1_35' title='bbox 1268 573 1357 625; x_wconf 87' lang='lat' dir='ltr'>Balbo</span> 
     </span>
     <span class='ocr_line' id='line_1_5' title="bbox 206 639 1359 712; baseline 0.003 -20"><span class='ocrx_word' id='word_1_36' title='bbox 206 657 230 693; x_wconf 91' lang='lat' dir='ltr'><strong><em>c.</em></strong></span> <span class='ocrx_word' id='word_1_37' title='bbox 252 644 293 696; x_wconf 84' lang='lat'><strong><em>19.</em></strong></span> <span class='ocrx_word' id='word_1_38' title='bbox 330 639 362 692; x_wconf 84' lang='lat' dir='ltr'><strong><em>G.</em></strong></span> <span class='ocrx_word' id='word_1_39' title='bbox 388 639 497 694; x_wconf 80' lang='lat' dir='ltr'><strong><em>Caesar</em></strong></span> <span class='ocrx_word' id='word_1_40' title='bbox 520 642 698 712; x_wconf 76' lang='lat' dir='ltr'><strong><em>inveteratam</em></strong></span> <span class='ocrx_word' id='word_1_41' title='bbox 730 640 870 709; x_wconf 82' lang='lat' dir='ltr'><strong><em>quandum</em></strong></span> <span class='ocrx_word' id='word_1_42' title='bbox 896 640 1061 694; x_wconf 81' lang='lat' dir='ltr'><strong><em>barbariam</em></strong></span> <span class='ocrx_word' id='word_1_43' title='bbox 1088 657 1123 693; x_wconf 81' lang='lat' dir='ltr'><strong><em>ea</em></strong></span> <span class='ocrx_word' id='word_1_44' title='bbox 1151 641 1359 696; x_wconf 81' lang='lat' dir='ltr'><strong><em>Gaditanorum</em></strong></span> 
     </span>
     <span class='ocr_line' id='line_1_6' title="bbox 206 710 1358 781; baseline 0.002 -18"><span class='ocrx_word' id='word_1_45' title='bbox 206 711 332 764; x_wconf 89' lang='lat' dir='ltr'><strong><em>moribus</em></strong></span> <span class='ocrx_word' id='word_1_46' title='bbox 353 711 562 781; x_wconf 79' lang='lat' dir='ltr'><strong><em>disciplinaque</em></strong></span> <span class='ocrx_word' id='word_1_47' title='bbox 588 712 695 766; x_wconf 88' lang='lat' dir='ltr'><strong><em>deleuit.</em></strong></span> <span class='ocrx_word' id='word_1_48' title='bbox 733 714 789 764; x_wconf 88' lang='lat' dir='ltr'><strong><em>Pro</em></strong></span> <span class='ocrx_word' id='word_1_49' title='bbox 807 711 919 764; x_wconf 72' lang='lat' dir='ltr'><strong><em>Flacco</em></strong></span> <span class='ocrx_word' id='word_1_50' title='bbox 944 729 971 765; x_wconf 91' lang='lat' dir='ltr'><strong><em>c.</em></strong></span> <span class='ocrx_word' id='word_1_51' title='bbox 989 710 1018 768; x_wconf 76' lang='lat'><strong><em>5.</em></strong></span> <span class='ocrx_word' id='word_1_52' title='bbox 1052 711 1122 766; x_wconf 84' lang='lat' dir='ltr'><strong><em>Nisi</em></strong></span> <span class='ocrx_word' id='word_1_53' title='bbox 1145 715 1236 768; x_wconf 78' lang='lat' dir='ltr'><strong><em>nostri</em></strong></span> <span class='ocrx_word' id='word_1_54' title='bbox 1263 731 1358 767; x_wconf 86' lang='lat' dir='ltr'><strong><em>mores</em></strong></span> 
     </span>
    </p>
   </div>
   <div class='ocr_carea' id='block_1_3' title="bbox 126 781 1356 852">
    <p class='ocr_par' dir='ltr' id='par_1_3' title="bbox 126 781 1356 852">
     <span class='ocr_line' id='line_1_7' title="bbox 126 781 1356 852; baseline 0.001 -17"><span class='ocrx_word' id='word_1_55' title='bbox 126 846 128 850; x_wconf 20' lang='grc' dir='ltr'>Ι</span> <span class='ocrx_word' id='word_1_56' title='bbox 207 790 236 835; x_wconf 85' lang='lat' dir='ltr'><strong><em>et</em></strong></span> <span class='ocrx_word' id='word_1_57' title='bbox 254 782 408 851; x_wconf 78' lang='lat' dir='ltr'><strong><em>disciplina</em></strong></span> <span class='ocrx_word' id='word_1_58' title='bbox 423 783 487 850; x_wconf 82' lang='lat' dir='ltr'><strong><em>plus</em></strong></span> <span class='ocrx_word' id='word_1_59' title='bbox 504 783 637 852; x_wconf 81' lang='lat' dir='ltr'><strong><em>ualerent,</em></strong></span> <span class='ocrx_word' id='word_1_60' title='bbox 664 797 743 850; x_wconf 80' lang='lat' dir='ltr'><strong><em>quam</em></strong></span> <span class='ocrx_word' id='word_1_61' title='bbox 762 782 844 839; x_wconf 85' lang='lat' dir='ltr'><strong><em>dolor</em></strong></span> <span class='ocrx_word' id='word_1_62' title='bbox 860 786 887 834; x_wconf 90' lang='lat' dir='ltr'><strong><em>et</em></strong></span> <span class='ocrx_word' id='word_1_63' title='bbox 906 781 1046 837; x_wconf 88' lang='lat' dir='ltr'><strong><em>simultas.</em></strong></span> <span class='ocrx_word' id='word_1_64' title='bbox 1084 783 1124 836; x_wconf 82' lang='lat' dir='ltr'><strong><em>Et</em></strong></span> <span class='ocrx_word' id='word_1_65' title='bbox 1142 783 1259 848; x_wconf 85' lang='lat' dir='ltr'><strong><em>iterum,</em></strong></span> <span class='ocrx_word' id='word_1_66' title='bbox 1284 801 1310 837; x_wconf 90' lang='lat' dir='ltr'><strong><em>c.</em></strong></span> <span class='ocrx_word' id='word_1_67' title='bbox 1331 789 1356 839; x_wconf 78' lang='lat'><strong><em>7.</em></strong></span> 
     </span>
    </p>
   </div>
   <div class='ocr_carea' id='block_1_4' title="bbox 137 852 1364 3199">
    <p class='ocr_par' dir='ltr' id='par_1_4' title="bbox 206 852 1359 1066">
     <span class='ocr_line' id='line_1_8' title="bbox 206 852 1356 924; baseline -0.001 -17"><span class='ocrx_word' id='word_1_68' title='bbox 206 854 228 907; x_wconf 88' lang='grc' dir='ltr'>Ο</span> <span class='ocrx_word' id='word_1_69' title='bbox 253 869 364 905; x_wconf 84' lang='lat' dir='ltr'><strong><em>morem</em></strong></span> <span class='ocrx_word' id='word_1_70' title='bbox 387 853 565 922; x_wconf 85' lang='lat' dir='ltr'><strong><em>praeclarum</em></strong></span> <span class='ocrx_word' id='word_1_71' title='bbox 589 863 619 906; x_wconf 90' lang='lat' dir='ltr'><strong><em>et</em></strong></span> <span class='ocrx_word' id='word_1_72' title='bbox 641 853 836 922; x_wconf 60' lang='lat' dir='ltr'><strong><em>disciplinatus</em></strong></span> <span class='ocrx_word' id='word_1_73' title='bbox 851 864 942 922; x_wconf 66' lang='lat' dir='ltr'><strong><em>iquam</em></strong></span> <span class='ocrx_word' id='word_1_74' title='bbox 967 870 985 906; x_wconf 89' lang='lat' dir='ltr'><strong><em>a</em></strong></span> <span class='ocrx_word' id='word_1_75' title='bbox 1009 852 1165 908; x_wconf 81' lang='lat' dir='ltr'><strong><em>maioribus</em></strong></span> <span class='ocrx_word' id='word_1_76' title='bbox 1191 854 1356 924; x_wconf 89' lang='lat' dir='ltr'><strong><em>accepimus.</em></strong></span> 
     </span>
     <span class='ocr_line' id='line_1_9' title="bbox 206 923 1359 996; baseline 0.002 -19"><span class='ocrx_word' id='word_1_77' title='bbox 206 925 246 977; x_wconf 79' lang='lat' dir='ltr'><strong><em>Et</em></strong></span> <span class='ocrx_word' id='word_1_78' title='bbox 262 924 341 990; x_wconf 89' lang='lat' dir='ltr'><strong><em>alibi,</em></strong></span> <span class='ocrx_word' id='word_1_79' title='bbox 361 923 436 980; x_wconf 79' lang='lat' dir='ltr'><strong><em>Quid</em></strong></span> <span class='ocrx_word' id='word_1_80' title='bbox 452 939 581 994; x_wconf 77' lang='lat' dir='ltr'><strong><em>uinquam</em></strong></span> <span class='ocrx_word' id='word_1_81' title='bbox 599 926 696 978; x_wconf 87' lang='lat' dir='ltr'><strong><em>demus</em></strong></span> <span class='ocrx_word' id='word_1_82' title='bbox 714 925 768 977; x_wconf 90' lang='lat' dir='ltr'><strong><em>ista</em></strong></span> <span class='ocrx_word' id='word_1_83' title='bbox 779 924 899 990; x_wconf 82' lang='lat' dir='ltr'><strong><em>uiderat,</em></strong></span> <span class='ocrx_word' id='word_1_84' title='bbox 918 923 979 978; x_wconf 87' lang='lat' dir='ltr'><strong><em>nisi</em></strong></span> <span class='ocrx_word' id='word_1_85' title='bbox 987 924 1126 993; x_wconf 85' lang='lat' dir='ltr'><strong><em>pudicum,</em></strong></span> <span class='ocrx_word' id='word_1_86' title='bbox 1144 925 1202 980; x_wconf 86' lang='lat' dir='ltr'><strong><em>nisi</em></strong></span> <span class='ocrx_word' id='word_1_87' title='bbox 1212 927 1359 996; x_wconf 78' lang='lat' dir='ltr'><strong><em>eceptima</em></strong></span> 
     </span>
     <span class='ocr_line' id='line_1_10' title="bbox 206 995 806 1066; baseline 0.002 -19"><span class='ocrx_word' id='word_1_88' title='bbox 206 1011 287 1048; x_wconf 79' lang='lat' dir='ltr'><strong><em>inore</em></strong></span> <span class='ocrx_word' id='word_1_89' title='bbox 305 1004 335 1047; x_wconf 87' lang='lat' dir='ltr'><strong><em>et</em></strong></span> <span class='ocrx_word' id='word_1_90' title='bbox 352 995 533 1048; x_wconf 89' lang='lat' dir='ltr'><strong><em>sanctissima</em></strong></span> <span class='ocrx_word' id='word_1_91' title='bbox 549 996 711 1066; x_wconf 81' lang='lat' dir='ltr'><strong><em>disciplina.</em></strong></span> <span class='ocrx_word' id='word_1_92' title='bbox 756 1023 759 1028; x_wconf 90' lang='lat'><em>·</em></span> <span class='ocrx_word' id='word_1_93' title='bbox 803 1030 806 1038; x_wconf 85' lang='lat'>·</span> 
     </span>
    </p>

    <p class='ocr_par' dir='ltr' id='par_1_5' title="bbox 137 1066 1364 1917">
     <span class='ocr_line' id='line_1_11' title="bbox 214 1066 1357 1135; baseline 0.003 -16"><span class='ocrx_word' id='word_1_94' title='bbox 214 1097 216 1102; x_wconf 62' lang='lat'>=</span> <span class='ocrx_word' id='word_1_95' title='bbox 277 1066 342 1135; x_wconf 81' lang='lat' dir='ltr'><strong><em>Gap.</em></strong></span> <span class='ocrx_word' id='word_1_96' title='bbox 364 1071 405 1120; x_wconf 81' lang='lat'><strong><em>1⁷.</em></strong></span> <span class='ocrx_word' id='word_1_97' title='bbox 442 1067 583 1120; x_wconf 80' lang='lat' dir='ltr'><strong><em>Platonem</em></strong></span> <span class='ocrx_word' id='word_1_98' title='bbox 601 1070 693 1133; x_wconf 74' lang='lat' dir='ltr'><strong><em>ferunt</em></strong></span> <span class='ocrx_word' id='word_1_99' title='bbox 712 1097 745 1110; x_wconf 91' lang='lat'>-</span> <span class='ocrx_word' id='word_1_100' title='bbox 765 1066 801 1120; x_wconf 88' lang='lat' dir='ltr'><strong><em>de</em></strong></span> <span class='ocrx_word' id='word_1_101' title='bbox 818 1068 975 1122; x_wconf 87' lang='lat' dir='ltr'><strong><em>animorum</em></strong></span> <span class='ocrx_word' id='word_1_102' title='bbox 993 1067 1207 1121; x_wconf 84' lang='lat' dir='ltr'><strong><em>immortalitate</em></strong></span> <span class='ocrx_word' id='word_1_103' title='bbox 1234 1084 1289 1121; x_wconf 87' lang='lat' dir='ltr'><strong><em>nen</em></strong></span> <span class='ocrx_word' id='word_1_104' title='bbox 1312 1085 1357 1122; x_wconf 86' lang='lat' dir='ltr'><strong><em>eo·</em></strong></span> 
     </span>
     <span class='ocr_line' id='line_1_12' title="bbox 207 1135 1357 1212; baseline 0.001 -23"><span class='ocrx_word' id='word_1_105' title='bbox 207 1138 264 1190; x_wconf 89' lang='lat' dir='ltr'><strong><em>lum</em></strong></span> <span class='ocrx_word' id='word_1_106' title='bbox 281 1135 384 1190; x_wconf 89' lang='lat' dir='ltr'><strong><em>sentire</em></strong></span> <span class='ocrx_word' id='word_1_107' title='bbox 401 1138 475 1192; x_wconf 90' lang='lat' dir='ltr'><strong><em>idem</em></strong></span> <span class='ocrx_word' id='word_1_108' title='bbox 489 1139 563 1207; x_wconf 82' lang='lat' dir='ltr'><strong><em>quod</em></strong></span> <span class='ocrx_word' id='word_1_109' title='bbox 573 1139 759 1212; x_wconf 77' lang='lat' dir='ltr'><strong><em>Pythagoras,</em></strong></span> <span class='ocrx_word' id='word_1_110' title='bbox 781 1139 832 1191; x_wconf 85' lang='lat' dir='ltr'><strong><em>sed</em></strong></span> <span class='ocrx_word' id='word_1_111' title='bbox 849 1139 991 1192; x_wconf 85' lang='lat' dir='ltr'><strong><em>rationem</em></strong></span> <span class='ocrx_word' id='word_1_112' title='bbox 1003 1137 1090 1191; x_wconf 89' lang='lat' dir='ltr'><strong><em>etiam</em></strong></span> <span class='ocrx_word' id='word_1_113' title='bbox 1104 1138 1242 1204; x_wconf 88' lang='lat' dir='ltr'><strong><em>attulisse,</em></strong></span> <span class='ocrx_word' id='word_1_114' title='bbox 1261 1147 1357 1208; x_wconf 80' lang='lat' dir='ltr'><strong><em>quain,</em></strong></span> 
     </span>
     <span class='ocr_line' id='line_1_13' title="bbox 206 1206 1359 1280; baseline 0.001 -19"><span class='ocrx_word' id='word_1_115' title='bbox 206 1208 264 1262; x_wconf 86' lang='lat' dir='ltr'><strong><em>nisi</em></strong></span> <span class='ocrx_word' id='word_1_116' title='bbox 287 1207 354 1278; x_wconf 84' lang='lat' dir='ltr'><strong><em>quid</em></strong></span> <span class='ocrx_word' id='word_1_117' title='bbox 378 1209 462 1278; x_wconf 88' lang='lat' dir='ltr'><strong><em>dicis,</em></strong></span> <span class='ocrx_word' id='word_1_118' title='bbox 485 1206 767 1277; x_wconf 79' lang='lat' dir='ltr'><strong><em>praetermittamus]</em></strong></span> <span class='ocrx_word' id='word_1_119' title='bbox 794 1206 899 1262; x_wconf 67' lang='lat' dir='ltr'><strong><em>‘Codex</em></strong></span> <span class='ocrx_word' id='word_1_120' title='bbox 925 1218 1006 1273; x_wconf 87' lang='lat' dir='ltr'><strong><em>tuus,</em></strong></span> <span class='ocrx_word' id='word_1_121' title='bbox 1034 1210 1157 1280; x_wconf 85' lang='lat' dir='ltr'><strong><em>optimae</em></strong></span> <span class='ocrx_word' id='word_1_122' title='bbox 1186 1211 1210 1260; x_wconf 92' lang='lat' dir='ltr'><strong><em>is</em></strong></span> <span class='ocrx_word' id='word_1_123' title='bbox 1240 1209 1359 1278; x_wconf 89' lang='lat' dir='ltr'><strong><em>quidem</em></strong></span> 
     </span>
     <span class='ocr_line' id='line_1_14' title="bbox 137 1279 1360 1349; baseline 0.002 -17"><span class='ocrx_word' id='word_1_124' title='bbox 137 1327 139 1332; x_wconf 88' lang='lat'><strong><em>.</em></strong></span> <span class='ocrx_word' id='word_1_125' title='bbox 207 1288 300 1344; x_wconf 82' lang='lat' dir='ltr'><strong><em>notae,</em></strong></span> <span class='ocrx_word' id='word_1_126' title='bbox 318 1279 414 1348; x_wconf 87' lang='lat' dir='ltr'><strong><em>primo</em></strong></span> <span class='ocrx_word' id='word_1_127' title='bbox 431 1280 517 1332; x_wconf 86' lang='lat' dir='ltr'><strong><em>habet</em></strong></span> <span class='ocrx_word' id='word_1_128' title='bbox 534 1280 740 1349; x_wconf 67' lang='lat' dir='ltr'><strong><em>Pythagoram</em></strong></span> <span class='ocrx_word' id='word_1_129' title='bbox 761 1296 833 1349; x_wconf 87' lang='lat' dir='ltr'><strong><em>quae</em></strong></span> <span class='ocrx_word' id='word_1_130' title='bbox 851 1297 921 1333; x_wconf 83' lang='lat' dir='ltr'><strong><em>vera</em></strong></span> <span class='ocrx_word' id='word_1_131' title='bbox 938 1281 1033 1333; x_wconf 85' lang='lat' dir='ltr'><strong><em>lectio</em></strong></span> <span class='ocrx_word' id='word_1_132' title='bbox 1050 1289 1100 1334; x_wconf 91' lang='lat' dir='ltr'><strong><em>est.</em></strong></span> <span class='ocrx_word' id='word_1_133' title='bbox 1138 1280 1243 1333; x_wconf 82' lang='lat' dir='ltr'><strong><em>Ferunt</em></strong></span> <span class='ocrx_word' id='word_1_134' title='bbox 1260 1280 1360 1334; x_wconf 87' lang='lat' dir='ltr'><strong><em>Plato-</em></strong></span> 
     </span>
     <span class='ocr_line' id='line_1_15' title="bbox 206 1349 1357 1420; baseline -0.002 -16"><span class='ocrx_word' id='word_1_135' title='bbox 206 1367 267 1404; x_wconf 85' lang='lat' dir='ltr'><strong><em>nem</em></strong></span> <span class='ocrx_word' id='word_1_136' title='bbox 285 1349 360 1403; x_wconf 88' lang='lat' dir='ltr'><strong><em>idem</em></strong></span> <span class='ocrx_word' id='word_1_137' title='bbox 382 1351 609 1418; x_wconf 81' lang='lat' dir='ltr'><strong><em>sensisse,quod</em></strong></span> <span class='ocrx_word' id='word_1_138' title='bbox 628 1351 833 1419; x_wconf 72' lang='lat' dir='ltr'><strong><em>Pythagoram:</em></strong></span> <span class='ocrx_word' id='word_1_139' title='bbox 862 1366 920 1404; x_wconf 88' lang='lat' dir='ltr'><strong><em>non</em></strong></span> <span class='ocrx_word' id='word_1_140' title='bbox 948 1349 1135 1420; x_wconf 84' lang='lat' dir='ltr'><strong><em>Pptbagoras.</em></strong></span> <span class='ocrx_word' id='word_1_141' title='bbox 1159 1352 1221 1405; x_wconf 58' lang='lat' dir='ltr'><strong><em>“Sic</em></strong></span> <span class='ocrx_word' id='word_1_142' title='bbox 1239 1351 1357 1405; x_wconf 82' lang='lat' dir='ltr'><strong><em>Tuscul.</em></strong></span> 
     </span>
     <span class='ocr_line' id='line_1_16' title="bbox 206 1421 1359 1489; baseline 0.002 -15"><span class='ocrx_word' id='word_1_143' title='bbox 206 1421 255 1488; x_wconf 87' lang='lat' dir='ltr'><strong><em>IV,</em></strong></span> <span class='ocrx_word' id='word_1_144' title='bbox 274 1425 317 1476; x_wconf 78' lang='lat'><strong><em>20.</em></strong></span> <span class='ocrx_word' id='word_1_145' title='bbox 354 1422 450 1488; x_wconf 86' lang='lat' dir='ltr'><strong><em>Ipsum</em></strong></span> <span class='ocrx_word' id='word_1_146' title='bbox 467 1423 541 1475; x_wconf 89' lang='lat' dir='ltr'><strong><em>illud</em></strong></span> <span class='ocrx_word' id='word_1_147' title='bbox 560 1423 708 1489; x_wconf 88' lang='lat' dir='ltr'><strong><em>aemulari,</em></strong></span> <span class='ocrx_word' id='word_1_148' title='bbox 727 1424 884 1476; x_wconf 76' lang='lat' dir='ltr'><strong><em>obtrectare</em></strong></span> <span class='ocrx_word' id='word_1_149' title='bbox 900 1439 955 1475; x_wconf 90' lang='lat' dir='ltr'><strong><em>non</em></strong></span> <span class='ocrx_word' id='word_1_150' title='bbox 972 1437 1032 1474; x_wconf 83' lang='lat' dir='ltr'><strong><em>esse</em></strong></span> <span class='ocrx_word' id='word_1_151' title='bbox 1047 1423 1164 1476; x_wconf 77' lang='lat' dir='ltr'><strong><em>inutile.-</em></strong></span> <span class='ocrx_word' id='word_1_152' title='bbox 1181 1439 1243 1475; x_wconf 89' lang='lat' dir='ltr'><strong><em>cum</em></strong></span> <span class='ocrx_word' id='word_1_153' title='bbox 1261 1429 1309 1474; x_wconf 90' lang='lat' dir='ltr'><strong><em>aut</em></strong></span> <span class='ocrx_word' id='word_1_154' title='bbox 1328 1438 1359 1476; x_wconf 90' lang='lat' dir='ltr'><strong><em>ee</em></strong></span> 
     </span>
     <span class='ocr_line' id='line_1_17' title="bbox 205 1491 1360 1563; baseline 0.001 -19"><span class='ocrx_word' id='word_1_155' title='bbox 205 1509 258 1545; x_wconf 88' lang='lat' dir='ltr'><strong><em>non</em></strong></span> <span class='ocrx_word' id='word_1_156' title='bbox 281 1491 357 1560; x_wconf 78' lang='lat' dir='ltr'><strong><em>idem</em></strong></span> <span class='ocrx_word' id='word_1_157' title='bbox 372 1492 467 1545; x_wconf 86' lang='lat' dir='ltr'><strong><em>uideat</em></strong></span> <span class='ocrx_word' id='word_1_158' title='bbox 493 1499 676 1559; x_wconf 86' lang='lat' dir='ltr'><strong><em>consecutum,</em></strong></span> <span class='ocrx_word' id='word_1_159' title='bbox 701 1494 785 1563; x_wconf 89' lang='lat' dir='ltr'><strong><em>quod·</em></strong></span> <span class='ocrx_word' id='word_1_160' title='bbox 802 1492 908 1557; x_wconf 87' lang='lat' dir='ltr'><strong><em>alium;</em></strong></span> <span class='ocrx_word' id='word_1_161' title='bbox 932 1500 982 1546; x_wconf 89' lang='lat' dir='ltr'><strong><em>aut</em></strong></span> <span class='ocrx_word' id='word_1_162' title='bbox 1007 1493 1096 1547; x_wconf 88' lang='lat' dir='ltr'><strong><em>aliam</em></strong></span> <span class='ocrx_word' id='word_1_163' title='bbox 1112 1492 1198 1558; x_wconf 79' lang='lat' dir='ltr'><strong><em>idem,</em></strong></span> <span class='ocrx_word' id='word_1_164' title='bbox 1224 1494 1301 1562; x_wconf 92' lang='lat' dir='ltr'><strong><em>quod</em></strong></span> <span class='ocrx_word' id='word_1_165' title='bbox 1320 1511 1360 1546; x_wconf 89' lang='lat' dir='ltr'><strong><em>se.</em></strong></span> 
     </span>
     <span class='ocr_line' id='line_1_18' title="bbox 206 1558 1363 1634; baseline 0.001 -19"><span class='ocrx_word' id='word_1_166' title='bbox 206 1563 285 1615; x_wconf 85' lang='lat' dir='ltr'><strong><em>Idem</em></strong></span> <span class='ocrx_word' id='word_1_167' title='bbox 303 1558 405 1616; x_wconf 89' lang='lat' dir='ltr'><strong><em>deinde</em></strong></span> <span class='ocrx_word' id='word_1_168' title='bbox 429 1563 528 1629; x_wconf 85' lang='lat' dir='ltr'><strong><em>codex,</em></strong></span> <span class='ocrx_word' id='word_1_169' title='bbox 554 1563 681 1618; x_wconf 86' lang='lat' dir='ltr'><strong><em>rationes</em></strong></span> <span class='ocrx_word' id='word_1_170' title='bbox 703 1564 840 1626; x_wconf 85' lang='lat' dir='ltr'><strong><em>attulisse,</em></strong></span> <span class='ocrx_word' id='word_1_171' title='bbox 866 1577 944 1632; x_wconf 82' lang='lat' dir='ltr'><strong><em>quas.</em></strong></span> <span class='ocrx_word' id='word_1_172' title='bbox 981 1563 1168 1616; x_wconf 84' lang='lat' dir='ltr'><strong><em>Rectissime:</em></strong></span> <span class='ocrx_word' id='word_1_173' title='bbox 1196 1565 1363 1634; x_wconf 76' lang='lat' dir='ltr'><strong><em>complures</em></strong></span> 
     </span>
     <span class='ocr_line' id='line_1_19' title="bbox 207 1630 1364 1699; baseline 0.001 -12"><span class='ocrx_word' id='word_1_174' title='bbox 207 1635 285 1687; x_wconf 88' lang='lat' dir='ltr'><strong><em>enim</em></strong></span> <span class='ocrx_word' id='word_1_175' title='bbox 308 1634 408 1687; x_wconf 87' lang='lat' dir='ltr'><strong><em>attulit</em></strong></span> <span class='ocrx_word' id='word_1_176' title='bbox 431 1635 519 1699; x_wconf 84' lang='lat' dir='ltr'><strong><em>Plato,</em></strong></span> <span class='ocrx_word' id='word_1_177' title='bbox 545 1652 604 1688; x_wconf 90' lang='lat' dir='ltr'><strong><em>non</em></strong></span> <span class='ocrx_word' id='word_1_178' title='bbox 628 1636 751 1688; x_wconf 90' lang='lat' dir='ltr'><strong><em>unicam.</em></strong></span> <span class='ocrx_word' id='word_1_179' title='bbox 788 1634 837 1688; x_wconf 89' lang='lat' dir='ltr'><strong><em>Sic</em></strong></span> <span class='ocrx_word' id='word_1_180' title='bbox 861 1651 934 1686; x_wconf 48' lang='lat' dir='ltr'><strong><em>mox*</em></strong></span> <span class='ocrx_word' id='word_1_181' title='bbox 956 1651 981 1686; x_wconf 85' lang='lat' dir='ltr'><strong><em>c.</em></strong></span> <span class='ocrx_word' id='word_1_182' title='bbox 1001 1630 1075 1685; x_wconf 80' lang='lat' dir='ltr'><strong><em>xxt.</em></strong></span> <span class='ocrx_word' id='word_1_183' title='bbox 1095 1633 1153 1686; x_wconf 72' lang='lat' dir='ltr'><strong><em>us</em></strong></span> <span class='ocrx_word' id='word_1_184' title='bbox 1176 1636 1247 1687; x_wconf 89' lang='lat' dir='ltr'><strong><em>enim</em></strong></span> <span class='ocrx_word' id='word_1_185' title='bbox 1266 1636 1364 1688; x_wconf 86' lang='lat' dir='ltr'><strong><em>ratio·</em></strong></span> 
     </span>
     <span class='ocr_line' id='line_1_20' title="bbox 206 1702 1364 1776; baseline 0 -17"><span class='ocrx_word' id='word_1_186' title='bbox 206 1722 266 1759; x_wconf 84' lang='lat' dir='ltr'><strong><em>nan</em></strong></span> <span class='ocrx_word' id='word_1_187' title='bbox 284 1704 365 1759; x_wconf 89' lang='lat' dir='ltr'><strong><em>Plato</em></strong></span> <span class='ocrx_word' id='word_1_188' title='bbox 384 1706 490 1758; x_wconf 89' lang='lat' dir='ltr'><strong><em>nullam</em></strong></span> <span class='ocrx_word' id='word_1_189' title='bbox 508 1707 627 1773; x_wconf 72' lang='lat' dir='ltr'><strong><em>afferret</em></strong></span> <span class='ocrx_word' id='word_1_190' title='bbox 645 1706 719 1770; x_wconf 88' lang='lat' dir='ltr'><strong><em>(eide</em></strong></span> <span class='ocrx_word' id='word_1_191' title='bbox 737 1705 805 1776; x_wconf 78' lang='lat' dir='ltr'><strong><em>quid</em></strong></span> <span class='ocrx_word' id='word_1_192' title='bbox 816 1702 927 1766; x_wconf 72' lang='lat' dir='ltr'><strong><em>&#39;bomne&#39;</em></strong></span> <span class='ocrx_word' id='word_1_193' title='bbox 944 1704 1077 1765; x_wconf 83' lang='lat' dir='ltr'><strong><em>tribuam)</em></strong></span> <span class='ocrx_word' id='word_1_194' title='bbox 1100 1706 1165 1771; x_wconf 90' lang='lat' dir='ltr'><strong><em>ipsa</em></strong></span> <span class='ocrx_word' id='word_1_195' title='bbox 1189 1708 1364 1759; x_wconf 86' lang='lat' dir='ltr'><strong><em>auctoritate</em></strong></span> 
     </span>
     <span class='ocr_line' id='line_1_21' title="bbox 205 1774 1363 1844; baseline 0.001 -15"><span class='ocrx_word' id='word_1_196' title='bbox 205 1793 245 1829; x_wconf 86' lang='lat' dir='ltr'><strong><em>me</em></strong></span> <span class='ocrx_word' id='word_1_197' title='bbox 268 1776 432 1844; x_wconf 69' lang='lat' dir='ltr'><strong><em>frangeret.-</em></strong></span> <span class='ocrx_word' id='word_1_198' title='bbox 456 1785 501 1830; x_wconf 87' lang='lat' dir='ltr'><strong><em>tot</em></strong></span> <span class='ocrx_word' id='word_1_199' title='bbox 525 1785 619 1830; x_wconf 88' lang='lat' dir='ltr'><strong><em>autem</em></strong></span> <span class='ocrx_word' id='word_1_200' title='bbox 638 1777 763 1829; x_wconf 86' lang='lat' dir='ltr'><strong><em>rationes</em></strong></span> <span class='ocrx_word' id='word_1_201' title='bbox 787 1775 892 1841; x_wconf 83' lang='lat' dir='ltr'><strong><em>attulit,</em></strong></span> <span class='ocrx_word' id='word_1_202' title='bbox 919 1778 950 1828; x_wconf 82' lang='lat' dir='ltr'><strong><em>ut</em></strong></span> <span class='ocrx_word' id='word_1_203' title='bbox 973 1774 1042 1827; x_wconf 86' lang='lat' dir='ltr'><strong><em>uelle</em></strong></span> <span class='ocrx_word' id='word_1_204' title='bbox 1067 1777 1175 1841; x_wconf 90' lang='lat' dir='ltr'><strong><em>ceteris,</em></strong></span> <span class='ocrx_word' id='word_1_205' title='bbox 1201 1776 1256 1829; x_wconf 85' lang='lat' dir='ltr'><strong><em>sibi</em></strong></span> <span class='ocrx_word' id='word_1_206' title='bbox 1280 1784 1363 1830; x_wconf 86' lang='lat' dir='ltr'><strong><em>certe</em></strong></span> 
     </span>
     <span class='ocr_line' id='line_1_22' title="bbox 203 1847 1029 1917; baseline 0 -17"><span class='ocrx_word' id='word_1_207' title='bbox 203 1847 383 1917; x_wconf 81' lang='lat' dir='ltr'><strong><em>persuasisse</em></strong></span> <span class='ocrx_word' id='word_1_208' title='bbox 403 1849 541 1902; x_wconf 86' lang='lat' dir='ltr'><strong><em>uideatur.</em></strong></span> <span class='ocrx_word' id='word_1_209' title='bbox 595 1867 597 1872; x_wconf 63' lang='grc'>’</span> <span class='ocrx_word' id='word_1_210' title='bbox 1025 1890 1029 1900; x_wconf 76' lang='lat'><strong><em>.</em></strong></span> 
     </span>
    </p>

    <p class='ocr_par' dir='ltr' id='par_1_6' title="bbox 207 1908 1361 2063">
     <span class='ocr_line' id='line_1_23' title="bbox 276 1908 1361 1995; baseline 0 -23"><span class='ocrx_word' id='word_1_211' title='bbox 276 1914 367 1972; x_wconf 84' lang='lat' dir='ltr'><strong><em>*Pro</em></strong></span> <span class='ocrx_word' id='word_1_212' title='bbox 387 1908 486 1973; x_wconf 65' lang='lat' dir='ltr'><strong><em>Codes?</em></strong></span> <span class='ocrx_word' id='word_1_213' title='bbox 499 1924 564 1971; x_wconf 88' lang='lat' dir='ltr'><strong><em>tuus</em></strong></span> <span class='ocrx_word' id='word_1_214' title='bbox 580 1918 661 1974; x_wconf 84' lang='lat' dir='ltr'><strong><em>babet</em></strong></span> <span class='ocrx_word' id='word_1_215' title='bbox 678 1920 744 1992; x_wconf 79' lang='lat' dir='ltr'><strong><em>lege</em></strong></span> <span class='ocrx_word' id='word_1_216' title='bbox 761 1918 870 1972; x_wconf 89' lang='lat' dir='ltr'><strong><em>codices</em></strong></span> <span class='ocrx_word' id='word_1_217' title='bbox 888 1917 977 1973; x_wconf 89' lang='lat' dir='ltr'><strong><em>nostri</em></strong></span> <span class='ocrx_word' id='word_1_218' title='bbox 994 1917 1110 1971; x_wconf 81' lang='lat' dir='ltr'><strong><em>babent.-</em></strong></span> <span class='ocrx_word' id='word_1_219' title='bbox 1130 1925 1158 1968; x_wconf 89' lang='lat' dir='ltr'><strong><em>et</em></strong></span> <span class='ocrx_word' id='word_1_220' title='bbox 1177 1917 1261 1969; x_wconf 74' lang='lat' dir='ltr'><strong><em>buit.</em></strong></span> <span class='ocrx_word' id='word_1_221' title='bbox 1282 1918 1361 1995; x_wconf 82' lang='lat' dir='ltr'><strong><em>lege,</em></strong></span> 
     </span>
     <span class='ocr_line' id='line_1_24' title="bbox 207 1988 575 2063; baseline -0.003 -20"><span class='ocrx_word' id='word_1_222' title='bbox 207 1988 303 2043; x_wconf 77' lang='lat' dir='ltr'><strong><em>Codex</em></strong></span> <span class='ocrx_word' id='word_1_223' title='bbox 322 1989 575 2063; x_wconf 75' lang='lat' dir='ltr'><strong><em>cantabrigiensis.</em></strong></span> 
     </span>
    </p>

    <p class='ocr_par' dir='ltr' id='par_1_7' title="bbox 154 2056 1363 2683">
     <span class='ocr_line' id='line_1_25' title="bbox 277 2056 1361 2130; baseline -0.003 -15"><span class='ocrx_word' id='word_1_224' title='bbox 277 2056 354 2115; x_wconf 84' lang='lat' dir='ltr'><strong><em>*lb</em></strong></span> <span class='ocrx_word' id='word_1_225' title='bbox 391 2062 428 2114; x_wconf 85' lang='lat' dir='ltr'><strong><em>In</em></strong></span> <span class='ocrx_word' id='word_1_226' title='bbox 446 2061 563 2114; x_wconf 88' lang='lat' dir='ltr'><strong><em>ltaliam</em></strong></span> <span class='ocrx_word' id='word_1_227' title='bbox 586 2061 691 2125; x_wconf 84' lang='lat' dir='ltr'><strong><em>pauisse</em></strong></span> <span class='ocrx_word' id='word_1_228' title='bbox 719 2060 757 2126; x_wconf 90' lang='lat' dir='ltr'><strong><em>(et</em></strong></span> <span class='ocrx_word' id='word_1_229' title='bbox 777 2061 809 2116; x_wconf 88' lang='lat' dir='ltr'><strong><em>in</em></strong></span> <span class='ocrx_word' id='word_1_230' title='bbox 831 2078 865 2115; x_wconf 89' lang='lat' dir='ltr'><strong><em>ea</em></strong></span> <span class='ocrx_word' id='word_1_231' title='bbox 891 2075 967 2130; x_wconf 80' lang='lat' dir='ltr'><strong><em>paam</em></strong></span> <span class='ocrx_word' id='word_1_232' title='bbox 994 2057 1066 2113; x_wconf 89' lang='lat' dir='ltr'><strong><em>elios</em></strong></span> <span class='ocrx_word' id='word_1_233' title='bbox 1089 2057 1199 2124; x_wconf 88' lang='lat' dir='ltr'><strong><em>multos,</em></strong></span> <span class='ocrx_word' id='word_1_234' title='bbox 1225 2064 1281 2112; x_wconf 88' lang='lat' dir='ltr'><strong><em>tum</em></strong></span> <span class='ocrx_word' id='word_1_235' title='bbox 1300 2060 1361 2113; x_wconf 83' lang='lat' dir='ltr'><strong><em>Ar-</em></strong></span> 
     </span>
     <span class='ocr_line' id='line_1_26' title="bbox 206 2130 1359 2202; baseline -0.002 -18"><span class='ocrx_word' id='word_1_236' title='bbox 206 2130 316 2202; x_wconf 75' lang='lat' dir='ltr'><strong><em>cltptam</em></strong></span> <span class='ocrx_word' id='word_1_237' title='bbox 336 2132 530 2200; x_wconf 85' lang='lat' dir='ltr'><strong><em>Timaeumque</em></strong></span> <span class='ocrx_word' id='word_1_238' title='bbox 548 2132 734 2199; x_wconf 75' lang='lat' dir='ltr'><strong><em>cognovisse)]</em></strong></span> <span class='ocrx_word' id='word_1_239' title='bbox 779 2132 853 2197; x_wconf 84' lang='lat' dir='ltr'><strong><em>Quae</em></strong></span> <span class='ocrx_word' id='word_1_240' title='bbox 870 2131 985 2184; x_wconf 89' lang='lat' dir='ltr'><strong><em>uncinis</em></strong></span> <span class='ocrx_word' id='word_1_241' title='bbox 1004 2131 1114 2182; x_wconf 90' lang='lat' dir='ltr'><strong><em>inclusa</em></strong></span> <span class='ocrx_word' id='word_1_242' title='bbox 1132 2137 1207 2194; x_wconf 87' lang='lat' dir='ltr'><strong><em>sunt,</em></strong></span> <span class='ocrx_word' id='word_1_243' title='bbox 1228 2148 1243 2182; x_wconf 89' lang='lat' dir='ltr'><strong><em>a</em></strong></span> <span class='ocrx_word' id='word_1_244' title='bbox 1262 2140 1359 2184; x_wconf 86' lang='lat' dir='ltr'><strong><em>veter-</em></strong></span> 
     </span>
     <span class='ocr_line' id='line_1_27' title="bbox 206 2198 1360 2273; baseline 0 -18"><span class='ocrx_word' id='word_1_245' title='bbox 206 2203 289 2256; x_wconf 82' lang='lat' dir='ltr'><strong><em>rimis</em></strong></span> <span class='ocrx_word' id='word_1_246' title='bbox 317 2220 431 2273; x_wconf 87' lang='lat' dir='ltr'><strong><em>quoque</em></strong></span> <span class='ocrx_word' id='word_1_247' title='bbox 456 2202 562 2255; x_wconf 88' lang='lat' dir='ltr'><strong><em>nostris</em></strong></span> <span class='ocrx_word' id='word_1_248' title='bbox 586 2203 695 2258; x_wconf 87' lang='lat' dir='ltr'><strong><em>absunt.</em></strong></span> <span class='ocrx_word' id='word_1_249' title='bbox 731 2202 848 2255; x_wconf 86' lang='lat' dir='ltr'><strong><em>Nescias</em></strong></span> <span class='ocrx_word' id='word_1_250' title='bbox 872 2211 974 2254; x_wconf 89' lang='lat' dir='ltr'><strong><em>utrum</em></strong></span> <span class='ocrx_word' id='word_1_251' title='bbox 998 2201 1113 2253; x_wconf 87' lang='lat' dir='ltr'><strong><em>aliunde</em></strong></span> <span class='ocrx_word' id='word_1_252' title='bbox 1141 2198 1200 2252; x_wconf 89' lang='lat' dir='ltr'><strong><em>huc</em></strong></span> <span class='ocrx_word' id='word_1_253' title='bbox 1228 2201 1360 2272; x_wconf 84' lang='lat' dir='ltr'><strong><em>adoptata</em></strong></span> 
     </span>
     <span class='ocr_line' id='line_1_28' title="bbox 154 2268 1249 2346; baseline -0.003 -19"><span class='ocrx_word' id='word_1_254' title='bbox 154 2301 160 2312; x_wconf 91' lang='lat'>·</span> <span class='ocrx_word' id='word_1_255' title='bbox 207 2274 274 2342; x_wconf 88' lang='lat' dir='ltr'><strong><em>sint,</em></strong></span> <span class='ocrx_word' id='word_1_256' title='bbox 293 2292 329 2326; x_wconf 90' lang='lat' dir='ltr'><strong><em>an</em></strong></span> <span class='ocrx_word' id='word_1_257' title='bbox 346 2282 469 2345; x_wconf 87' lang='lat' dir='ltr'><strong><em>propter</em></strong></span> <span class='ocrx_word' id='word_1_258' title='bbox 485 2268 515 2325; x_wconf 84' lang='grc' dir='ltr'><strong><em>τὸ</em></strong></span> <span class='ocrx_word' id='word_1_259' title='bbox 534 2268 740 2344; x_wconf 77' lang='grc' dir='ltr'><em>ὁμοιοτέλευτον</em></span> <span class='ocrx_word' id='word_1_260' title='bbox 758 2272 928 2326; x_wconf 83' lang='lat' dir='ltr'><strong><em>exciderint.</em></strong></span> <span class='ocrx_word' id='word_1_261' title='bbox 1246 2343 1249 2346; x_wconf 14' lang='lat'><strong>⁴</strong></span> 
     </span>
     <span class='ocr_line' id='line_1_29' title="bbox 214 2343 1359 2413; baseline -0.001 -14"><span class='ocrx_word' id='word_1_262' title='bbox 214 2363 218 2368; x_wconf 74' lang='grc'><strong>’</strong></span> <span class='ocrx_word' id='word_1_263' title='bbox 278 2343 297 2382; x_wconf 77' lang='lat'><strong><em>&#39;¹‘</em></strong></span> <span class='ocrx_word' id='word_1_264' title='bbox 315 2346 356 2400; x_wconf 92' lang='lat' dir='ltr'><strong><em>lb.</em></strong></span> <span class='ocrx_word' id='word_1_265' title='bbox 395 2347 480 2410; x_wconf 85' lang='lat' dir='ltr'><strong><em>Quas,</em></strong></span> <span class='ocrx_word' id='word_1_266' title='bbox 509 2343 569 2399; x_wconf 85' lang='lat' dir='ltr'><strong><em>nisi</em></strong></span> <span class='ocrx_word' id='word_1_267' title='bbox 585 2344 656 2413; x_wconf 80' lang='lat' dir='ltr'><strong><em>quid</em></strong></span> <span class='ocrx_word' id='word_1_268' title='bbox 672 2343 779 2411; x_wconf 90' lang='lat' dir='ltr'><strong><em>dicis,</em></strong></span> <span class='ocrx_word' id='word_1_269' title='bbox 803 2345 1077 2412; x_wconf 72' lang='lat' dir='ltr'><strong><em>praetemsittamuss</em></strong></span> <span class='ocrx_word' id='word_1_270' title='bbox 1097 2352 1126 2397; x_wconf 89' lang='lat' dir='ltr'><strong><em>et</em></strong></span> <span class='ocrx_word' id='word_1_271' title='bbox 1145 2358 1226 2402; x_wconf 80' lang='lat' dir='ltr'><strong><em>snex:</em></strong></span> <span class='ocrx_word' id='word_1_272' title='bbox 1246 2361 1288 2398; x_wconf 87' lang='lat' dir='ltr'><strong><em>en</em></strong></span> <span class='ocrx_word' id='word_1_273' title='bbox 1307 2351 1359 2412; x_wconf 88' lang='lat' dir='ltr'><strong><em>tu,</em></strong></span> 
     </span>
     <span class='ocr_line' id='line_1_30' title="bbox 208 2415 1361 2486; baseline -0.001 -16"><span class='ocrx_word' id='word_1_274' title='bbox 208 2433 290 2486; x_wconf 82' lang='lat' dir='ltr'><strong><em>quum</em></strong></span> <span class='ocrx_word' id='word_1_275' title='bbox 306 2433 350 2469; x_wconf 80' lang='lat' dir='ltr'><strong><em>nne</em></strong></span> <span class='ocrx_word' id='word_1_276' title='bbox 374 2418 406 2471; x_wconf 89' lang='lat' dir='ltr'><strong><em>in</em></strong></span> <span class='ocrx_word' id='word_1_277' title='bbox 431 2431 564 2469; x_wconf 87' lang='lat' dir='ltr'><strong><em>summam</em></strong></span> <span class='ocrx_word' id='word_1_278' title='bbox 588 2418 822 2482; x_wconf 76' lang='lat' dir='ltr'><strong><em>exspectationem</em></strong></span> <span class='ocrx_word' id='word_1_279' title='bbox 839 2415 1000 2482; x_wconf 79' lang='lat' dir='ltr'><strong><em>adduxeris,</em></strong></span> <span class='ocrx_word' id='word_1_280' title='bbox 1029 2415 1176 2482; x_wconf 74' lang='lat' dir='ltr'><strong><em>decertet]</em></strong></span> <span class='ocrx_word' id='word_1_281' title='bbox 1213 2418 1258 2468; x_wconf 88' lang='lat' dir='ltr'><strong><em>lta</em></strong></span> <span class='ocrx_word' id='word_1_282' title='bbox 1276 2415 1361 2469; x_wconf 83' lang='lat' dir='ltr'><strong><em>Codi-</em></strong></span> 
     </span>
     <span class='ocr_line' id='line_1_31' title="bbox 207 2482 1362 2558; baseline -0.002 -16"><span class='ocrx_word' id='word_1_283' title='bbox 207 2506 267 2542; x_wconf 80' lang='lat' dir='ltr'><strong><em>ces.-</em></strong></span> <span class='ocrx_word' id='word_1_284' title='bbox 286 2488 334 2542; x_wconf 88' lang='lat' dir='ltr'><strong><em>sed</em></strong></span> <span class='ocrx_word' id='word_1_285' title='bbox 351 2501 461 2558; x_wconf 87' lang='lat' dir='ltr'><strong><em>repono</em></strong></span> <span class='ocrx_word' id='word_1_286' title='bbox 478 2486 539 2538; x_wconf 84' lang='lat' dir='ltr'><strong><em>levi</em></strong></span> <span class='ocrx_word' id='word_1_287' title='bbox 557 2487 729 2538; x_wconf 83' lang='lat' dir='ltr'><strong><em>mutatione:</em></strong></span> <span class='ocrx_word' id='word_1_288' title='bbox 759 2487 818 2541; x_wconf 86' lang='lat' dir='ltr'><strong><em>uisi</em></strong></span> <span class='ocrx_word' id='word_1_289' title='bbox 835 2487 901 2557; x_wconf 87' lang='lat' dir='ltr'><strong><em>quid</em></strong></span> <span class='ocrx_word' id='word_1_290' title='bbox 919 2482 990 2540; x_wconf 84' lang='lat' dir='ltr'><strong><em>cis:</em></strong></span> <span class='ocrx_word' id='word_1_291' title='bbox 1016 2495 1059 2549; x_wconf 72' lang='lat' dir='ltr'><strong><em>ets</em></strong></span> <span class='ocrx_word' id='word_1_292' title='bbox 1089 2485 1154 2553; x_wconf 77' lang='lat' dir='ltr'><strong><em>Ain’</em></strong></span> <span class='ocrx_word' id='word_1_293' title='bbox 1175 2491 1214 2538; x_wconf 90' lang='lat' dir='ltr'><strong><em>tu.</em></strong></span> <span class='ocrx_word' id='word_1_294' title='bbox 1252 2488 1362 2542; x_wconf 84' lang='lat' dir='ltr'><strong><em>Exem-</em></strong></span> 
     </span>
     <span class='ocr_line' id='line_1_32' title="bbox 206 2556 1363 2683; baseline 0 -72"><span class='ocrx_word' id='word_1_295' title='bbox 206 2560 255 2630; x_wconf 90' lang='lat' dir='ltr'><strong><em>pla</em></strong></span> <span class='ocrx_word' id='word_1_296' title='bbox 280 2560 387 2683; x_wconf 56' lang='lat' dir='ltr'><strong><em>pasgm</em></strong></span> <span class='ocrx_word' id='word_1_297' title='bbox 410 2557 492 2611; x_wconf 87' lang='lat' dir='ltr'><strong><em>obvia</em></strong></span> <span class='ocrx_word' id='word_1_298' title='bbox 519 2565 594 2609; x_wconf 87' lang='lat' dir='ltr'><strong><em>sunt.</em></strong></span> <span class='ocrx_word' id='word_1_299' title='bbox 629 2558 684 2610; x_wconf 86' lang='lat' dir='ltr'><strong><em>Pro</em></strong></span> <span class='ocrx_word' id='word_1_300' title='bbox 708 2557 752 2611; x_wconf 84' lang='lat' dir='ltr'><strong><em>ais</em></strong></span> <span class='ocrx_word' id='word_1_301' title='bbox 765 2558 914 2629; x_wconf 84' lang='lat' dir='ltr'><strong><em>&#39;surrepsit</em></strong></span> <span class='ocrx_word' id='word_1_302' title='bbox 936 2558 1011 2610; x_wconf 90' lang='lat' dir='ltr'><strong><em>illud</em></strong></span> <span class='ocrx_word' id='word_1_303' title='bbox 1036 2556 1120 2624; x_wconf 87' lang='lat' dir='ltr'><strong><em>dieis,</em></strong></span> <span class='ocrx_word' id='word_1_304' title='bbox 1147 2559 1214 2626; x_wconf 84' lang='lat' dir='ltr'><strong><em>quia</em></strong></span> <span class='ocrx_word' id='word_1_305' title='bbox 1231 2576 1363 2628; x_wconf 89' lang='lat' dir='ltr'><strong><em>praeces-</em></strong></span> 
     </span>
     <span class='ocr_line' id='line_1_33' title="bbox 207 2639 1251 2683; baseline -0.002 -1"><span class='ocrx_word' id='word_1_306' title='bbox 207 2639 289 2683; x_wconf 65' lang='lat' dir='ltr'><strong>serat.</strong></span> <span class='ocrx_word' id='word_1_307' title='bbox 359 2668 365 2681; x_wconf 89' lang='lat'><strong><em>.</em></strong></span> <span class='ocrx_word' id='word_1_308' title='bbox 1248 2646 1251 2650; x_wconf 87' lang='grc'>’</span> 
     </span>
    </p>

    <p class='ocr_par' dir='ltr' id='par_1_8' title="bbox 206 2697 1361 3199">
     <span class='ocr_line' id='line_1_34' title="bbox 277 2697 1359 2770; baseline 0.001 -17"><span class='ocrx_word' id='word_1_309' title='bbox 277 2701 349 2755; x_wconf 90' lang='lat' dir='ltr'><strong><em>Ibid.</em></strong></span> <span class='ocrx_word' id='word_1_310' title='bbox 385 2700 458 2754; x_wconf 87' lang='lat' dir='ltr'><strong><em>Num</em></strong></span> <span class='ocrx_word' id='word_1_311' title='bbox 476 2697 567 2769; x_wconf 80' lang='lat' dir='ltr'><strong><em>igitur</em></strong></span> <span class='ocrx_word' id='word_1_312' title='bbox 584 2698 748 2767; x_wconf 88' lang='lat' dir='ltr'><strong><em>dubitamus,</em></strong></span> <span class='ocrx_word' id='word_1_313' title='bbox 767 2720 812 2767; x_wconf 86' lang='lat' dir='ltr'><strong><em>an,</em></strong></span> <span class='ocrx_word' id='word_1_314' title='bbox 830 2700 902 2756; x_wconf 87' lang='lat' dir='ltr'><strong><em>sicut</em></strong></span> <span class='ocrx_word' id='word_1_315' title='bbox 917 2700 1057 2770; x_wconf 82' lang='lat' dir='ltr'><strong><em>pleraque,</em></strong></span> <span class='ocrx_word' id='word_1_316' title='bbox 1076 2698 1119 2753; x_wconf 90' lang='lat' dir='ltr'><strong><em>sic</em></strong></span> <span class='ocrx_word' id='word_1_317' title='bbox 1137 2700 1243 2755; x_wconf 80' lang='lat' dir='ltr'><strong><em>etboc?</em></strong></span> <span class='ocrx_word' id='word_1_318' title='bbox 1261 2715 1359 2768; x_wconf 84' lang='lat' dir='ltr'><strong><em>quam-</em></strong></span> 
     </span>
     <span class='ocr_line' id='line_1_35' title="bbox 207 2769 1361 2845; baseline -0.001 -18"><span class='ocrx_word' id='word_1_319' title='bbox 207 2784 289 2845; x_wconf 79' lang='lat' dir='ltr'><strong><em>quam</em></strong></span> <span class='ocrx_word' id='word_1_320' title='bbox 311 2771 362 2827; x_wconf 80' lang='lat' dir='ltr'><strong><em>boc</em></strong></span> <span class='ocrx_word' id='word_1_321' title='bbox 383 2773 495 2843; x_wconf 79' lang='lat' dir='ltr'><strong><em>quidem</em></strong></span> <span class='ocrx_word' id='word_1_322' title='bbox 520 2773 648 2826; x_wconf 89' lang='lat' dir='ltr'><strong><em>minime:</em></strong></span> <span class='ocrx_word' id='word_1_323' title='bbox 673 2775 844 2842; x_wconf 88' lang='lat' dir='ltr'><strong><em>persuadent</em></strong></span> <span class='ocrx_word' id='word_1_324' title='bbox 867 2771 941 2824; x_wconf 89' lang='lat' dir='ltr'><strong><em>enim</em></strong></span> <span class='ocrx_word' id='word_1_325' title='bbox 967 2769 1167 2837; x_wconf 71' lang='lat' dir='ltr'><strong><em>mathematici,</em></strong></span> <span class='ocrx_word' id='word_1_326' title='bbox 1195 2779 1303 2825; x_wconf 89' lang='lat' dir='ltr'><strong><em>terram</em></strong></span> <span class='ocrx_word' id='word_1_327' title='bbox 1328 2772 1361 2827; x_wconf 86' lang='lat' dir='ltr'><strong><em>in</em></strong></span> 
     </span>
     <span class='ocr_line' id='line_1_36' title="bbox 206 2843 1361 2910; baseline -0.002 -11"><span class='ocrx_word' id='word_1_328' title='bbox 206 2847 297 2901; x_wconf 90' lang='lat' dir='ltr'><strong><em>medio</em></strong></span> <span class='ocrx_word' id='word_1_329' title='bbox 316 2846 418 2899; x_wconf 88' lang='lat' dir='ltr'><strong><em>mando</em></strong></span> <span class='ocrx_word' id='word_1_330' title='bbox 441 2845 527 2898; x_wconf 88' lang='lat' dir='ltr'><strong><em>sitam</em></strong></span> <span class='ocrx_word' id='word_1_331' title='bbox 551 2844 589 2897; x_wconf 93' lang='lat' dir='ltr'><strong><em>ad</em></strong></span> <span class='ocrx_word' id='word_1_332' title='bbox 611 2846 736 2899; x_wconf 83' lang='lat' dir='ltr'><strong><em>universi</em></strong></span> <span class='ocrx_word' id='word_1_333' title='bbox 760 2844 832 2898; x_wconf 88' lang='lat' dir='ltr'><strong><em>coeli</em></strong></span> <span class='ocrx_word' id='word_1_334' title='bbox 857 2845 1027 2910; x_wconf 83' lang='lat' dir='ltr'><strong><em>complexam</em></strong></span> <span class='ocrx_word' id='word_1_335' title='bbox 1045 2843 1127 2910; x_wconf 82' lang='lat' dir='ltr'><strong><em>quasi</em></strong></span> <span class='ocrx_word' id='word_1_336' title='bbox 1152 2844 1247 2910; x_wconf 88' lang='lat' dir='ltr'><strong><em>puncti</em></strong></span> <span class='ocrx_word' id='word_1_337' title='bbox 1264 2845 1361 2898; x_wconf 86' lang='lat' dir='ltr'><strong><em>instar</em></strong></span> 
     </span>
     <span class='ocr_line' id='line_1_37' title="bbox 207 2913 1360 2986; baseline -0.003 -14"><span class='ocrx_word' id='word_1_338' title='bbox 207 2917 353 2984; x_wconf 80' lang='lat' dir='ltr'><strong><em>obtinere]</em></strong></span> <span class='ocrx_word' id='word_1_339' title='bbox 391 2917 576 2986; x_wconf 85' lang='lat' dir='ltr'><strong><em>Quocumque</em></strong></span> <span class='ocrx_word' id='word_1_340' title='bbox 596 2924 625 2968; x_wconf 88' lang='lat' dir='ltr'><strong><em>te</em></strong></span> <span class='ocrx_word' id='word_1_341' title='bbox 643 2915 776 2981; x_wconf 87' lang='lat' dir='ltr'><strong><em>verteris,</em></strong></span> <span class='ocrx_word' id='word_1_342' title='bbox 795 2932 953 2984; x_wconf 86' lang='lat' dir='ltr'><strong><em>numquam</em></strong></span> <span class='ocrx_word' id='word_1_343' title='bbox 970 2914 1071 2966; x_wconf 87' lang='lat' dir='ltr'><strong><em>hercle</em></strong></span> <span class='ocrx_word' id='word_1_344' title='bbox 1091 2913 1211 2980; x_wconf 83' lang='lat' dir='ltr'><strong><em>efficies,</em></strong></span> <span class='ocrx_word' id='word_1_345' title='bbox 1235 2922 1269 2966; x_wconf 88' lang='lat' dir='ltr'><strong><em>ut</em></strong></span> <span class='ocrx_word' id='word_1_346' title='bbox 1286 2916 1360 2968; x_wconf 86' lang='lat' dir='ltr'><strong><em>haec</em></strong></span> 
     </span>
     <span class='ocr_line' id='line_1_38' title="bbox 207 2985 1361 3059; baseline -0.003 -17"><span class='ocrx_word' id='word_1_347' title='bbox 207 2991 299 3043; x_wconf 86' lang='lat' dir='ltr'><strong><em>oratio</em></strong></span> <span class='ocrx_word' id='word_1_348' title='bbox 326 2996 407 3042; x_wconf 88' lang='lat' dir='ltr'><strong><em>recto</em></strong></span> <span class='ocrx_word' id='word_1_349' title='bbox 433 2989 505 3059; x_wconf 88' lang='lat' dir='ltr'><strong><em>pede</em></strong></span> <span class='ocrx_word' id='word_1_350' title='bbox 533 2987 667 3040; x_wconf 85' lang='lat' dir='ltr'><strong><em>incedere</em></strong></span> <span class='ocrx_word' id='word_1_351' title='bbox 691 2985 832 3039; x_wconf 79' lang='lat' dir='ltr'><strong><em>videatur.</em></strong></span> <span class='ocrx_word' id='word_1_352' title='bbox 857 2985 931 3050; x_wconf 53' lang='lat' dir='ltr'><strong><em>&lt;Quo</em></strong></span> <span class='ocrx_word' id='word_1_353' title='bbox 955 2985 1033 3037; x_wconf 82' lang='lat' dir='ltr'><strong><em>enim</em></strong></span> <span class='ocrx_word' id='word_1_354' title='bbox 1057 2988 1166 3038; x_wconf 85' lang='lat' dir='ltr'><strong><em>referes</em></strong></span> <span class='ocrx_word' id='word_1_355' title='bbox 1190 2985 1267 3038; x_wconf 92' lang='lat' dir='ltr'><strong><em>illud</em></strong></span> <span class='ocrx_word' id='word_1_356' title='bbox 1294 2988 1361 3039; x_wconf 76' lang='lat' dir='ltr'><strong><em>an?</em></strong></span> 
     </span>
     <span class='ocr_line' id='line_1_39' title="bbox 207 3055 1361 3129; baseline -0.001 -18"><span class='ocrx_word' id='word_1_357' title='bbox 207 3061 297 3124; x_wconf 83' lang='lat' dir='ltr'><strong><em>vides,</em></strong></span> <span class='ocrx_word' id='word_1_358' title='bbox 322 3060 434 3129; x_wconf 86' lang='lat' dir='ltr'><strong><em>opinor,</em></strong></span> <span class='ocrx_word' id='word_1_359' title='bbox 467 3059 639 3111; x_wconf 88' lang='lat' dir='ltr'><strong><em>sententiam</em></strong></span> <span class='ocrx_word' id='word_1_360' title='bbox 665 3058 798 3110; x_wconf 77' lang='lat' dir='ltr'><strong><em>inutilem</em></strong></span> <span class='ocrx_word' id='word_1_361' title='bbox 825 3063 855 3110; x_wconf 86' lang='lat' dir='ltr'><strong><em>et</em></strong></span> <span class='ocrx_word' id='word_1_362' title='bbox 886 3055 1104 3108; x_wconf 84' lang='lat' dir='ltr'><strong><em>claudicantem.</em></strong></span> <span class='ocrx_word' id='word_1_363' title='bbox 1141 3055 1222 3120; x_wconf 81' lang='lat' dir='ltr'><strong><em>Quod</em></strong></span> <span class='ocrx_word' id='word_1_364' title='bbox 1251 3065 1280 3109; x_wconf 87' lang='lat' dir='ltr'><strong><em>et</em></strong></span> <span class='ocrx_word' id='word_1_365' title='bbox 1308 3058 1361 3111; x_wconf 89' lang='lat' dir='ltr'><strong><em>ille</em></strong></span> 
     </span>
     <span class='ocr_line' id='line_1_40' title="bbox 206 3118 1361 3199; baseline -0.002 -17"><span class='ocrx_word' id='word_1_366' title='bbox 206 3138 286 3182; x_wconf 86' lang='lat' dir='ltr'><strong><em>recte</em></strong></span> <span class='ocrx_word' id='word_1_367' title='bbox 305 3128 505 3199; x_wconf 86' lang='lat' dir='ltr'><strong><em>deprehendit,</em></strong></span> <span class='ocrx_word' id='word_1_368' title='bbox 526 3118 626 3198; x_wconf 77' lang='lat' dir='ltr'><strong><em>qbi&#39;in</em></strong></span> <span class='ocrx_word' id='word_1_369' title='bbox 645 3128 744 3181; x_wconf 85' lang='lat' dir='ltr'><strong><em>codice</em></strong></span> <span class='ocrx_word' id='word_1_370' title='bbox 762 3137 813 3181; x_wconf 88' lang='lat' dir='ltr'><strong><em>tuo</em></strong></span> <span class='ocrx_word' id='word_1_371' title='bbox 832 3127 873 3180; x_wconf 87' lang='lat' dir='ltr'><strong><em>sic</em></strong></span> <span class='ocrx_word' id='word_1_372' title='bbox 892 3127 1089 3196; x_wconf 86' lang='lat' dir='ltr'><strong><em>interpolavit,</em></strong></span> <span class='ocrx_word' id='word_1_373' title='bbox 1108 3128 1155 3178; x_wconf 82' lang='lat' dir='ltr'><strong><em>An</em></strong></span> <span class='ocrx_word' id='word_1_374' title='bbox 1174 3129 1244 3180; x_wconf 88' lang='lat' dir='ltr'><strong><em>sicut</em></strong></span> <span class='ocrx_word' id='word_1_375' title='bbox 1261 3129 1361 3196; x_wconf 88' lang='lat' dir='ltr'><strong><em>plera·</em></strong></span> 
     </span>
    </p>
   </div>
   <div class='ocr_carea' id='block_1_5' title="bbox 108 3197 1359 3272">
    <p class='ocr_par' dir='ltr' id='par_1_9' title="bbox 108 3197 1359 3272">
     <span class='ocr_line' id='line_1_41' title="bbox 108 3197 1359 3272; baseline 0 -19"><span class='ocrx_word' id='word_1_376' title='bbox 108 3267 111 3272; x_wconf 87' lang='lat'><strong><em>.</em></strong></span> <span class='ocrx_word' id='word_1_377' title='bbox 208 3216 267 3268; x_wconf 81' lang='lat' dir='ltr'><strong><em>que,</em></strong></span> <span class='ocrx_word' id='word_1_378' title='bbox 294 3200 337 3253; x_wconf 89' lang='lat' dir='ltr'><strong><em>sic</em></strong></span> <span class='ocrx_word' id='word_1_379' title='bbox 361 3205 388 3253; x_wconf 92' lang='lat' dir='ltr'><strong><em>et</em></strong></span> <span class='ocrx_word' id='word_1_380' title='bbox 412 3197 464 3252; x_wconf 84' lang='lat' dir='ltr'><strong><em>boc</em></strong></span> <span class='ocrx_word' id='word_1_381' title='bbox 487 3199 533 3252; x_wconf 86' lang='lat' dir='ltr'><strong><em>sub</em></strong></span> <span class='ocrx_word' id='word_1_382' title='bbox 558 3199 728 3252; x_wconf 86' lang='lat' dir='ltr'><strong><em>dubitatione</em></strong></span> <span class='ocrx_word' id='word_1_383' title='bbox 755 3199 929 3268; x_wconf 77' lang='lat' dir='ltr'><strong><em>accepimus?</em></strong></span> <span class='ocrx_word' id='word_1_384' title='bbox 966 3199 1062 3263; x_wconf 78' lang='lat' dir='ltr'><strong><em>Certe,</em></strong></span> <span class='ocrx_word' id='word_1_385' title='bbox 1090 3198 1209 3250; x_wconf 88' lang='lat' dir='ltr'><strong><em>admisso</em></strong></span> <span class='ocrx_word' id='word_1_386' title='bbox 1229 3198 1282 3253; x_wconf 85' lang='lat' dir='ltr'><strong><em>illo</em></strong></span> <span class='ocrx_word' id='word_1_387' title='bbox 1301 3215 1359 3266; x_wconf 87' lang='lat' dir='ltr'><strong><em>an,</em></strong></span> 
     </span>
    </p>
   </div>
   <div class='ocr_carea' id='block_1_6' title="bbox 141 3268 1404 4478">
    <p class='ocr_par' dir='ltr' id='par_1_10' title="bbox 141 3268 1404 4036">
     <span class='ocr_line' id='line_1_42' title="bbox 208 3268 1360 3340; baseline -0.001 -17"><span class='ocrx_word' id='word_1_388' title='bbox 208 3282 322 3325; x_wconf 86' lang='lat' dir='ltr'><strong><em>necesse</em></strong></span> <span class='ocrx_word' id='word_1_389' title='bbox 348 3280 390 3324; x_wconf 86' lang='lat' dir='ltr'><strong><em>est</em></strong></span> <span class='ocrx_word' id='word_1_390' title='bbox 409 3271 547 3324; x_wconf 88' lang='lat' dir='ltr'><strong><em>eiusmodi</em></strong></span> <span class='ocrx_word' id='word_1_391' title='bbox 573 3271 643 3340; x_wconf 88' lang='lat' dir='ltr'><strong><em>quid</em></strong></span> <span class='ocrx_word' id='word_1_392' title='bbox 671 3278 815 3340; x_wconf 89' lang='lat' dir='ltr'><strong><em>sequatur.</em></strong></span> <span class='ocrx_word' id='word_1_393' title='bbox 854 3268 933 3334; x_wconf 82' lang='lat' dir='ltr'><strong><em>Quod</em></strong></span> <span class='ocrx_word' id='word_1_394' title='bbox 955 3277 1052 3321; x_wconf 85' lang='lat' dir='ltr'><strong><em>tamen</em></strong></span> <span class='ocrx_word' id='word_1_395' title='bbox 1076 3285 1142 3320; x_wconf 90' lang='lat' dir='ltr'><strong><em>cum</em></strong></span> <span class='ocrx_word' id='word_1_396' title='bbox 1164 3270 1262 3321; x_wconf 88' lang='lat' dir='ltr'><strong><em>nullus</em></strong></span> <span class='ocrx_word' id='word_1_397' title='bbox 1287 3271 1360 3323; x_wconf 87' lang='lat' dir='ltr'><strong><em>alius</em></strong></span> 
     </span>
     <span class='ocr_line' id='line_1_43' title="bbox 210 3339 1362 3417; baseline -0.002 -21"><span class='ocrx_word' id='word_1_398' title='bbox 210 3342 299 3396; x_wconf 88' lang='lat' dir='ltr'><strong><em>codex</em></strong></span> <span class='ocrx_word' id='word_1_399' title='bbox 317 3351 465 3416; x_wconf 60' lang='lat' dir='ltr'><strong><em>agnoscam</em></strong></span> <span class='ocrx_word' id='word_1_400' title='bbox 484 3343 578 3395; x_wconf 89' lang='lat' dir='ltr'><strong><em>tutior</em></strong></span> <span class='ocrx_word' id='word_1_401' title='bbox 596 3349 624 3394; x_wconf 84' lang='lat' dir='ltr'><strong><em>et</em></strong></span> <span class='ocrx_word' id='word_1_402' title='bbox 643 3342 761 3394; x_wconf 87' lang='lat' dir='ltr'><strong><em>facilior</em></strong></span> <span class='ocrx_word' id='word_1_403' title='bbox 777 3340 920 3394; x_wconf 87' lang='lat' dir='ltr'><strong><em>medicina</em></strong></span> <span class='ocrx_word' id='word_1_404' title='bbox 939 3339 1099 3409; x_wconf 84' lang='lat' dir='ltr'><strong><em>quaerenda</em></strong></span> <span class='ocrx_word' id='word_1_405' title='bbox 1123 3349 1176 3395; x_wconf 88' lang='lat' dir='ltr'><strong><em>est.</em></strong></span> <span class='ocrx_word' id='word_1_406' title='bbox 1213 3339 1287 3394; x_wconf 86' lang='lat' dir='ltr'><strong><em>Dele</em></strong></span> <span class='ocrx_word' id='word_1_407' title='bbox 1305 3343 1362 3417; x_wconf 81' lang='lat' dir='ltr'><strong><em>igi-</em></strong></span> 
     </span>
     <span class='ocr_line' id='line_1_44' title="bbox 208 3410 1404 3487; baseline -0.002 -20"><span class='ocrx_word' id='word_1_408' title='bbox 208 3423 259 3467; x_wconf 87' lang='lat' dir='ltr'><strong><em>tur</em></strong></span> <span class='ocrx_word' id='word_1_409' title='bbox 277 3429 333 3479; x_wconf 57' lang='grc' dir='ltr'><strong><em>αγις</em></strong></span> <span class='ocrx_word' id='word_1_410' title='bbox 354 3422 383 3467; x_wconf 88' lang='lat' dir='ltr'><strong><em>et</em></strong></span> <span class='ocrx_word' id='word_1_411' title='bbox 402 3414 443 3465; x_wconf 89' lang='lat' dir='ltr'><strong><em>sic</em></strong></span> <span class='ocrx_word' id='word_1_412' title='bbox 461 3414 527 3487; x_wconf 79' lang='lat' dir='ltr'><strong><em>lege</em></strong></span> <span class='ocrx_word' id='word_1_413' title='bbox 545 3430 578 3465; x_wconf 91' lang='lat' dir='ltr'><strong><em>ac</em></strong></span> <span class='ocrx_word' id='word_1_414' title='bbox 596 3413 684 3465; x_wconf 89' lang='lat' dir='ltr'><strong><em>distin</em></strong></span> <span class='ocrx_word' id='word_1_415' title='bbox 707 3430 754 3465; x_wconf 85' lang='lat' dir='ltr'><strong><em>ue:</em></strong></span> <span class='ocrx_word' id='word_1_416' title='bbox 786 3412 858 3465; x_wconf 87' lang='lat' dir='ltr'><strong><em>Num</em></strong></span> <span class='ocrx_word' id='word_1_417' title='bbox 876 3410 969 3479; x_wconf 83' lang='lat' dir='ltr'><strong><em>igitur</em></strong></span> <span class='ocrx_word' id='word_1_418' title='bbox 988 3412 1154 3477; x_wconf 87' lang='lat' dir='ltr'><strong><em>dubitamus,</em></strong></span> <span class='ocrx_word' id='word_1_419' title='bbox 1174 3411 1246 3465; x_wconf 85' lang='lat' dir='ltr'><strong><em>sicut</em></strong></span> <span class='ocrx_word' id='word_1_420' title='bbox 1262 3412 1361 3479; x_wconf 86' lang='lat' dir='ltr'><strong><em>plera·</em></strong></span> <span class='ocrx_word' id='word_1_421' title='bbox 1400 3433 1404 3443; x_wconf 95' lang='lat'>·</span> 
     </span>
     <span class='ocr_line' id='line_1_45' title="bbox 164 3431 1362 3556; baseline -0.001 -18"><span class='ocrx_word' id='word_1_422' title='bbox 164 3540 167 3547; x_wconf 80' lang='grc'>,</span> <span class='ocrx_word' id='word_1_423' title='bbox 209 3501 270 3555; x_wconf 79' lang='lat' dir='ltr'><strong><em>pue,</em></strong></span> <span class='ocrx_word' id='word_1_424' title='bbox 290 3486 376 3539; x_wconf 86' lang='lat' dir='ltr'><strong><em>sicet</em></strong></span> <span class='ocrx_word' id='word_1_425' title='bbox 394 3482 463 3538; x_wconf 75' lang='lat' dir='ltr'><strong><em>boc?</em></strong></span> <span class='ocrx_word' id='word_1_426' title='bbox 483 3485 661 3556; x_wconf 80' lang='lat' dir='ltr'><strong><em>(quamquam</em></strong></span> <span class='ocrx_word' id='word_1_427' title='bbox 679 3431 731 3547; x_wconf 62' lang='lat' dir='ltr'><strong><em>boc</em></strong></span> <span class='ocrx_word' id='word_1_428' title='bbox 749 3484 859 3553; x_wconf 86' lang='lat' dir='ltr'><strong><em>quidem</em></strong></span> <span class='ocrx_word' id='word_1_429' title='bbox 876 3483 1002 3536; x_wconf 86' lang='lat' dir='ltr'><strong><em>minime:</em></strong></span> <span class='ocrx_word' id='word_1_430' title='bbox 1021 3483 1191 3549; x_wconf 85' lang='lat' dir='ltr'><strong><em>persuadent</em></strong></span> <span class='ocrx_word' id='word_1_431' title='bbox 1208 3483 1284 3536; x_wconf 89' lang='lat' dir='ltr'><strong><em>enim</em></strong></span> <span class='ocrx_word' id='word_1_432' title='bbox 1301 3501 1362 3537; x_wconf 86' lang='lat' dir='ltr'><strong><em>ma-</em></strong></span> 
     </span>
     <span class='ocr_line' id='line_1_46' title="bbox 209 3552 1362 3625; baseline 0 -17"><span class='ocrx_word' id='word_1_433' title='bbox 209 3555 363 3621; x_wconf 65' lang='lat' dir='ltr'><strong><em>thematica)</em></strong></span> <span class='ocrx_word' id='word_1_434' title='bbox 382 3563 487 3610; x_wconf 88' lang='lat' dir='ltr'><strong><em>terram</em></strong></span> <span class='ocrx_word' id='word_1_435' title='bbox 505 3589 537 3600; x_wconf 87' lang='lat'><strong><em>·-</em></strong></span> <span class='ocrx_word' id='word_1_436' title='bbox 558 3557 638 3625; x_wconf 81' lang='lat' dir='ltr'><strong><em>quasi</em></strong></span> <span class='ocrx_word' id='word_1_437' title='bbox 652 3552 748 3624; x_wconf 86' lang='lat' dir='ltr'><strong><em>puncti</em></strong></span> <span class='ocrx_word' id='word_1_438' title='bbox 769 3553 864 3609; x_wconf 90' lang='lat' dir='ltr'><strong><em>instar</em></strong></span> <span class='ocrx_word' id='word_1_439' title='bbox 890 3552 1038 3607; x_wconf 82' lang='lat' dir='ltr'><strong><em>obtinere?</em></strong></span> <span class='ocrx_word' id='word_1_440' title='bbox 1074 3554 1180 3606; x_wconf 87' lang='lat' dir='ltr'><strong><em>Nullae</em></strong></span> <span class='ocrx_word' id='word_1_441' title='bbox 1208 3555 1266 3606; x_wconf 86' lang='lat' dir='ltr'><strong><em>iam</em></strong></span> <span class='ocrx_word' id='word_1_442' title='bbox 1289 3556 1362 3609; x_wconf 86' lang='lat' dir='ltr'><strong><em>sale-</em></strong></span> 
     </span>
     <span class='ocr_line' id='line_1_47' title="bbox 209 3624 1362 3695; baseline 0.003 -19"><span class='ocrx_word' id='word_1_443' title='bbox 209 3627 274 3678; x_wconf 86' lang='lat' dir='ltr'><strong><em>brae</em></strong></span> <span class='ocrx_word' id='word_1_444' title='bbox 292 3626 412 3678; x_wconf 89' lang='lat' dir='ltr'><strong><em>relictae</em></strong></span> <span class='ocrx_word' id='word_1_445' title='bbox 430 3635 512 3691; x_wconf 88' lang='lat' dir='ltr'><strong><em>snnt;</em></strong></span> <span class='ocrx_word' id='word_1_446' title='bbox 540 3629 636 3679; x_wconf 89' lang='lat' dir='ltr'><strong><em>omnia</em></strong></span> <span class='ocrx_word' id='word_1_447' title='bbox 655 3626 842 3695; x_wconf 89' lang='lat' dir='ltr'><strong><em>complanata.</em></strong></span> <span class='ocrx_word' id='word_1_448' title='bbox 879 3625 967 3688; x_wconf 89' lang='lat' dir='ltr'><strong><em>Num,</em></strong></span> <span class='ocrx_word' id='word_1_449' title='bbox 996 3624 1102 3693; x_wconf 88' lang='lat' dir='ltr'><strong><em>inquit,</em></strong></span> <span class='ocrx_word' id='word_1_450' title='bbox 1122 3625 1285 3678; x_wconf 86' lang='lat' dir='ltr'><strong><em>dubitamus</em></strong></span> <span class='ocrx_word' id='word_1_451' title='bbox 1302 3634 1362 3680; x_wconf 89' lang='lat' dir='ltr'><strong><em>ter·</em></strong></span> 
     </span>
     <span class='ocr_line' id='line_1_48' title="bbox 209 3696 1363 3766; baseline 0.002 -18"><span class='ocrx_word' id='word_1_452' title='bbox 209 3714 272 3748; x_wconf 90' lang='lat' dir='ltr'><strong><em>ram</em></strong></span> <span class='ocrx_word' id='word_1_453' title='bbox 291 3696 382 3749; x_wconf 87' lang='lat' dir='ltr'><strong><em>instar</em></strong></span> <span class='ocrx_word' id='word_1_454' title='bbox 405 3697 508 3766; x_wconf 89' lang='lat' dir='ltr'><strong><em>puncti</em></strong></span> <span class='ocrx_word' id='word_1_455' title='bbox 528 3713 596 3762; x_wconf 87' lang='lat' dir='ltr'><strong><em>esse,</em></strong></span> <span class='ocrx_word' id='word_1_456' title='bbox 622 3697 697 3750; x_wconf 87' lang='lat' dir='ltr'><strong><em>sicut</em></strong></span> <span class='ocrx_word' id='word_1_457' title='bbox 720 3697 860 3766; x_wconf 86' lang='lat' dir='ltr'><strong><em>pleraque</em></strong></span> <span class='ocrx_word' id='word_1_458' title='bbox 879 3696 1007 3749; x_wconf 90' lang='lat' dir='ltr'><strong><em>dubitare</em></strong></span> <span class='ocrx_word' id='word_1_459' title='bbox 1036 3697 1159 3750; x_wconf 86' lang='lat' dir='ltr'><strong><em>solemus</em></strong></span> <span class='ocrx_word' id='word_1_460' title='bbox 1184 3713 1235 3748; x_wconf 90' lang='lat' dir='ltr'><strong><em>nos</em></strong></span> <span class='ocrx_word' id='word_1_461' title='bbox 1253 3698 1363 3750; x_wconf 88' lang='lat' dir='ltr'><strong><em>Acade-</em></strong></span> 
     </span>
     <span class='ocr_line' id='line_1_49' title="bbox 209 3767 1361 3838; baseline 0.002 -19"><span class='ocrx_word' id='word_1_462' title='bbox 209 3767 299 3821; x_wconf 81' lang='lat' dir='ltr'><strong><em>mici?</em></strong></span> <span class='ocrx_word' id='word_1_463' title='bbox 337 3768 426 3820; x_wconf 88' lang='lat' dir='ltr'><strong><em>immo</em></strong></span> <span class='ocrx_word' id='word_1_464' title='bbox 456 3768 512 3830; x_wconf 84' lang='lat' dir='ltr'><strong><em>hoc</em></strong></span> <span class='ocrx_word' id='word_1_465' title='bbox 544 3769 660 3838; x_wconf 88' lang='lat' dir='ltr'><strong><em>quidem</em></strong></span> <span class='ocrx_word' id='word_1_466' title='bbox 690 3769 825 3820; x_wconf 88' lang='lat' dir='ltr'><strong><em>minime:</em></strong></span> <span class='ocrx_word' id='word_1_467' title='bbox 862 3785 929 3818; x_wconf 89' lang='lat' dir='ltr'><strong><em>nam</em></strong></span> <span class='ocrx_word' id='word_1_468' title='bbox 959 3767 1170 3820; x_wconf 86' lang='lat' dir='ltr'><strong><em>mathematicis</em></strong></span> <span class='ocrx_word' id='word_1_469' title='bbox 1201 3768 1361 3830; x_wconf 74' lang='lat' dir='ltr'><strong><em>rationibus</em></strong></span> 
     </span>
     <span class='ocr_line' id='line_1_50' title="bbox 141 3838 899 3914; baseline -0.003 -22"><span class='ocrx_word' id='word_1_470' title='bbox 141 3876 144 3881; x_wconf 90' lang='lat'><em>-</em></span> <span class='ocrx_word' id='word_1_471' title='bbox 209 3838 340 3892; x_wconf 85' lang='lat' dir='ltr'><strong><em>convicti</em></strong></span> <span class='ocrx_word' id='word_1_472' title='bbox 357 3855 458 3892; x_wconf 88' lang='lat' dir='ltr'><strong><em>manus</em></strong></span> <span class='ocrx_word' id='word_1_473' title='bbox 476 3839 542 3893; x_wconf 89' lang='lat' dir='ltr'><strong><em>dare</em></strong></span> <span class='ocrx_word' id='word_1_474' title='bbox 561 3847 590 3891; x_wconf 85' lang='lat' dir='ltr'><strong><em>et</em></strong></span> <span class='ocrx_word' id='word_1_475' title='bbox 609 3839 741 3892; x_wconf 86' lang='lat' dir='ltr'><strong><em>assentiri</em></strong></span> <span class='ocrx_word' id='word_1_476' title='bbox 760 3839 899 3914; x_wconf 74' lang='lat' dir='ltr'><strong><em>cogimur.</em></strong></span> 
     </span>
     <span class='ocr_line' id='line_1_51' title="bbox 230 3905 1362 3965; baseline 0.004 -5"><span class='ocrx_word' id='word_1_477' title='bbox 230 3932 251 3960; x_wconf 49' lang='lat'><strong><em>⁴.</em></strong></span> <span class='ocrx_word' id='word_1_478' title='bbox 279 3905 298 3944; x_wconf 82' lang='grc'><strong>*</strong></span> <span class='ocrx_word' id='word_1_479' title='bbox 315 3911 386 3964; x_wconf 89' lang='lat' dir='ltr'><strong><em>Dele</em></strong></span> <span class='ocrx_word' id='word_1_480' title='bbox 404 3908 448 3964; x_wconf 88' lang='lat' dir='ltr'><strong><em>sic</em></strong></span> <span class='ocrx_word' id='word_1_481' title='bbox 465 3917 492 3964; x_wconf 90' lang='lat' dir='ltr'><strong><em>et</em></strong></span> <span class='ocrx_word' id='word_1_482' title='bbox 509 3909 560 3965; x_wconf 84' lang='lat' dir='ltr'><strong><em>ltec</em></strong></span> <span class='ocrx_word' id='word_1_483' title='bbox 584 3919 613 3964; x_wconf 88' lang='lat' dir='ltr'><strong><em>et</em></strong></span> <span class='ocrx_word' id='word_1_484' title='bbox 638 3911 670 3964; x_wconf 89' lang='lat' dir='ltr'><strong><em>in</em></strong></span> <span class='ocrx_word' id='word_1_485' title='bbox 693 3911 852 3963; x_wconf 85' lang='lat' dir='ltr'><strong><em>fine&#39;notae</em></strong></span> <span class='ocrx_word' id='word_1_486' title='bbox 870 3909 954 3963; x_wconf 86' lang='lat' dir='ltr'><strong><em>adde:</em></strong></span> <span class='ocrx_word' id='word_1_487' title='bbox 983 3909 1093 3962; x_wconf 85' lang='lat' dir='ltr'><strong><em>Absunt</em></strong></span> <span class='ocrx_word' id='word_1_488' title='bbox 1111 3929 1125 3963; x_wconf 89' lang='lat' dir='ltr'><strong><em>a</em></strong></span> <span class='ocrx_word' id='word_1_489' title='bbox 1144 3910 1292 3963; x_wconf 84' lang='lat' dir='ltr'><strong><em>veteribus</em></strong></span> <span class='ocrx_word' id='word_1_490' title='bbox 1310 3926 1362 3964; x_wconf 92' lang='lat' dir='ltr'><strong><em>no-</em></strong></span> 
     </span>
     <span class='ocr_line' id='line_1_52' title="bbox 208 3981 459 4036; baseline 0 -2"><span class='ocrx_word' id='word_1_491' title='bbox 208 3982 276 4035; x_wconf 85' lang='lat' dir='ltr'><strong><em>stris</em></strong></span> <span class='ocrx_word' id='word_1_492' title='bbox 294 3983 337 4036; x_wconf 86' lang='lat' dir='ltr'><strong><em>sic</em></strong></span> <span class='ocrx_word' id='word_1_493' title='bbox 355 3989 383 4036; x_wconf 89' lang='lat' dir='ltr'><strong><em>et</em></strong></span> <span class='ocrx_word' id='word_1_494' title='bbox 401 3981 459 4036; x_wconf 84' lang='lat' dir='ltr'><strong><em>bec.</em></strong></span> 
     </span>
    </p>

    <p class='ocr_par' dir='ltr' id='par_1_11' title="bbox 208 4051 1366 4478">
     <span class='ocr_line' id='line_1_53' title="bbox 280 4051 1362 4124; baseline 0 -19"><span class='ocrx_word' id='word_1_495' title='bbox 280 4052 352 4106; x_wconf 88' lang='lat' dir='ltr'><strong><em>lbid.</em></strong></span> <span class='ocrx_word' id='word_1_496' title='bbox 389 4053 521 4122; x_wconf 81' lang='lat' dir='ltr'><strong><em>Reliquae</em></strong></span> <span class='ocrx_word' id='word_1_497' title='bbox 539 4055 612 4108; x_wconf 88' lang='lat' dir='ltr'><strong><em>duae</em></strong></span> <span class='ocrx_word' id='word_1_498' title='bbox 627 4059 734 4124; x_wconf 90' lang='lat' dir='ltr'><strong><em>partes,</em></strong></span> <span class='ocrx_word' id='word_1_499' title='bbox 762 4069 817 4106; x_wconf 87' lang='lat' dir='ltr'><strong><em>una</em></strong></span> <span class='ocrx_word' id='word_1_500' title='bbox 842 4052 937 4120; x_wconf 85' lang='lat' dir='ltr'><strong><em>ignea,</em></strong></span> <span class='ocrx_word' id='word_1_501' title='bbox 963 4056 1055 4108; x_wconf 90' lang='lat' dir='ltr'><strong><em>altera</em></strong></span> <span class='ocrx_word' id='word_1_502' title='bbox 1072 4052 1216 4117; x_wconf 88' lang='lat' dir='ltr'><strong><em>animalis,</em></strong></span> <span class='ocrx_word' id='word_1_503' title='bbox 1240 4059 1272 4105; x_wconf 87' lang='lat' dir='ltr'><strong><em>at</em></strong></span> <span class='ocrx_word' id='word_1_504' title='bbox 1295 4051 1362 4106; x_wconf 89' lang='lat' dir='ltr'><strong><em>illae</em></strong></span> 
     </span>
     <span class='ocr_line' id='line_1_54' title="bbox 208 4123 1363 4192; baseline -0.001 -16"><span class='ocrx_word' id='word_1_505' title='bbox 208 4123 371 4192; x_wconf 87' lang='lat' dir='ltr'><strong><em>superiores</em></strong></span> <span class='ocrx_word' id='word_1_506' title='bbox 389 4125 516 4189; x_wconf 87' lang='lat' dir='ltr'><strong><em>(terrena</em></strong></span> <span class='ocrx_word' id='word_1_507' title='bbox 534 4135 563 4178; x_wconf 90' lang='lat' dir='ltr'><strong><em>et</em></strong></span> <span class='ocrx_word' id='word_1_508' title='bbox 580 4127 710 4190; x_wconf 89' lang='lat' dir='ltr'><strong><em>humida)</em></strong></span> <span class='ocrx_word' id='word_1_509' title='bbox 733 4127 766 4180; x_wconf 87' lang='lat' dir='ltr'><strong><em>in</em></strong></span> <span class='ocrx_word' id='word_1_510' title='bbox 787 4125 908 4179; x_wconf 75' lang='lat' dir='ltr'><strong><em>meditem</em></strong></span> <span class='ocrx_word' id='word_1_511' title='bbox 932 4126 1021 4179; x_wconf 88' lang='lat' dir='ltr'><strong><em>locum</em></strong></span> <span class='ocrx_word' id='word_1_512' title='bbox 1045 4125 1141 4178; x_wconf 77' lang='lat' dir='ltr'><strong><em>usundi</em></strong></span> <span class='ocrx_word' id='word_1_513' title='bbox 1157 4123 1304 4192; x_wconf 81' lang='lat' dir='ltr'><strong><em>grauitate</em></strong></span> <span class='ocrx_word' id='word_1_514' title='bbox 1320 4124 1363 4189; x_wconf 70' lang='lat' dir='ltr'><strong><em>ie-</em></strong></span> 
     </span>
     <span class='ocr_line' id='line_1_55' title="bbox 209 4195 1366 4265; baseline 0.003 -21"><span class='ocrx_word' id='word_1_515' title='bbox 209 4200 307 4248; x_wconf 86' lang='lat' dir='ltr'><strong><em>rantur</em></strong></span> <span class='ocrx_word' id='word_1_516' title='bbox 324 4202 351 4248; x_wconf 91' lang='lat' dir='ltr'><strong><em>et</em></strong></span> <span class='ocrx_word' id='word_1_517' title='bbox 368 4196 498 4265; x_wconf 86' lang='lat' dir='ltr'><strong><em>pondere,</em></strong></span> <span class='ocrx_word' id='word_1_518' title='bbox 517 4198 560 4250; x_wconf 86' lang='lat' dir='ltr'><strong><em>sic</em></strong></span> <span class='ocrx_word' id='word_1_519' title='bbox 577 4196 629 4249; x_wconf 83' lang='lat' dir='ltr'><strong><em>bae</em></strong></span> <span class='ocrx_word' id='word_1_520' title='bbox 647 4213 763 4250; x_wconf 90' lang='lat' dir='ltr'><strong><em>rursum</em></strong></span> <span class='ocrx_word' id='word_1_521' title='bbox 783 4197 843 4261; x_wconf 82' lang='lat' dir='ltr'><strong><em>(vel</em></strong></span> <span class='ocrx_word' id='word_1_522' title='bbox 860 4195 985 4260; x_wconf 89' lang='lat' dir='ltr'><strong><em>sursum)</em></strong></span> <span class='ocrx_word' id='word_1_523' title='bbox 1013 4196 1100 4250; x_wconf 88' lang='lat' dir='ltr'><strong><em>rectis</em></strong></span> <span class='ocrx_word' id='word_1_524' title='bbox 1118 4195 1200 4249; x_wconf 87' lang='lat' dir='ltr'><strong><em>lineis</em></strong></span> <span class='ocrx_word' id='word_1_525' title='bbox 1223 4196 1253 4248; x_wconf 86' lang='lat' dir='ltr'><strong><em>in</em></strong></span> <span class='ocrx_word' id='word_1_526' title='bbox 1272 4196 1366 4249; x_wconf 85' lang='lat' dir='ltr'><strong><em>caele·</em></strong></span> 
     </span>
     <span class='ocr_line' id='line_1_56' title="bbox 210 4265 1364 4338; baseline 0.001 -21"><span class='ocrx_word' id='word_1_527' title='bbox 210 4270 278 4318; x_wconf 85' lang='lat' dir='ltr'><strong><em>stem</em></strong></span> <span class='ocrx_word' id='word_1_528' title='bbox 297 4266 385 4319; x_wconf 86' lang='lat' dir='ltr'><strong><em>lecum</em></strong></span> <span class='ocrx_word' id='word_1_529' title='bbox 403 4266 628 4333; x_wconf 67' lang='lat' dir='ltr'><strong><em>subvolent,1siue</em></strong></span> <span class='ocrx_word' id='word_1_530' title='bbox 646 4265 721 4338; x_wconf 78' lang='lat' dir='ltr'><strong><em>ipsa</em></strong></span> <span class='ocrx_word' id='word_1_531' title='bbox 740 4274 871 4322; x_wconf 86' lang='lat' dir='ltr'><strong><em>natura</em></strong></span> <span class='ocrx_word' id='word_1_532' title='bbox 890 4270 1038 4338; x_wconf 88' lang='lat' dir='ltr'><strong><em>superiora</em></strong></span> <span class='ocrx_word' id='word_1_533' title='bbox 1051 4273 1203 4336; x_wconf 89' lang='lat' dir='ltr'><strong><em>appetente,</em></strong></span> <span class='ocrx_word' id='word_1_534' title='bbox 1221 4265 1364 4336; x_wconf 78' lang='lat' dir='ltr'><strong><em>eiusqued</em></strong></span> 
     </span>
     <span class='ocr_line' id='line_1_57' title="bbox 211 4336 1364 4412; baseline 0.003 -27"><span class='ocrx_word' id='word_1_535' title='bbox 211 4350 229 4385; x_wconf 88' lang='lat' dir='ltr'><strong><em>a</em></strong></span> <span class='ocrx_word' id='word_1_536' title='bbox 246 4336 427 4404; x_wconf 79' lang='lat' dir='ltr'><strong><em>gravioribus</em></strong></span> <span class='ocrx_word' id='word_1_537' title='bbox 445 4338 554 4392; x_wconf 86' lang='lat' dir='ltr'><strong><em>leuiora</em></strong></span> <span class='ocrx_word' id='word_1_538' title='bbox 572 4348 674 4394; x_wconf 86' lang='lat' dir='ltr'><strong><em>natura</em></strong></span> <span class='ocrx_word' id='word_1_539' title='bbox 692 4338 887 4409; x_wconf 66' lang='lat' dir='ltr'><strong><em>repetentia]</em></strong></span> <span class='ocrx_word' id='word_1_540' title='bbox 910 4340 967 4394; x_wconf 85' lang='lat' dir='ltr'><strong><em>Ubi</em></strong></span> <span class='ocrx_word' id='word_1_541' title='bbox 985 4340 1114 4410; x_wconf 89' lang='lat' dir='ltr'><strong><em>primum</em></strong></span> <span class='ocrx_word' id='word_1_542' title='bbox 1131 4339 1203 4392; x_wconf 87' lang='lat' dir='ltr'><strong><em>haec</em></strong></span> <span class='ocrx_word' id='word_1_543' title='bbox 1221 4338 1364 4412; x_wconf 77' lang='lat' dir='ltr'><strong><em>legeram,</em></strong></span> 
     </span>
     <span class='ocr_line' id='line_1_58' title="bbox 213 4407 1365 4478; baseline 0.003 -22"><span class='ocrx_word' id='word_1_544' title='bbox 213 4408 349 4460; x_wconf 89' lang='lat' dir='ltr'><strong><em>continuo</em></strong></span> <span class='ocrx_word' id='word_1_545' title='bbox 367 4407 550 4463; x_wconf 86' lang='lat' dir='ltr'><strong><em>subodoratus</em></strong></span> <span class='ocrx_word' id='word_1_546' title='bbox 567 4429 630 4464; x_wconf 89' lang='lat' dir='ltr'><strong><em>sum</em></strong></span> <span class='ocrx_word' id='word_1_547' title='bbox 648 4411 784 4466; x_wconf 89' lang='lat' dir='ltr'><strong><em>mendum</em></strong></span> <span class='ocrx_word' id='word_1_548' title='bbox 807 4412 925 4464; x_wconf 87' lang='lat' dir='ltr'><strong><em>subesse.</em></strong></span> <span class='ocrx_word' id='word_1_549' title='bbox 963 4410 1036 4478; x_wconf 86' lang='lat' dir='ltr'><strong><em>Quid</em></strong></span> <span class='ocrx_word' id='word_1_550' title='bbox 1063 4413 1142 4464; x_wconf 89' lang='lat' dir='ltr'><strong><em>enim</em></strong></span> <span class='ocrx_word' id='word_1_551' title='bbox 1165 4409 1249 4475; x_wconf 89' lang='lat' dir='ltr'><strong><em>illud,</em></strong></span> <span class='ocrx_word' id='word_1_552' title='bbox 1281 4407 1365 4477; x_wconf 78' lang='lat' dir='ltr'><strong><em>ipsa</em></strong></span> 
     </span>
    </p>
   </div>
   <div class='ocr_carea' id='block_1_7' title="bbox 0 0 1438 5084">
    <p class='ocr_par' dir='ltr' id='par_1_12' title="bbox 0 0 1438 5084">
     <span class='ocr_line' id='line_1_59' title="bbox 0 0 1438 5084; baseline 0 0"><span class='ocrx_word' id='word_1_553' title='bbox 0 0 1438 5084; x_wconf 95' lang='lat' dir='ltr'><strong><em> </em></strong></span> 
     </span>
    </p>
   </div>
  </div>
 </body>
</html>
