2856 5084
206 288 268 358 iss
409 286 640 354 emenonis
659 272 907 356 ruscum,
929 287 1160 356 msrurar.

204 464 265 522 est.
297 453 394 520 Quod
411 456 444 521 si¹
461 452 608 540 gaudere
627 455 752 518 talibus
773 456 870 531 bonis
893 458 1008 533 animi,
1030 458 1066 518 id
1089 464 1139 521 est
1156 448 1357 534 virtutibus,

203 539 338 602 beatum
357 541 435 614 'est3
467 555 644 620 omnesque
672 538 838 621 sapientes
869 538 922 600 his
954 539 1084 627 gaudiis
1112 541 1358 621 perfruunture

204 638 316 683 omnes
338 639 394 682 eos
416 621 572 682 confiteri
595 622 707 682 beatos
730 641 798 683 esse
821 640 952 684 necesse
971 624 1034 684 est.
1209 629 1211 646 ²
1317 626 1321 631 ’

138 707 180 770 26
280 704 319 766 A.
342 703 494 764 Etiamne
515 703 550 763 in
573 704 727 764 cruciatu
737 710 846 786 ·atque
868 701 1074 766 tormentis?
1096 701 1145 764 M.
1169 704 1223 765 An
1244 711 1283 764 tu
1304 724 1359 767 me

139 813 182 866 23,
200 787 236 847 in
257 782 520 867 viola‘putabau
537 793 602 871 ‚aut
622 786 659 846 in
680 804 769 862 rosa,
792 785 924 851 diceret
946 788 998 847 An
1020 786 1175 868 Epicuro,
1206 788 1263 874 qui
1284 796 1360 849 tan-

202 954 261 1009 rito
280 954 455 1007 inculcatam
473 954 572 1007 induci
591 953 755 1025 oportere.“
773 954 854 1008 Brut.
891 955 1024 1008 Probavit
1042 953 1164 1008 Manutii
1183 954 1359 1009 emendatio-

201 1043 270 1079 nem
288 1027 354 1078 Fre.
373 1026 486 1078 Fabric.
512 1026 582 1079 ·Mr.
671 1036 673 1049 '
887 1052 890 1057 v
948 1054 950 1058 ν
1382 1044 1387 1049 ·

124 1145 127 1153 .
273 1098 320 1150 cui
335 1095 380 1150 rei
398 1094 531 1163 refertae]
556 1091 626 1162 „lti
643 1095 734 1148 malui
753 1112 820 1151 oum
837 1095 980 1162 victorio,
1000 1096 1129 1166 quinque
1146 1096 1216 1148 Pell
1236 1095 1357 1168 ipsoque

201 1167 330 1222 lambin.
357 1168 509 1220 Vaticanus
536 1175 631 1219 tamen
656 1169 702 1221 cui
728 1168 774 1221 rea'
799 1168 918 1233 referta
942 1173 983 1240 et(
1002 1172 1053 1220 iot.
1082 1167 1153 1219 Pall.
1173 1175 1240 1220 tert.
1261 1169 1356 1237 quint.

202 1230 312 1299 iterum
329 1240 470 1304 reseratae
488 1237 532 1302 [ut
549 1240 623 1291 Mon.
644 1237 683 1360 ἢ]
700 1238 757 1289 Vul
781 1238 860 1291 ocaa‘
878 1236 923 1291 rei
940 1237 1016 1305 ref.“
1042 1235 1125 1291 Geta.
1162 1237 1241 1302 Quod
1264 1239 1371 1314 vulgo,

201 1308 276 1367 dicit
301 1310 388 1361 scribi
415 1307 517 1373 Gebb,
541 1309 602 1377 ipse
627 1307 661 1360 de
681 1309 713 1360 it.
773 1309 808 1362 ed
832 1308 936 1373 voluit,
966 1309 1079 1378 opinor,
1117 1309 1241 1364 scribere
1267 1310 1356 1383 vulgo

87 1383 92 1391 ’
200 1379 262 1454 legi
279 1394 339 1432 cnr
355 1378 401 1433 rei
418 1380 549 1447 refertae,
568 1386 602 1431 ut
621 1387 671 1445 est,
699 1388 858 1454 propagato
879 1396 1033 1449 operarum
1053 1396 1162 1444 errore,
1190 1379 1222 1436 in
1249 1381 1358 1451 repeti-

201 1449 327 1504 tionibus
345 1449 459 1504 Lambb.
481 1448 577 1504 Gotb.·
605 1450 644 1502 Et
663 1449 705 1511 sio
723 1451 800 1504 solus
821 1450 888 1504 cod.
909 1453 984 1504 Mon.
1006 1453 1031 1505 2.
1069 1451 1128 1511 Mt.

203 1565 206 1587 1
272 1520 336 1589 (lui¹
351 1519 488 1587 refertae]
525 1519 619 1595 Vulgo
643 1519 758 1580 attrei
785 1523 917 1587 refertae.
955 1519 994 1572 At
1016 1535 1085 1574 vero
1110 1521 1233 1578 mediam
1253 1515 1356 1579 vocem

200 1591 344 1646 Patrensis
361 1601 460 1661 noster
478 1609 494 1642 a
510 1591 605 1661 prima
623 1609 709 1644 manu
727 1592 945 1662 praetermittit,
965 1592 1013 1643 cui
1031 1591 1136 1650 merito
1160 1610 1223 1650 sum
1242 1591 1358 1647 obsecu-

200 1671 256 1716 tus.
294 1663 371 1722 Olim
388 1661 507 1732 quidem
525 1662 636 1715 notavit
653 1661 767 1714 Paullus
786 1663 943 1726 Manucius,
963 1679 995 1714 ea
1013 1662 1117 1726 deleta,
1136 1660 1356 1716 concinniorem

198 1735 265 1803 ¹fore
283 1734 450 1786 orationem.
487 1732 551 1807 Ego
569 1750 635 1786 sane
655 1750 717 1787 eam
735 1733 797 1787 sine
816 1733 901 1809 gravi
920 1734 1017 1788 eens'us
1036 1731 1209 1791 detrimento
1233 1734 1356 1793 retineri

200 1820 260 1857 non
277 1820 358 1874 posse
371 1819 487 1856 censeo.
525 1802 562 1860 D.
846 1809 850 1813 ’
1231 1864 1235 1875 .

274 1873 401 1929 Geirei
418 1874 558 1941 refertae]
577 1871 663 1943 „liei
680 1890 737 1927 non
757 1873 849 1926 estin
866 1889 924 1926 uno
943 1872 1023 1929 Laid.
1045 1873 1123 1927 etin
1141 1874 1195 1931 Ed.
1214 1893 1278 1928 mea
1294 1883 1354 1932 vet.

199 1945 267 2000 Non
284 1945 476 1999 dubitaverim
495 1962 557 2004 eam
575 1944 671 1998 delere
690 1961 756 1997 oum
774 1943 921 1998 Davisio.“
939 1944 1027 2000 Βοιώ.
1065 1944 1151 1997 Abest
1168 1946 1214 1999 rei
1232 1965 1247 1998 a
1265 1946 1353 2002 codd.

198 2017 284 2083 Bern.
304 2014 344 2081 (2
363 2016 451 2082 man.)
475 2015 581 2070 duobus
605 2016 675 2069 Oxx.
702 2014 773 2067 Edd.
793 2015 862 2067 Dar.
882 2016 954 2070 hall.
983 2015 1080 2071 Wolf.
1101 2014 1188 2068 Schz.
1214 2017 1261 2069 Or.
1281 2018 1354 2070 Tbn.

199 2087 370 2151 Ennoea.
399 2104 466 2139 cum
483 2087 563 2139 Hier.
587 2086 683 2142 Wolf.
702 2102 804 2138 vocem
822 2086 869 2138 ret*
885 2087 999 2139 uncinis
1024 2087 1163 2139 inclusam
1189 2086 1283 2140 habet.
1319 2087 1355 2141 ln

199 2156 273 2212 nou.
293 2158 376 2210 Vind
397 2160 422 2212 2.
451 2157 553 2210 desunt
579 2157 676 2210 omnia
702 2157 770 2208 inde
793 2174 809 2207 a
826 2157 872 2210 eui
898 2175 988 2226 usque
1008 2158 1043 2210 ad
1061 2158 1141 2210 cedat
1164 2174 1275 2211 necesse
1303 2164 1353 2211 eat.

198 2229 287 2285 Harl).
314 2227 401 2282 habet
427 2226 473 2281 cni
490 2230 535 2282 rei
560 2229 715 2294 referente
722 2236 743 2293 ,¹
759 2226 848 2279 Rehd.
874 2228 922 2280 cua*
940 2227 985 2281 rei
1002 2230 1174 2295 perfecte
1200 2231 1279 2296 (cum
1296 2247 1354 2284 uno

191 2301 263 2361 ·Ox.)
283 2309 312 2361 et
332 2300 373 2363 ita
388 2298 476 2352 etiam
492 2297 590 2351 Duisb.
611 2298 659 2368 sed
677 2315 763 2367 supra
779 2298 832 2348 lin.
853 2301 972 2365 referta
999 2298 1074 2352 Gud.
1099 2301 1144 2353 eui
1162 2301 1215 2363 rei,
1249 2301 1353 2353 omisso

197 2371 331 2434 refertae.
368 2371 448 2423 Unus
467 2369 517 2422 Ox.
537 2369 585 2423 eut*
601 2374 697 2422 reete
715 2368 848 2432 refertae,
868 2369 941 2422 alius
965 2369 1011 2424 cui
1029 2368 1074 2423 rei
1101 2371 1251 2438 referte.
1288 2372 1355 2424 Pen-

198 2442 245 2516 git
262 2439 350 2504 Rehd.
371 2445 404 2492 et
424 2445 481 2498 tote
500 2455 566 2491 mox
585 2440 650 2508 ipen
667 2441 792 2504 fortuna.
830 2440 891 2495 Mr.

268 2512 317 2564 eui
334 2540 367 2552 -
385 2512 501 2576 fortuna
527 2512 590 2576 ipsa
614 2511 695 2579 cedat
713 2525 822 2563 aeceeee
849 2509 911 2576 esa]
951 2510 1106 2577 Commode
1124 2513 1238 2565 confert
1256 2513 1353 2566 Kiihn.

197 2581 332 2633 Paradox.
351 2582 384 2635 V.
406 2585 429 2635 l.
450 2583 497 2635 34:
517 2582 564 2633 eui
582 2579 692 2648 quidem
711 2580 857 2650 (sapienti)
877 2582 971 2648 etiam,
998 2597 1068 2653 puae
1088 2580 1268 2637 ·er'm'dabere
1293 2599 1355 2637 me·

194 2652 304 2704 :cimam
323 2649 439 2715 dieitur,
460 2653 574 2716 fortuna
593 2651 657 2717 ipsa
676 2650 757 2703 cedit.
795 2651 856 2707 Mr.
1182 2660 1184 2665 '

120 2717 121 2720 ’
240 2732 243 2737 ·
269 2721 406 2790 sapientes
430 2719 475 2774 tta
501 2720 622 2789 gaudiia
643 2720 838 2788 perfruuntur]
879 2723 952 2776 Edd.
975 2723 1005 2774 P.
1029 2721 1063 2775 A.
1088 2723 1122 2774 Β.
1146 2724 1182 2775 Μ.
1207 2723 1240 2774 1..
1267 2724 1352 2779 sunt.

115 2856 118 2860 ,
196 2793 269 2846 Ven.
288 2801 376 2848 nostr.
396 2791 458 2845 Asc.
480 2796 503 2846 1.
523 2795 548 2848 2.
575 2791 682 2844 Sturm.
708 2790 772 2843 ald.
789 2793 869 2844 Brut.
899 2794 962 2846 Car.
989 2791 1094 2864 steph.
1112 2792 1229 2847 Irambb.
1261 2793 1352 2851 Goth.

198 2862 306 2916 Sturm.
326 2863 412 2917 Leod.
431 2863 512 2915 Boul.
536 2861 588 2915 iis
610 2861 736 2931 gaudiis,
762 2861 836 2915 Gud.
856 2863 955 2917 Duisb.
981 2862 1047 2917 atta.
1084 2865 1244 2917 Pronomen
1265 2865 1352 2935 plane

197 2935 336 2988 omittunt
363 2933 434 2986 Edd.
461 2932 491 2985 C.
512 2933 545 2983 V.
574 2933 642 2987 nob.
670 2931 770 3000 Steph.
796 2933 895 2987 Herw.
918 2939 941 2989 1.
960 2937 986 2990 2.
1024 2935 1058 2988 In
1076 2951 1134 2987 uno
1154 2935 1203 2991 Ox.
1225 2944 1267 2987 est
1284 2952 1354 3004 per·

197 3008 353 3072 fruantur,
373 3005 404 3055 in
423 3004 508 3076 Marb.
527 3005 750 3070 perferuntur.
779 3003 833 3056 Ed.
853 3006 882 3057 P.
907 3021 955 3058 eoa
974 3020 1075 3069 omnea,
1096 3005 1162 3061 cod.
1184 3005 1270 3058 Marb.
1297 3023 1354 3059 om-

178 3080 246 3128 'nea
264 3090 324 3127 eaae
341 3075 436 3126 beatos
453 3090 500 3135 eoa
518 3073 643 3138 confiteri
660 3089 767 3127 necesse
786 3081 835 3128 est.
874 3075 1018 3130 Scribitur
1035 3076 1129 3131 terroe
1147 3091 1207 3129 ease
1226 3077 1356 3141 confiteri·

196 3145 231 3197 in
249 3145 334 3197 Codd.
348 3145 421 3197 Gud.
444 3148 468 3198 l.
488 3147 513 3199 2.
533 3144 617 3199 vind.
630 3146 654 3198 2.
676 3145 751 3197 Gud.
770 3145 869 3200 Duisb.
890 3149 965 3198 Mon.
978 3150 1003 3201 Ἰ.
1023 3147 1095 3198 Edd.
1109 3148 1142 3198 V.
1157 3147 1229 3200 Hah.
1250 3147 1351 3216 steph.

197 3216 296 3283 ·Herw.
317 3217 394 3270 1540.
420 3214 505 3267 Leod.
530 3223 564 3266 ut
590 3215 711 3267 eundem
740 3214 845 3269 habere
870 3217 1002 3269 ordinem
1030 3217 1166 3270 Codicem
1192 3218 1261 3290 Reg.
1289 3219 1352 3270 fere

198 3286 334 3356 suspicer.
376 3284 502 3351 Quod-si
521 3293 600 3337 c'erto
623 3285 737 3349 scirem,
765 3304 831 3337 eum
849 3286 1059 3355 praetulissem.
1096 3289 1176 3341 Unus
1196 3288 1246 3341 Ox.
1267 3289 1353 3340 omit·

197 3356 238 3410 tit
263 3355 397 3421 confiteri,
432 3356 505 3408 alius
526 3355 647 3408 verbum
672 3372 740 3409 eoae.
772 3356 862 3410 Rehd.
890 3356 975 3409 babet
1003 3357 1098 3410 beator
1125 3358 1251 3422 confiteri
1278 3373 1353 3425 eaaes

197 3428 358 3501 elegantius
389 3426 511 3479 scilicet.
550 3426 616 3479 Cod.
633 3423 717 3497 Bag.
742 3427 802 3480 sine
835 3428 1025 3480 distinctione
1051 3428 1137 3483 habet
1167 3443 1286 3481 neeesse
1309 3434 1352 3481 eat

196 3501 291 3565 etiam,
311 3498 414 3552 omisso
432 3514 474 3552 ne.
511 3498 572 3550 Mr.
1002 3556 1005 3561 ¹
1397 3517 1401 3521 ·

198 3597 201 3602 ·
225 3572 238 3629 ζ
267 3586 292 3622 c.
312 3573 355 3624 26.
391 3569 439 3620 An
464 3575 493 3620 tu
519 3584 562 3619 me
589 3565 621 3620 e‘n
645 3567 721 3621 viola
746 3567 883 3637 putea]
928 3567 1076 3634 „Putabat
1099 3568 1246 3620 Victorius
1275 3569 1351 3642 legit

197 3639 395 3692 consentiente
424 3647 521 3691 nostro
545 3637 655 3691 MSto.“
679 3639 742 3690 Fro-
771 3639 871 3691 bobr.
898 3636 1051 3703 „Putabat
1078 3637 1193 3708 Gryph.
1221 3638 1349 3705 Victor.;

194 3717 280 3776 putea
297 3709 378 3762 alii.“
396 3710 475 3761 Brut.
497 3746 515 3774 ‚,
523 3709 689 3782 Lagentium
705 3717 798 3777 putea,
817 3716 851 3760 ut
867 3707 953 3760 habet
971 3709 1072 3760 Baliol.
1092 3726 1146 3761 neo
1165 3709 1252 3762 aliter
1265 3712 1351 3762 Lam·

196 3780 279 3833 binus
297 3797 332 3833 ex
349 3780 407 3832 suis
425 3779 515 3833 edidit
533 3779 714 3832 Godicibus.“
739 3780 810 3832 Deo.
838 3779 890 3832 Ed.
912 3782 940 3834 l.
979 3781 1040 3832 Nec
1061 3795 1133 3831 vero
1158 3779 1245 3844 dedit,
1274 3780 1352 3849 quod

150 3904 154 3908 .
192 3846 318 3918 uolebat,
337 3846 430 3921 neqne
451 3852 482 3901 in
497 3850 548 3901 Ed.
569 3853 594 3903 2.
615 3867 707 3918 neque
727 3850 759 3900 in
776 3851 871 3901 tertia.
910 3849 969 3914 „Si
993 3850 1027 3902 ad
1049 3849 1270 3919 praecedentem
1296 3851 1352 3902 dis-

194 3924 373 3993 putationem
392 3923 520 3974 refertur
537 3920 602 3984 hoo,
622 3921 693 3972 bene
711 3918 796 3972 habet
813 3920 932 3990 putabar
951 3919 1055 3984 dicere,
1076 3936 1113 3970 sc.
1129 3923 1195 3971 oum
1211 3921 1350 3984 dicebam,

195 4001 285 4063 tuque
302 4006 348 4047 me
368 3994 421 4044 ista
439 3992 584 4043 dicentem
603 3990 746 4043 audiebas:
768 3991 812 4043 sin
832 3991 948 4055 minus,
955 3997 1039 4058 putas
1056 3991 1255 4059 praetulerim,
1275 3992 1353 4060 quod

194 4065 333 4120 Lambino
351 4062 491 4133 placebat,
512 4061 563 4130 qui
581 4070 610 4114 et
629 4062 671 4114 sio
690 4061 780 4114 edidit
799 4078 814 4114 e
832 4059 911 4113 MSS.
939 4071 972 4112 ut
992 4069 1021 4112 et
1038 4061 1170 4112 Davisius
1198 4061 1267 4126 [non
1287 4079 1353 4113 eum

160 4196 162 4200 ¹
195 4135 303 4188 dedisse
319 4142 413 4203 patna,
432 4132 516 4183 modo
535 4132 605 4183 dixi.
625 4130 699 4198 Mn]
740 4132 789 4185 Sic
808 4139 851 4184 est
870 4139 899 4184 et
927 4131 958 4182 in
977 4131 1034 4186 MS.
1055 4131 1152 4185 Guelf.
1183 4142 1212 4184 et
1230 4133 1262 4183 in
1280 4132 1361 4185 Edd..

195 4205 362 4275 quibusdam
380 4212 450 4257 vett.
470 4205 629 4266 utluntne,
649 4201 748 4253 Aldi.“
767 4204 836 4255 Erre.
856 4201 973 4268 „Potae
992 4202 1106 4270 aliquot
1124 4219 1138 4254 e
1158 4203 1263 4255 nostris
1282 4221 1311 4254 v.
1326 4219 1350 4254 c.

195 4277 246 4328 alii
263 4276 391 4343 putabas,
412 4273 498 4326 etita
518 4272 637 4326 Lamb.“
657 4267 742 4338 Goth..
762 4274 842 4326 ldom
867 4273 902 4326 ad
917 4283 952 4324 'v.
978 4272 1009 4324 in
1030 4288 1111 4325 roeo:
1139 4273 1208 4336 „sic
1234 4272 1265 4325 in
1284 4287 1352 4325 rosa

193 4353 293 4414 potare
310 4345 383 4398 dixit
404 4346 429 4398 2.
449 4343 484 4396 de
502 4344 632 4409 Finibus,
655 4353 684 4397 et
701 4345 800 4400 Horat.
820 4344 849 4397 in
869 4358 938 4398 rora
955 4343 1125 4410 perfundere
1143 4342 1264 4411 liquidis
1284 4344 1352 4396 odo·

195 4415 307 4470 ribua.“
341 4415 410 4471 Loci
437 4422 503 4466 sunt
530 4414 564 4467 de
583 4414 672 4467 Finn'.
687 4415 726 4468 11.
747 4417 791 4471 ΨΟ.
819 4415 919 4468 Horat.
941 4412 992 4467 Od.
1012 4412 1036 4465 1.
1057 4415 1083 4468 5.
1104 4417 1129 4468 1.
1148 4413 1288 4477 ¹ubivid.
1308 4413 1353 4465 in·
