2856 5084
209 280 272 347 aas
400 277 640 345 c1craou1s
660 277 909 377 ruscumu.
930 270 1162 345 nrsrurlr,

210 455 317 524 pater,
339 442 539 522 Carneades,
561 440 748 523 Panaetius,
771 443 1005 516 Clitomachus,
1027 445 1134 522 Philo,
1164 443 1362 524 Antiochus,

210 526 422 603 Posidonius,
443 527 702 590 innumerabiles
724 528 802 590 aliis
825 530 891 610 qui,
914 528 1015 588 semei
1037 528 1172 612 egressi,
1194 547 1364 608 nunquam

200 609 345 691 ,domum
366 617 594 672 reverterunt.
636 610 681 672 At
702 611 792 671 enim
806 612 878 671 sine
899 610 1084 698 ignominia
1105 613 1205 656 ****
1226 612 1363 672 afficere

282 809 419 864 nunquam
438 793 548 846 domum
566 791 750 858 reuerterunt]
778 791 847 844 (lod.
865 792 961 844 Duisb.
980 792 1067 845 habet
1085 794 1194 847 domum
1213 810 1363 863 nunquam.

211 863 321 934 Scripsi
346 874 443 918 autem
466 869 639 916 reverterunt
667 879 733 915 cum
757 862 828 915 Dav.
848 863 896 915 Or.
921 873 950 916 et
967 863 1020 915 Ed.
1040 864 1112 916 Tbn.
1140 882 1174 917 ex
1193 883 1283 939 marg.
1303 866 1361 920 MS.

210 935 263 989 Ed.
284 935 347 997 Asc.
367 939 393 993 2.
414 934 500 988 codd.
520 935 589 1007 Reg.
609 931 682 986 Gud.
704 938 727 989 1.
747 935 773 988 2·
794 934 881 986 Marb.
900 933 987 986 Rehd.
1007 934 1107 986 Duisb.
1128 935 1195 987 (lod.
1217 935 1290 989 Gud.
1319 952 1365 989 so·
1391 931 1393 939 ’

211 1005 256 1057 lus
273 1005 360 1059 habet
378 1005 485 1059 reversi
502 1012 572 1057 sunt.
599 1004 723 1073 Reliqui
735 1004 819 1057 Codd.
841 1012 870 1057 et
887 1005 959 1070 Edd.
980 1011 1076 1057 omnes
1095 1015 1195 1059 contra
1213 1006 1364 1060 Ciceronis

211 1093 324 1130 morem
342 1082 493 1137 revertere.
530 1076 591 1128 Mr.
1144 1101 1146 1106 ν

283 1148 325 1199 At
343 1149 415 1201 enim
433 1163 487 1200 non
508 1147 568 1199 sine
586 1143 747 1216 ignominia
770 1146 885 1211 afficere
906 1147 1010 1215 poterii
1032 1147 1206 1214 sapientem]
1242 1149 1363 1213 „Locus

212 1226 293 1270 recte
311 1218 428 1270 stellula
444 1225 571 1283 notatust
591 1216 727 1268 mendum
745 1217 823 1268 enim
841 1217 951 1269 subesse
970 1225 1093 1270 constat:
1122 1219 1240 1270 fortasse
1258 1219 1298 1270 ita
1317 1236 1364 1272 re-

212 1288 295 1340 stitui
317 1289 419 1359 possit:
457 1291 496 1338 At
521 1286 596 1339 enim
618 1301 673 1338 non
700 1285 757 1339 erit
780 1288 839 1341 sine
862 1287 1031 1352 ignominia.
1063 1287 1222 1355 ignominia
1247 1290 1363 1354 officere

210 1359 317 1427 poterit
336 1358 503 1427 sapientem?
530 1358 565 1410 de
583 1356 706 1426 sapiente
725 1359 798 1411 enim
815 1363 857 1410 est
874 1357 942 1410 baec
966 1357 1057 1412 omnis
1075 1359 1176 1412 oratio.
1214 1358 1363 1413 Sententia

213 1437 293 1482 certe
313 1428 385 1482 hacc
403 1428 520 1481 ridetur
538 1445 609 1480 esse:
630 1427 732 1496 quibus
751 1435 846 1479 autem
863 1428 959 1480 verbis
979 1429 1146 1499 explicanda
1164 1429 1210 1494 sit,
1237 1438 1363 1484 statuere

212 1507 344 1552 nostrum
361 1514 419 1550 non
437 1507 488 1551 est.
526 1497 653 1552 studiosi
670 1498 759 1550 libros
776 1499 908 1567 antiquos
926 1499 1027 1552 adeant
1047 1508 1076 1551 et
1094 1515 1193 1552 eorum
1208 1516 1261 1570 ope
1280 1501 1364 1553 uten-

212 1577 255 1623 tes
273 1571 370 1632 locum
384 1568 571 1625 ‚emendent“
607 1567 638 1620 P.
658 1569 814 1622 Manutius.
1190 1569 1194 1576 '

283 1641 324 1693 At
341 1639 417 1692 enim
434 1656 488 1692 non
511 1641 566 1692 erit
583 1639 644 1692 sine
661 1638 829 1706 ignominia.
864 1638 982 1708 ignom]
1018 1640 1140 1706 „Nihil,
1163 1658 1227 1695 meo
1246 1642 1364 1711 quidem

214 1709 342 1776 iudicio,
358 1711 469 1763 melius
494 1708 545 1762 hic
572 1710 730 1784 excogitari
752 1718 856 1778 potest,
886 1728 970 1779 quam
995 1712 1069 1778 quod
1088 1712 1214 1782 Manutio
1231 1714 1313 1765 venit
1332 1713 1364 1763 in

212 1789 356 1833 mentem:
376 1781 437 1849 qui,
456 1798 523 1837 cum
541 1780 573 1830 in
592 1781 722 1832 omnibus
741 1780 824 1832 libris
843 1788 871 1833 et
888 1781 1015 1853 vulgatis
1035 1791 1064 1834 et
1076 1785 1169 1835 *mauu
1187 1782 1302 1853 scriptis
1322 1784 1364 1835 ita

212 1851 342 1925 legatur:
375 1852 415 1904 At
440 1850 515 1906 enim
538 1865 592 1902 non
615 1850 676 1902 sine
694 1848 852 1916 ignominia
871 1851 984 1916 afficere
1008 1848 1109 1919 poterit
1128 1852 1302 1920 sapientem,¹
1322 1853 1364 1906 sic

181 1959 183 1962 ι
214 1920 340 1975 coniecit
359 1938 418 1975 esse
436 1920 647 1991 reponendum:
667 1919 706 1972 At
725 1923 798 1974 enim
816 1927 869 1975 cet.
892 1920 930 1986 [r.
952 1940 1016 1974 ann.
1037 1923 1156 1990 Manut]
1175 1926 1228 1977 Pro
1248 1925 1363 1990 officere

214 1991 293 2044 docti
311 1991 428 2061 quidam
445 1991 506 2066 legi
523 1991 626 2044 volunt
644 1990 818 2060 attingere.“
853 1991 948 2044 Lami.

284 2063 416 2117 Atesim
434 2064 449 2096 *
468 2065 529 2116 siue
556 2060 713 2128 ignominia
735 2063 850 2128 afficere
868 2063 883 2097 *
902 2063 1066 2130 sapientem.
1093 2065 1127 2117 de
1150 2064 1363 2133 sapiente'eaim

214 2130 282 2186 baec
299 2133 389 2186 omnis
407 2134 501 2186 oratio
519 2133 573 2198 esi]
593 2134 659 2197 „Ut
677 2133 779 2203 reperi
793 2134 825 2184 in
843 2130 918 2186 MSS.
938 2135 980 2185 ita
998 2135 1138 2199 edendum
1150 2136 1284 2188 iudicavi.
1305 2137 1364 2188 Ex·

214 2211 270 2254 stat
288 2211 384 2271 autem
401 2203 443 2256 sic
462 2203 494 2254 in
511 2202 597 2254 Palat.
618 2218 672 2254 sec.
692 2210 759 2258 tert.
781 2213 874 2272 quart.
894 2203 1001 2274 partim
1020 2206 1112 2274 quint.
1132 2204 1214 2258 Febr.
1235 2205 1363 2259 Vatican.

213 2274 318 2349 Vulgo:
338 2274 378 2326 At
396 2273 469 2327 enim
488 2273 501 2314 *-
520 2288 573 2326 non
591 2272 653 2326 sine
672 2281 726 2326 cet.
747 2273 784 2339 [v.
804 2274 909 2326 lemma
920 2283 1015 2326 annot.
1027 2275 1147 2342 Manat]
1167 2275 1248 2329 cett.
1269 2276 1375 2342 „Quos-

215 2343 282 2396 illos
306 2343 392 2407 dicat,
417 2345 449 2396 in
475 2344 576 2414 quibus
600 2344 651 2395 vul
715 2344 882 2397 asteriscum
900 2362 958 2398 esse
978 2345 1060 2408 dicit,
1087 2347 1199 2421 ignoro.
1236 2349 1302 2400 Non
1321 2354 1364 2398 est

215 2421 293 2466 certe
313 2414 344 2464 in
361 2414 547 2479 Victorianus,
574 2430 632 2485 npn
679 2415 830 2488 ervagiana
856 2415 988 2485 aliisque.
1026 2417 1112 2469 Nunc
1137 2435 1226 2485 quum
1253 2421 1364 2469 constet

215 2483 250 2537 de
268 2481 375 2536 MSStis
393 2491 423 2536 et
439 2483 534 2536 veteri
551 2483 592 2534 ac¹
603 2484 714 2536 sincera
741 2485 876 2550 lectione,
905 2503 966 2538 eam
987 2487 1103 2555 penitus
1126 2487 1237 2552 admisi,
1262 2488 1365 2540 omissa

130 2566 131 2570 ’
215 2554 419 2607 asteriscorum
436 2554 583 2618 foeditate,
602 2554 643 2606 At
661 2552 736 2607 enim
754 2556 822 2620 sine,
842 2554 891 2608 vel
908 2557 964 2618 fac,
984 2556 1122 2625 velpone,
1142 2557 1216 2608 illud
1228 2558 1364 2609 exsilium

157 2649 159 2653 v
215 2622 373 2692 ignominia
392 2623 506 2689 officere
524 2622 684 2690 sapientem,
704 2642 767 2677 rem
783 2625 922 2678 videlicet
939 2627 1046 2676 fatuam
1057 2635 1086 2677 et
1097 2627 1182 2694 plane
1199 2626 1363 2692 absurdam3

173 2734 176 2739 .
216 2693 285 2763 quia
303 2694 409 2746 sinitur
425 2693 475 2746 rel
491 2695 621 2764 ponitur,
641 2695 716 2764 quod
733 2695 827 2765 palam
844 2701 963 2764 apparet
981 2694 1048 2746 fieri
1065 2710 1123 2747 non
1140 2710 1229 2762 posse.
1254 2696 1364 2763 Utique

175 2761 177 2766 ’
215 2763 367 2817 asteriscus
384 2782 443 2831 non
462 2772 548 2817 estex
558 2766 682 2835 scriptis.
702 2765 758 2818 Sed
769 2780 862 2832 neque
873 2764 1031 2832 supprimo,
1044 2765 1119 2832 quod
1130 2764 1187 2816 iam
1205 2766 1364 2834 exemplari

214 2846 291 2900 meo,
309 2834 341 2886 in
359 2852 415 2904 quo
435 2843 477 2898 est
495 2834 612 2888 collatio
632 2835 738 2894 codicis
757 2834 862 2900 Italici,
882 2833 914 2884 in
933 2850 989 2903 quo
1008 2834 1118 2908 legitur
1135 2839 1229 2890 oratio
1247 2841 1288 2888 est
1307 2836 1363 2902 cui,

216 2905 392 2974 adscriptum
416 2905 508 2958 video.
538 2905 671 2980 [legend.
694 2903 735 2956 At
757 2902 831 2956 enim
855 2904 915 2957 sine
933 2904 1093 2972 ignominia
1121 2906 1236 2972 afficere
1254 2907 1365 2973 sapien-

215 2983 279 3042 tem,
298 2976 342 3042 (de
359 2978 484 3044 sapiente
501 2977 577 3030 enim
594 2983 636 3028 est
652 2973 719 3027 baec
737 2974 828 3026 omnis
845 2974 951 3040 oratio)
979 2982 1019 3028 est
1036 2977 1083 3028 eui
1101 2977 1163 3028 iare
1186 2978 1219 3030 id
1236 2979 1364 3029 accidere

216 3062 271 3098 non
286 3045 383 3113 possit.
403 3048 484 3116 quasi
503 3047 593 3099 dicat:
612 3046 697 3099 Esto:
717 3045 755 3096 sit
772 3044 997 3119 ignominiosum
1014 3046 1138 3116 sapienti
1155 3046 1298 3111 exsilium,
1317 3049 1365 3099 ni-

216 3115 262 3166 hil
280 3117 381 3181 refert,
400 3117 553 3172 dummodo
571 3132 629 3169 non
646 3115 710 3166 iure
729 3114 756 3166 ei
774 3114 933 3182 acciderit]
941 3114 961 3145 “
997 3116 1114 3173 Gronov.

225 3227 227 3234 ,
287 3186 328 3238 At
346 3188 418 3240 enim
437 3188 506 3253 sine,
525 3184 684 3253 ignominia
702 3185 816 3254 afficere
833 3186 985 3252 sapientem
1003 3185 1072 3259 eta]
1090 3187 1219 3260 „Vulgg
1240 3189 1365 3242 atenim

216 3256 277 3310 sine
295 3257 455 3325 ignominia
473 3256 588 3324 officere
604 3253 764 3322 sapientem.
784 3257 820 3309 de
837 3258 960 3323 sapiente
978 3256 1052 3309 enim
1069 3254 1136 3308 baec
1162 3256 1253 3309 omnis
1270 3263 1365 3313 oratio

216 3333 274 3393 eal,
291 3327 337 3381 sui
360 3328 423 3382 iare
448 3328 480 3381 iot
503 3325 630 3381 accidere
652 3340 707 3378 non
732 3325 826 3394 possit.
863 3328 923 3379 Nos
948 3327 1182 3395 interpunctione
1215 3330 1365 3384 commoda

216 3393 316 3451 locum
333 3399 543 3451 conclamatum
559 3395 727 3450 sanavimus.
764 3396 829 3448 Non
848 3397 939 3449 multo
963 3395 1050 3449 aliter
1075 3397 1123 3447 vir
1150 3398 1278 3450 eruditus
1296 3418 1365 3453 con-

216 3469 301 3522 iecitt
332 3475 364 3522 at
387 3467 460 3522 enim
478 3466 548 3531 sine,
574 3464 732 3534 ignominia
754 3465 868 3532 afficere
890 3466 1048 3532 sapientem,
1073 3465 1119 3531 (de
1143 3469 1267 3534 sapiente
1291 3472 1365 3525 enim

217 3547 260 3592 est
277 3538 345 3592 boec
362 3540 454 3593 omnis
470 3535 577 3599 oratio)
595 3540 644 3588 est·
655 3535 701 3588 cui
718 3538 779 3590 iure
792 3536 829 3589 id
846 3536 974 3589 accidere
991 3553 1045 3590 non
1061 3539 1160 3604 possit.
1180 3540 1271 3591 Editt.
1290 3543 1364 3594 Ven.

218 3618 247 3662 et
264 3610 387 3662 Froben.
405 3608 525 3660 habent:
545 3613 575 3660 at
592 3604 666 3659 e'aim
683 3622 736 3660 non
753 3609 813 3660 sine
829 3605 988 3675 ignominia
994 3624 1004 3671 3
1030 3609 1105 3661 unde
1123 3611 1152 3661 P.
1172 3607 1314 3662 Manutius
1334 3621 1366 3665 et

180 3721 183 3725 .
216 3680 252 3736 D.
271 3678 423 3731 Lambinus
441 3677 669 3745 rescripseruntt
690 3676 729 3741 [r.
747 3694 812 3729 ann.
834 3676 954 3742 Manat]
990 3679 1075 3731 Pauci
1093 3696 1162 3733 vero
1181 3688 1244 3750 post
1263 3681 1365 3734 inven-

120 3779 122 3783 -
215 3758 258 3802 tas
276 3749 374 3819 fruges
392 3745 542 3818 glandibus
559 3745 745 3799 vescentur.“
762 3748 834 3800 Duo.
861 3748 916 3804 ud.
927 3753 951 3803 1.
970 3750 1103 3813 „Locum
1116 3767 1173 3803 esse
1192 3761 1365 3821 corruptum

215 3818 302 3871 facile
320 3831 418 3868 omnes
436 3815 612 3868 concedunt:
632 3816 667 3868 de
685 3818 812 3872 remedio
830 3818 984 3870 dubitatur.
1003 3820 1134 3873 Bentleio
1147 3823 1271 3873 Manutii
1288 3825 1364 3877 ratio

209 3887 360 3957 probatur.
396 3886 444 3939 Et·
463 3884 570 3938 habent
590 3886 697 3954 poterit
719 3888 856 3942 nonnulli
878 3888 958 3952 libri,
985 3889 1017 3941 in
1034 3890 1080 3942 his
1107 3891 1164 3944 duo
1181 3892 1280 3944 Laidd.
1305 3893 1363 3947 Ed.

215 3971 278 4008 mea
295 3962 353 4007 vet.
369 3954 488 4019 ,Aldset
505 3957 660 4027 pleraeque
675 3957 768 4014 aliae.v
792 3959 888 4010 Aliam
905 3968 1002 4011 tamen
1023 3969 1173 4031 praeterea
1198 3961 1266 4033 ipse
1277 3962 1365 4016 affert

214 4025 444 4080 emendationem
468 4026 506 4091 [v.
527 4028 562 4092 ej.
588 4028 683 4094 aun-h
714 4029 762 4081 cui
786 4037 887 4082 contra
909 4046 1020 4083 morem
1043 4050 1126 4084 suum
1153 4049 1210 4085 non
1236 4051 1365 4087 assensus

201 4097 344 4150 astDav.
364 4098 433 4167 quia
450 4098 538 4151 nimis
559 4097 646 4172 longe
669 4098 789 4152 discedit
805 4117 822 4152 a
835 4100 982 4152 librorum
1005 4103 1175 4172 scriptiones
1199 4102 1276 4154 nihil
1299 4104 1363 4173 ipse

214 4175 366 4233 mutatum,
389 4169 437 4222 ssd
459 4168 500 4221 ita
524 4167 665 4238 scriptum
686 4170 751 4222 vult
774 4170 886 4223 lacum:
915 4171 953 4237 [v.
980 4172 1014 4236 ei.
1040 4173 1118 4238 ann]
1154 4173 1216 4226 Nec
1240 4189 1310 4225 vero
1327 4176 1365 4229 ad

213 4237 339 4291 rationes
355 4229 513 4309 rospondit,
532 4239 686 4310 quassatis
704 4256 805 4314 graves
823 4241 1008 4311 eiopposuit
1024 4242 1181 4296 Bentleius'.
1218 4245 1364 4312 Equidem

212 4308 358 4362 leuissima
382 4310 544 4363 mutatione
571 4308 710 4384 legerim:
737 4312 779 4364 At
802 4313 876 4366 enim
899 4311 951 4364 sie
973 4328 1033 4366 nec
1061 4310 1218 4379 ignominia
1245 4316 1364 4380 afficere

210 4378 315 4446 poterit
333 4377 494 4448 sapientem.
529 4379 583 4448 Qui
600 4387 729 4435 veterem
755 4382 898 4438 scribendi
916 4383 1058 4437 rationem
1079 4384 1167 4452 norit,
1192 4385 1364 4455 compendia
