2856 5084
211 267 273 334 128
396 263 628 331 CICERONIS
650 264 897 334 TUSCULAN.
919 212 1153 330 DISPUTAT.

211 430 370 514 operibus
390 432 492 512 picto,
514 429 698 512 abacosque
719 431 906 514 complures
938 431 1073 495 ornavit
1098 438 1239 515 argento
1260 449 1363 493 auro·

210 534 273 596 que
294 513 431 575 caelato.
465 512 554 574 Tum
575 511 619 574 ad
639 531 785 575 mensam
801 514 922 577 eximia
943 517 1050 575 forma
1071 532 1194 594 pueros
1216 511 1363 577 delectos

209 597 308 658 iussit
334 596 527 667 consistere,
559 613 680 677 eosque
707 604 826 658 nutum
857 597 945 659 illius
976 594 1144 658 intuentes
1178 594 1363 681 diligenter

1087 725 1098 730 ..
1104 725 1337 733 ---·--—-—-0.-.-
1344 728 1364 735 .-

209 788 307 834 monet
324 779 420 833 lliihn.
439 781 599 835 coalescere
622 781 678 833 duo
700 781 837 834 vocabula
855 780 948 834 textili
963 780 1095 848 stragulo
1118 782 1150 832 in
1174 799 1262 835 unam
1279 785 1361 853 quiesi

208 853 367 917 notionem,
398 852 500 920 quibus
523 852 587 904 eddi
611 853 699 922 possit
724 851 900 904 adiectivum
925 849 1112 920 pulcherrimo
1136 849 1299 919 ἀσυνδέτως,
1325 863 1360 907 ut

208 925 291 976 Verr.
311 924 345 973 V.
365 924 408 977 52.
425 921 541 990 priosta
564 922 666 975 nocis
684 921 835 976 onerari
835 938 861 975 a.
891 922 977 976 Corn.
997 922 1106 975 Datam.
1126 925 1178 977 111.
1199 927 1226 980 2.
1250 928 1361 992 agresti

210 993 350 1062 duplici
367 993 529 1046 ensiculo.
566 991 677 1046 Stratus
697 993 792 1066 igitur
810 1001 872 1047 erat
889 993 982 1046 lectus
1001 994 1098 1046 textili
1116 997 1247 1049 strarnlo
1267 1013 1359 1066 eoque

228 1064 416 1133 ulcherrimo.
455 1064 576 1118 Confert
601 1073 752 1135 praeterea
775 1062 877 1116 Ochsn.
903 1063 1035 1119 Ciceron.
1062 1065 1158 1118 Parad.
1176 1044 1212 1119 b'.
1231 1071 1259 1124 2.
1285 1075 1359 1134 ente.

207 1083 355 1201 locupletis
378 1135 442 1190 orbi
463 1135 551 1193 senis.
588 1134 668 1200 Quod
691 1136 878 1195 vero'refert
900 1136 983 1188 Verb.
1012 1135 1045 1188 in
1069 1153 1160 1259 mariq.
1189 1137 1361 1192 hambinum

209 1206 329 1261 edidisse
346 1213 446 1272 strotm
467 1206 496 1259 id
514 1215 557 1260 est
575 1223 610 1258 ex
628 1223 718 1278 marg.
732 1205 829 1272 lnmb.
841 1206 918 1270 1581,
937 1223 991 1259 nec
1007 1207 1105 1260 verius
1137 1216 1254 1275 ortasse,
1273 1227 1362 1279 quam

207 1277 284 1348 quod
302 1286 344 1331 est
362 1277 394 1330 in
411 1294 474 1329 mar
496 1317 502 1330 .
532 1276 619 1333 Goth.
640 1279 717 1333 1596.
744 1294 810 1330 eum
835 1276 956 1330 edidisse
979 1278 1094 1345 texult,
1122 1277 1210 1331 Goth.
1236 1281 1316 1332 enim
1334 1299 1359 1334 a.

208 1351 287 1404 1660.
305 1347 392 1400 habet
415 1347 525 1413 lensii,
549 1348 621 1400 item
639 1348 720 1415 falso,
748 1345 882 1416 nihilque
905 1349 979 1413 vult,
1008 1366 1093 1419 quam
1111 1350 1258 1405 sustulisse
1277 1353 1362 1405 ham·

205 1419 306 1471 binum
329 1418 419 1481 illam,
448 1437 535 1488 quam
559 1417 631 1482 dixi,
662 1418 886 1472 distinctionem.
928 1420 982 1472 Est
1006 1427 1102 1473 autem
1124 1418 1311 1490 pulcherrime
1328 1424 1360 1476 in

206 1489 273 1543 Cod.
293 1489 377 1540 vind.
397 1488 552 1552 necessita·
569 1489 600 1541 in
620 1488 693 1543 Gud.
711 1492 737 1545 1.
774 1489 834 1542 Mr.

275 1558 437 1630 magnificis
454 1561 585 1629 operibus
599 1559 702 1628 picto;]
734 1560 813 1624 „Pal
838 1569 932 1629 quart.
952 1560 1068 1630 pecto.“
1086 1560 1169 1615 Gebb.
1206 1564 1287 1618 Unus
1306 1564 1355 1618 Ox.

203 1632 315 1701 speriti,
348 1632 422 1684 alius
446 1648 513 1684 cum
530 1631 614 1684 Vind.
636 1637 660 1686 1.
680 1631 787 1700 opibus.
826 1628 964 1698 Operibus
986 1632 1178 1702 explicatos.
1197 1633 1359 1690 adWolfii

203 1702 314 1756 scholas
338 1719 421 1772 opere
445 1701 578 1772 phrygio.
615 1701 659 1755 Ad
676 1721 703 1753 v.
731 1702 807 1770 picto
825 1710 904 1754 recte
927 1702 1100 1778 intelligunt
1124 1721 1184 1761 ocu.
1221 1705 1359 1760 conferri

205 1782 300 1845 potest
318 1774 399 1849 virg.
424 1773 495 1826 Aen.
515 1774 568 1828 llI.
588 1775 655 1829 483:
683 1775 740 1840 fert
762 1772 919 1841 picturatus
942 1775 1008 1827 ouri
1031 1776 1184 1829 subtemine
1207 1785 1302 1844 vestes,
1333 1782 1360 1831 et

196 1843 361 1915 ,Phrygiam
378 1845 504 1898 Asconio
521 1841 700 1913 chlamydem.
728 1843 795 1896 Cod.
814 1846 888 1896 Mon.
909 1847 935 1898 2.
959 1843 1045 1897 habet
1061 1844 1251 1917 'abactosqnm
1281 1849 1359 1902 idem

206 1934 272 1970 cnm
291 1916 383 1968 tribus
402 1917 472 1970 Oxx.
492 1925 522 1968 et
540 1915 614 1968 Gud.
634 1917 659 1970 2.
686 1930 769 1984 quom
784 1913 883 1983 plures
902 1931 956 1986 pro
974 1915 1140 1985 complores,
1164 1918 1251 1971 etsie
1270 1920 1359 1975 etiam

204 1988 278 2041 Edd.
297 1989 326 2044 P.
346 1985 379 2039 A.
393 1988 424 2040 Β.
439 1987 470 2040 O.
489 1988 570 2040 Junt.
590 1988 659 2039 Van.
678 1993 767 2048 nostr.
786 1994 908 2055 utraque
926 1985 990 2038 Asc.
1011 1987 1059 2039 sed
1075 1997 1198 2058 utraque
1216 1989 1248 2040 in
1265 2007 1356 2065 marg.

205 2059 333 2112 additum
356 2057 459 2180 (illabetz
486 2067 607 2130 „putem
634 2056 789 2127 complores
817 2055 1007 2132 legendum.“
1042 2060 1097 2112 Pro
1120 2065 1185 2113 tum·
1205 2077 1279 2115 unus
1305 2063 1356 2115 Ox.

204 2144 272 2184 cnm·
293 2129 355 2182 Reh
376 2167 382 2180 .
403 2135 474 2182 tunc.
1135 2169 1139 2173 -

266 2158 390 2254 Ἐπίηιία
406 2202 498 2266 forma
522 2216 627 2269 pueros
651 2197 788 2265 delectos]
814 2197 961 2252 Delicatus
984 2199 1119 2254 rescribit
1136 2205 1227 2275 Msrq.
1248 2204 1357 2259 Gudins

200 2273 236 2326 ad
254 2271 377 2325 Phaedri
397 2271 447 2322 lib.
467 2271 514 2323 IV.
535 2271 590 2323 fab.
610 2274 636 2326 4.
668 2269 725 2323 Sed
742 2269 912 2323 renituntur
929 2271 1024 2334 ltlssti3
1044 2288 1099 2326 neo
1116 2290 1164 2327 res
1181 2275 1242 2345 ipsa
1258 2286 1358 2347 postu.

200 2342 258 2410 let„
271 2352 305 2396 ut
322 2361 339 2396 a
355 2342 490 2407 lectione,
510 2359 596 2411 quam
614 2349 768 2412 praestant,
787 2340 960 2393 recedamus.
997 2341 1036 2394 D.

273 2413 378 2467 enimin
394 2414 488 2479 formo
502 2428 607 2483 pueros
626 2413 754 2479 delectos]
780 2410 966 2464 Gernhardus
985 2411 1094 2465 Corum.
1115 2414 1244 2469 Gramm.
1264 2418 1305 2471 Vl
1324 2418 1357 2473 in

202 2483 334 2537 Seebodii
351 2485 388 2536 N.
417 2483 506 2536 Arch.
525 2485 546 2539 f.
574 2483 679 2537 Philol.
705 2501 733 2534 u.
761 2483 876 2556 Paedag.
897 2482 920 2534 1.
940 2484 966 2536 t.
993 2501 1022 2554 p.
1042 2486 1086 2540 5⁵.
1112 2486 1148 2538 ad
1166 2487 1226 2540 Cic.
1250 2487 1354 2542 Acadd.

201 2555 240 2608 ll.
260 2558 308 2610 31:
328 2555 368 2622 (εἰ
385 2555 447 2625 quis
467 2586 499 2597 -
517 2555 713 2622 proficiscetur
725 2552 856 2607 Puteolos
873 2579 904 2590 -
922 2555 1009 2622 probo
1027 2556 1154 2624 nauigio,
1170 2558 1238 2612 bono
1257 2561 1358 2626 guber-

202 2631 298 2679 natore
317 2624 365 2690 -)
400 2624 453 2690 „si
472 2625 595 2694 quaeris,
623 2625 674 2686 ait,
702 2641 756 2677 cur
774 2623 965 2677 Grammatici
983 2625 1034 2678 hos
1059 2627 1198 2680 absolutos
1217 2629 1356 2683 ablativos

201 2697 360 2767 appellent,
379 2696 432 2747 illo
452 2704 547 2748 autem
564 2695 628 2747 loeo
646 2695 731 2746 Tusc.
751 2696 784 2747 V.
798 2697 848 2748 21:
868 2694 1021 2764 Dionysius
1031 2697 1069 2751 ud
1084 2712 1207 2750 mensum
1225 2700 1357 2761 enimin

201 2768 315 2833 ferreo
336 2783 440 2836 pueros
457 2768 541 2820 iussit
558 2765 718 2832 consistere,
744 2765 892 2834 qualitatis
915 2766 1072 2819 ablativum
1094 2767 1222 2821 inveniri
1241 2770 1356 2839 dicant;

200 2856 292 2892 unum
310 2839 385 2891 illud
403 2845 445 2891 est
463 2838 549 2907 idque
570 2838 708 2910 exignum
727 2835 890 2900 admodum,
918 2853 975 2906 qno
998 2837 1070 2892 haec
1092 2838 1285 2893 ablativornm
1307 2861 1358 2917 ge-

200 2927 270 2964 nera
289 2909 435 2976 differant,
462 2909 539 2979 quod
562 2907 668 2962 crinito
690 2908 785 2973 formo
812 2925 847 2960 ex
872 2907 1047 2962 substantivo
1068 2925 1170 2978 pueros
1193 2912 1356 2966 deliniendo

200 2982 336 3052 pendent,
364 2981 412 3034 illi
431 2989 526 3032 autem
543 2978 672 3031 Ablativi
692 2979 779 3048 probo
797 2976 914 3045 navigio
939 2977 975 3042 (si
992 2980 1114 3050 probum
1131 2983 1282 3057 navigium
1301 2986 1355 3051 est)

201 3060 259 3105 etc.
280 3052 401 3106 averbo
424 3052 622 3119 proficiscetur
646 3066 704 3101 non
731 3049 793 3119 ipso
818 3058 970 3122 reguntur,
1001 3051 1050 3103 sed
1074 3069 1136 3104 eam
1159 3055 1356 3110 conditionem

160 3170 163 3175 .
201 3123 374 3196 significant,
403 3138 489 3191 quam
515 3137 574 3173 non
599 3121 716 3172 aliunde
744 3136 911 3189 suspensam
928 3121 1087 3190 praedicati
1111 3126 1266 3191 sententia,
1292 3135 1358 3179 tan-

201 3199 288 3264 q‘nam
306 3193 487 3257 adiutricem,
517 3191 664 3260 interponi
682 3191 771 3256 iubet,
799 3191 921 3244 ablativo
947 3192 1064 3260 quidem
1087 3209 1162 3260 casu,
1178 3214 1247 3266 ,quo
1266 3213 1355 3251 novae

199 3265 249 3319 vel
266 3263 450 3319 secundariae
469 3262 687 3328 enunciationis,
720 3279 792 3331 quae
810 3262 890 3330 quasi
914 3263 958 3314 sui
981 3263 1053 3316 iuris
1072 3273 1123 3330 est,
1151 3268 1356 3342 ratiosignill·

200 3344 292 3390 cetur.
329 3335 424 3405 Atque
442 3342 570 3404 apparet,
588 3333 670 3386 verbi
689 3333 859 3386 substantivi
877 3348 936 3386 esse
958 3335 1147 3405 participium
1172 3355 1239 3390 cum
1254 3340 1356 3393 Latini

199 3407 344 3479 praesenti
370 3405 497 3475 tempori
524 3405 675 3457 indicando
699 3404 840 3456 inservire
859 3404 982 3471 nollent,
1009 3406 1148 3463 eiusmodi
1172 3409 1356 3465 substantivis

199 3488 230 3532 et
247 3477 397 3533 adiectivis
416 3476 563 3547 participii
586 3476 648 3529 vim
672 3475 715 3528 sic
733 3475 872 3527 tributam
891 3491 960 3540 esse,
990 3485 1023 3528 ut
1046 3477 1194 3533 verbalem
1211 3480 1356 3554 significa-

200 3542 310 3602 tionem
321 3567 361 3601 .ae
383 3565 419 3600 ue
436 3565 505 3619 prae
524 3565 553 3600 se
572 3549 694 3611 ferrent,
709 3562 752 3597 ao
769 3545 956 3615 participia.“
993 3547 1072 3612 Quod
1096 3551 1188 3608 refert
1205 3551 1275 3604 Dav.
1296 3553 1356 3605 Gn·

199 3621 281 3673 dium
299 3620 371 3672 adP
411 3618 472 3673 edri
491 3618 575 3671 Fabb.
595 3619 643 3671 IV.
663 3620 689 3672 4.
712 3615 767 3682 [22.
787 3634 816 3687 p.
836 3619 880 3671 81.
901 3617 942 3669 ed.
960 3617 1072 3686 Burin]
1100 3621 1258 3676 coniecisse
1283 3623 1355 3679 deli·

200 3698 278 3745 catos
296 3706 348 3761 pro
368 3691 495 3754 delectos,
515 3690 545 3741 id
563 3689 603 3741 ita
622 3706 650 3742 se
669 3687 764 3740 habet.
798 3685 953 3740 Schiiteius
971 3697 1069 3742 tamen
1087 3692 1179 3744 refert
1197 3693 1228 3745 id
1242 3695 1355 3746 tactum

201 3780 259 3817 esse
289 3762 323 3814 ad
347 3762 508 3814 fabularum
532 3760 640 3812 librum
658 3760 732 3812 xlv,
775 3757 865 3823 Quem
888 3774 1041 3828 operarum
1074 3779 1204 3817 errorem
1227 3764 1355 3818 fideliter

200 3833 354 3904 exscripsit
371 3830 491 3886 Billerb.
511 3848 613 3900 parum
635 3837 770 3899 reputans
788 3847 941 3882 numerum
966 3831 1110 3886 librorum
1129 3833 1260 3900 Phaedri,
1284 3852 1356 3906 quo·

200 3923 266 3958 rum
285 3912 363 3958 certe
382 3905 526 3957 decimum
546 3909 681 3971 quartum
698 3899 797 3968 pueris
811 3917 958 3969 uunquam
976 3903 1036 3973 ipse
1054 3904 1194 3978 magister
1212 3906 1352 3977 exposuit.

200 3977 256 4031 Sed
273 3977 390 4029 videtur
407 3976 467 4045 ipse
485 3973 519 4026 de
538 3987 659 4026 numero
677 3970 820 4031 librorum
839 3972 992 4028 dubitasse:
1018 3977 1147 4030 correxit
1165 3977 1245 4032 enim
1264 3977 1355 4032 Schu-

199 4050 255 4101 tzii
279 4063 408 4102 errorem
432 4061 515 4109 novo,
545 4053 574 4098 et
600 4060 654 4115 pro
679 4041 774 4094 fabula
798 4051 908 4111 quarta,
935 4062 1052 4098 versum
1068 4047 1163 4118 posuit
1185 4066 1244 4102 esse
1269 4067 1355 4119 quar·

198 4129 270 4174 tum.
313 4117 414 4186 Pergit
439 4133 513 4168 unus
538 4117 587 4171 Ox.
612 4115 699 4169 iussit
730 4115 963 4170 consciscere.
1008 4119 1089 4172 Unus
1116 4119 1190 4172 Gud.
1217 4123 1242 4177 2.
1269 4120 1354 4174 habet

199 4192 232 4244 di
244 4199 323 4244 ector.
361 4188 421 4240 Mr.

232 4196 243 4245 l
270 4276 369 4330 eosque
392 4266 487 4312 nutum
510 4257 594 4312 illius
621 4256 758 4312 intuentis
776 4259 929 4326 diligenter
951 4257 1145 4328 viterbiense]
1181 4261 1283 4328 „Quid
1304 4263 1356 4316 uid

198 4335 271 4388 bens
288 4335 323 4385 fit
340 4329 420 4383 hisce
437 4331 676 4403 disputationibus
694 4328 725 4380 in
744 4331 850 4383 nostris
863 4332 1118 4398 emendationibus,
1139 4281 1355 4389 rescribendum

199 4403 421 4482 diligentissimo
439 4405 469 4457 P.
488 4402 632 4458 Pretorio:
665 4421 682 4455 a
701 4419 757 4471 quo
777 4411 806 4456 et
823 4401 903 4457 hunc
919 4404 1017 4458 locum
1036 4405 1208 4476 recepimus,
1238 4413 1320 4461 utet
1338 4423 1354 4461 a
