<?xml version="1.0" encoding="UTF-8"?>
<!DOCTYPE html PUBLIC "-//W3C//DTD XHTML 1.0 Transitional//EN"
    "http://www.w3.org/TR/xhtml1/DTD/xhtml1-transitional.dtd">
<html xmlns="http://www.w3.org/1999/xhtml" xml:lang="en" lang="en">
 <head>
  <title>
</title>
<meta http-equiv="Content-Type" content="text/html;charset=utf-8" />
  <meta name='ocr-system' content='tesseract 3.04.00' />
  <meta name='ocr-capabilities' content='ocr_page ocr_carea ocr_par ocr_line ocrx_word'/>
</head>
<body>
  <div class='ocr_page' id='page_1' title='image "./mtulliiciceroni02davigoog/mtulliiciceroni02davigoog_0010.png"; bbox 0 0 2856 5084; ppageno 0'>
   <div class='ocr_carea' id='block_1_1' title="bbox 129 435 1281 749">
    <p class='ocr_par' dir='ltr' id='par_1_1' title="bbox 129 435 1281 749">
     <span class='ocr_line' id='line_1_1' title="bbox 129 435 1281 581; baseline -0.001 -11"><span class='ocrx_word' id='word_1_1' title='bbox 129 494 394 581; x_wconf 77' lang='lat' dir='ltr'><strong>cromerus</strong></span> <span class='ocrx_word' id='word_1_2' title='bbox 421 435 834 572; x_wconf 77' lang='lat' dir='ltr'><strong>ruscumumuu</strong></span> <span class='ocrx_word' id='word_1_3' title='bbox 857 487 1281 570; x_wconf 73' lang='lat' dir='ltr'><strong>ursrmorlouuu</strong></span> 
     </span>
     <span class='ocr_line' id='line_1_2' title="bbox 337 623 1159 749; baseline -0.006 -43"><span class='ocrx_word' id='word_1_4' title='bbox 337 632 474 749; x_wconf 78' lang='lat' dir='ltr'><strong>maur</strong></span> <span class='ocrx_word' id='word_1_5' title='bbox 500 632 678 714; x_wconf 76' lang='lat' dir='ltr'><strong>ouum</strong></span> <span class='ocrx_word' id='word_1_6' title='bbox 702 625 1074 703; x_wconf 66' lang='lat' dir='ltr'><strong>innumerum</strong></span> <span class='ocrx_word' id='word_1_7' title='bbox 1156 623 1159 628; x_wconf 85' lang='lat'>·</span> 
     </span>
    </p>
   </div>
   <div class='ocr_carea' id='block_1_2' title="bbox 539 799 871 819">
    <p class='ocr_par' dir='ltr' id='par_1_2' title="bbox 539 799 871 819">
     <span class='ocr_line' id='line_1_3' title="bbox 539 799 871 819; baseline -0.009 0"><span class='ocrx_word' id='word_1_8' title='bbox 539 799 871 819; x_wconf 58' lang='lat' dir='ltr'><strong>..a-...n-a-b-——nun—-d</strong></span> 
     </span>
    </p>
   </div>
   <div class='ocr_carea' id='block_1_3' title="bbox 87 898 1403 2982">
    <p class='ocr_par' dir='ltr' id='par_1_3' title="bbox 190 898 1286 1007">
     <span class='ocr_line' id='line_1_4' title="bbox 190 898 1286 1007; baseline -0.005 -14"><span class='ocrx_word' id='word_1_9' title='bbox 190 898 274 993; x_wconf 74' lang='lat' dir='ltr'><strong>Hic</strong></span> <span class='ocrx_word' id='word_1_10' title='bbox 291 932 366 995; x_wconf 85' lang='lat' dir='ltr'><strong>liber</strong></span> <span class='ocrx_word' id='word_1_11' title='bbox 384 937 416 992; x_wconf 89' lang='lat' dir='ltr'><strong>in</strong></span> <span class='ocrx_word' id='word_1_12' title='bbox 433 932 560 1004; x_wconf 76' lang='lat' dir='ltr'><strong>difficili,</strong></span> <span class='ocrx_word' id='word_1_13' title='bbox 585 931 634 992; x_wconf 86' lang='lat' dir='ltr'><strong>sed</strong></span> <span class='ocrx_word' id='word_1_14' title='bbox 709 938 741 992; x_wconf 82' lang='lat' dir='ltr'><strong>vi</strong></span> <span class='ocrx_word' id='word_1_15' title='bbox 758 940 790 992; x_wconf 86' lang='lat' dir='ltr'><strong>et</strong></span> <span class='ocrx_word' id='word_1_16' title='bbox 832 929 840 950; x_wconf 71' lang='lat'>⁸</span> <span class='ocrx_word' id='word_1_17' title='bbox 884 933 979 989; x_wconf 82' lang='lat' dir='ltr'><strong>issima</strong></span> <span class='ocrx_word' id='word_1_18' title='bbox 995 928 1180 1006; x_wconf 82' lang='lat' dir='ltr'><strong>philosopho,</strong></span> <span class='ocrx_word' id='word_1_19' title='bbox 1198 951 1286 1007; x_wconf 85' lang='lat' dir='ltr'><strong>quae·</strong></span> 
     </span>
    </p>

    <p class='ocr_par' dir='ltr' id='par_1_4' title="bbox 87 1005 1348 1989">
     <span class='ocr_line' id='line_1_5' title="bbox 87 1005 1323 1076; baseline -0.002 -14"><span class='ocrx_word' id='word_1_20' title='bbox 87 1007 93 1026; x_wconf 93' lang='lat'><em>&#39;</em></span> <span class='ocrx_word' id='word_1_21' title='bbox 130 1010 223 1064; x_wconf 71' lang='lat' dir='ltr'><strong>ctione</strong></span> <span class='ocrx_word' id='word_1_22' title='bbox 241 1020 383 1076; x_wconf 75' lang='lat' dir='ltr'><strong>versatur,</strong></span> <span class='ocrx_word' id='word_1_23' title='bbox 408 1010 481 1064; x_wconf 70' lang='lat' dir='ltr'><strong>sitne</strong></span> <span class='ocrx_word' id='word_1_24' title='bbox 498 1009 590 1063; x_wconf 71' lang='lat' dir='ltr'><strong>virtus</strong></span> <span class='ocrx_word' id='word_1_25' title='bbox 608 1009 646 1062; x_wconf 88' lang='lat' dir='ltr'><strong>ud</strong></span> <span class='ocrx_word' id='word_1_26' title='bbox 680 1013 742 1062; x_wconf 75' lang='lat' dir='ltr'><strong>cute</strong></span> <span class='ocrx_word' id='word_1_27' title='bbox 759 1007 837 1062; x_wconf 79' lang='lat' dir='ltr'><strong>vicen</strong></span> <span class='ocrx_word' id='word_1_28' title='bbox 859 1022 907 1060; x_wconf 81' lang='lat' dir='ltr'><strong>um</strong></span> <span class='ocrx_word' id='word_1_29' title='bbox 929 1021 960 1059; x_wconf 73' lang='lat' dir='ltr'><strong>ce</strong></span> <span class='ocrx_word' id='word_1_30' title='bbox 976 1005 1042 1074; x_wconf 77' lang='lat' dir='ltr'><strong>ipra</strong></span> <span class='ocrx_word' id='word_1_31' title='bbox 1059 1007 1209 1060; x_wconf 67' lang='lat' dir='ltr'><strong>comeatu?</strong></span> <span class='ocrx_word' id='word_1_32' title='bbox 1243 1007 1287 1060; x_wconf 85' lang='lat' dir='ltr'><strong>De</strong></span> <span class='ocrx_word' id='word_1_33' title='bbox 1321 1036 1323 1043; x_wconf 46' lang='grc' dir='ltr'><strong><em>ι</em></strong></span> 
     </span>
     <span class='ocr_line' id='line_1_6' title="bbox 131 1077 1288 1150; baseline -0.003 -17"><span class='ocrx_word' id='word_1_34' title='bbox 131 1097 164 1133; x_wconf 85' lang='lat' dir='ltr'><strong>ca</strong></span> <span class='ocrx_word' id='word_1_35' title='bbox 192 1081 355 1150; x_wconf 86' lang='lat' dir='ltr'><strong>disputatur</strong></span> <span class='ocrx_word' id='word_1_36' title='bbox 379 1081 475 1150; x_wconf 89' lang='lat' dir='ltr'><strong>primo</strong></span> <span class='ocrx_word' id='word_1_37' title='bbox 502 1079 775 1133; x_wconf 87' lang='lat' dir='ltr'><strong>mathematicorum</strong></span> <span class='ocrx_word' id='word_1_38' title='bbox 798 1093 879 1131; x_wconf 83' lang='lat' dir='ltr'><strong>more</strong></span> <span class='ocrx_word' id='word_1_39' title='bbox 902 1077 1042 1143; x_wconf 86' lang='lat' dir='ltr'><strong>breviter,</strong></span> <span class='ocrx_word' id='word_1_40' title='bbox 1074 1077 1178 1131; x_wconf 86' lang='lat' dir='ltr'><strong>deinde</strong></span> <span class='ocrx_word' id='word_1_41' title='bbox 1194 1078 1288 1130; x_wconf 83' lang='lat' dir='ltr'><strong>fusius</strong></span> 
     </span>
     <span class='ocr_line' id='line_1_7' title="bbox 131 1145 1288 1222; baseline -0.001 -20"><span class='ocrx_word' id='word_1_42' title='bbox 131 1167 212 1204; x_wconf 88' lang='lat' dir='ltr'><strong>more</strong></span> <span class='ocrx_word' id='word_1_43' title='bbox 229 1150 481 1221; x_wconf 87' lang='lat' dir='ltr'><strong>philosophorum.</strong></span> <span class='ocrx_word' id='word_1_44' title='bbox 523 1152 598 1209; x_wconf 86' lang='lat' dir='ltr'><strong>Nam</strong></span> <span class='ocrx_word' id='word_1_45' title='bbox 624 1147 863 1219; x_wconf 81' lang='lat' dir='ltr'><strong>quemadmodum</strong></span> <span class='ocrx_word' id='word_1_46' title='bbox 880 1155 1055 1222; x_wconf 77' lang='lat' dir='ltr'><strong>geometrae,</strong></span> <span class='ocrx_word' id='word_1_47' title='bbox 1082 1165 1150 1201; x_wconf 90' lang='lat' dir='ltr'><strong>cum</strong></span> <span class='ocrx_word' id='word_1_48' title='bbox 1173 1145 1288 1217; x_wconf 81' lang='lat' dir='ltr'><strong>aliquid</strong></span> 
     </span>
     <span class='ocr_line' id='line_1_8' title="bbox 131 1217 1289 1290; baseline -0.002 -18"><span class='ocrx_word' id='word_1_49' title='bbox 131 1221 235 1274; x_wconf 88' lang='lat' dir='ltr'><strong>docere</strong></span> <span class='ocrx_word' id='word_1_50' title='bbox 253 1217 410 1284; x_wconf 59' lang='lat' dir='ltr'><strong>volunt„si</strong></span> <span class='ocrx_word' id='word_1_51' title='bbox 429 1220 499 1290; x_wconf 85' lang='lat' dir='ltr'><strong>quid</strong></span> <span class='ocrx_word' id='word_1_52' title='bbox 516 1221 552 1273; x_wconf 84' lang='lat' dir='ltr'><strong>ad</strong></span> <span class='ocrx_word' id='word_1_53' title='bbox 570 1237 632 1273; x_wconf 84' lang='lat' dir='ltr'><strong>eam</strong></span> <span class='ocrx_word' id='word_1_54' title='bbox 650 1237 713 1273; x_wconf 88' lang='lat' dir='ltr'><strong>rem</strong></span> <span class='ocrx_word' id='word_1_55' title='bbox 730 1219 860 1290; x_wconf 76' lang='lat' dir='ltr'><strong>pertinet</strong></span> <span class='ocrx_word' id='word_1_56' title='bbox 878 1233 989 1283; x_wconf 87' lang='lat' dir='ltr'><strong>eorum,</strong></span> <span class='ocrx_word' id='word_1_57' title='bbox 1048 1235 1080 1271; x_wconf 85' lang='lat' dir='ltr'><strong>ae</strong></span> <span class='ocrx_word' id='word_1_58' title='bbox 1098 1226 1165 1270; x_wconf 80' lang='lat' dir='ltr'><strong>ante</strong></span> <span class='ocrx_word' id='word_1_59' title='bbox 1183 1218 1289 1272; x_wconf 87' lang='lat' dir='ltr'><strong>docue-</strong></span> 
     </span>
     <span class='ocr_line' id='line_1_9' title="bbox 131 1287 1288 1374; baseline 0 -32"><span class='ocrx_word' id='word_1_60' title='bbox 131 1300 211 1357; x_wconf 85' lang='lat' dir='ltr'><strong>runt,</strong></span> <span class='ocrx_word' id='word_1_61' title='bbox 239 1292 269 1344; x_wconf 91' lang='lat' dir='ltr'><strong>id</strong></span> <span class='ocrx_word' id='word_1_62' title='bbox 293 1301 409 1343; x_wconf 88' lang='lat' dir='ltr'><strong>sumunt</strong></span> <span class='ocrx_word' id='word_1_63' title='bbox 431 1307 485 1374; x_wconf 85' lang='lat' dir='ltr'><strong>pro</strong></span> <span class='ocrx_word' id='word_1_64' title='bbox 512 1306 643 1344; x_wconf 89' lang='lat' dir='ltr'><strong>concesso</strong></span> <span class='ocrx_word' id='word_1_65' title='bbox 662 1298 692 1342; x_wconf 91' lang='lat' dir='ltr'><strong>et</strong></span> <span class='ocrx_word' id='word_1_66' title='bbox 709 1291 838 1360; x_wconf 81' lang='lat' dir='ltr'><strong>probato,</strong></span> <span class='ocrx_word' id='word_1_67' title='bbox 865 1287 940 1341; x_wconf 89' lang='lat' dir='ltr'><strong>illud</strong></span> <span class='ocrx_word' id='word_1_68' title='bbox 964 1306 994 1340; x_wconf 90' lang='lat' dir='ltr'><strong>m</strong></span> <span class='ocrx_word' id='word_1_69' title='bbox 1031 1288 1225 1358; x_wconf 86' lang='lat' dir='ltr'><strong>oexplicant,</strong></span> <span class='ocrx_word' id='word_1_70' title='bbox 1252 1289 1288 1342; x_wconf 81' lang='lat' dir='ltr'><strong>dc</strong></span> 
     </span>
     <span class='ocr_line' id='line_1_10' title="bbox 133 1359 1289 1431; baseline -0.002 -17"><span class='ocrx_word' id='word_1_71' title='bbox 133 1378 191 1428; x_wconf 85' lang='lat' dir='ltr'><strong>quo</strong></span> <span class='ocrx_word' id='word_1_72' title='bbox 209 1369 275 1414; x_wconf 87' lang='lat' dir='ltr'><strong>ante</strong></span> <span class='ocrx_word' id='word_1_73' title='bbox 293 1360 370 1412; x_wconf 89' lang='lat' dir='ltr'>nihil</span> <span class='ocrx_word' id='word_1_74' title='bbox 388 1369 528 1431; x_wconf 73' lang='lat' dir='ltr'><strong>scriptum</strong></span> <span class='ocrx_word' id='word_1_75' title='bbox 547 1362 600 1426; x_wconf 80' lang='lat' dir='ltr'><strong>sit3</strong></span> <span class='ocrx_word' id='word_1_76' title='bbox 628 1360 795 1430; x_wconf 84' lang='lat' dir='ltr'><strong>philosophi</strong></span> <span class='ocrx_word' id='word_1_77' title='bbox 813 1367 918 1423; x_wconf 84' lang='lat' dir='ltr'><strong>autam,</strong></span> <span class='ocrx_word' id='word_1_78' title='bbox 938 1377 1138 1428; x_wconf 85' lang='lat' dir='ltr'><strong>quamcunque</strong></span> <span class='ocrx_word' id='word_1_79' title='bbox 1155 1375 1220 1412; x_wconf 88' lang='lat' dir='ltr'><strong>rem</strong></span> <span class='ocrx_word' id='word_1_80' title='bbox 1236 1359 1289 1414; x_wconf 87' lang='lat' dir='ltr'><strong>ba-</strong></span> 
     </span>
     <span class='ocr_line' id='line_1_11' title="bbox 132 1429 1289 1503; baseline 0 -20"><span class='ocrx_word' id='word_1_81' title='bbox 132 1432 201 1484; x_wconf 88' lang='lat' dir='ltr'><strong>bent</strong></span> <span class='ocrx_word' id='word_1_82' title='bbox 221 1433 251 1483; x_wconf 91' lang='lat' dir='ltr'><strong>in</strong></span> <span class='ocrx_word' id='word_1_83' title='bbox 269 1433 408 1497; x_wconf 82' lang='lat' dir='ltr'><strong>manibus,</strong></span> <span class='ocrx_word' id='word_1_84' title='bbox 428 1432 459 1482; x_wconf 88' lang='lat' dir='ltr'><strong>in</strong></span> <span class='ocrx_word' id='word_1_85' title='bbox 478 1449 548 1494; x_wconf 86' lang='lat' dir='ltr'><strong>eam,</strong></span> <span class='ocrx_word' id='word_1_86' title='bbox 570 1448 641 1501; x_wconf 86' lang='lat' dir='ltr'><strong>quae</strong></span> <span class='ocrx_word' id='word_1_87' title='bbox 652 1432 837 1495; x_wconf 84' lang='lat' dir='ltr'><strong>conveniunt,</strong></span> <span class='ocrx_word' id='word_1_88' title='bbox 856 1438 1017 1503; x_wconf 81' lang='lat' dir='ltr'><strong>congerunt</strong></span> <span class='ocrx_word' id='word_1_89' title='bbox 1031 1431 1136 1495; x_wconf 90' lang='lat' dir='ltr'><strong>omnia,</strong></span> <span class='ocrx_word' id='word_1_90' title='bbox 1156 1430 1211 1482; x_wconf 86' lang='lat' dir='ltr'><strong>etsi</strong></span> <span class='ocrx_word' id='word_1_91' title='bbox 1229 1429 1289 1483; x_wconf 84' lang='lat' dir='ltr'><strong>alio</strong></span> 
     </span>
     <span class='ocr_line' id='line_1_12' title="bbox 126 1500 1289 1572; baseline 0 -18"><span class='ocrx_word' id='word_1_92' title='bbox 126 1501 197 1554; x_wconf 70' lang='lat' dir='ltr'><strong>⁴ioco</strong></span> <span class='ocrx_word' id='word_1_93' title='bbox 215 1503 358 1572; x_wconf 88' lang='lat' dir='ltr'><strong>disputata</strong></span> <span class='ocrx_word' id='word_1_94' title='bbox 376 1511 458 1566; x_wconf 75' lang='lat' dir='ltr'><strong>sunt3</strong></span> <span class='ocrx_word' id='word_1_95' title='bbox 478 1503 519 1555; x_wconf 87' lang='lat' dir='ltr'><strong>sic</strong></span> <span class='ocrx_word' id='word_1_96' title='bbox 531 1502 632 1554; x_wconf 89' lang='lat' dir='ltr'><strong>Cicero</strong></span> <span class='ocrx_word' id='word_1_97' title='bbox 651 1502 746 1571; x_wconf 85' lang='lat' dir='ltr'><strong>primo</strong></span> <span class='ocrx_word' id='word_1_98' title='bbox 766 1519 802 1554; x_wconf 80' lang='lat' dir='ltr'><strong>ex</strong></span> <span class='ocrx_word' id='word_1_99' title='bbox 821 1502 866 1565; x_wconf 90' lang='lat' dir='ltr'><strong>iis,</strong></span> <span class='ocrx_word' id='word_1_100' title='bbox 885 1517 957 1569; x_wconf 85' lang='lat' dir='ltr'><strong>quae</strong></span> <span class='ocrx_word' id='word_1_101' title='bbox 975 1501 1172 1571; x_wconf 80' lang='lat' dir='ltr'><strong>superioribus</strong></span> <span class='ocrx_word' id='word_1_102' title='bbox 1191 1500 1289 1554; x_wconf 82' lang='lat' dir='ltr'><strong>diebus</strong></span> 
     </span>
     <span class='ocr_line' id='line_1_13' title="bbox 132 1570 1348 1642; baseline 0.001 -18"><span class='ocrx_word' id='word_1_103' title='bbox 132 1572 299 1642; x_wconf 80' lang='lat' dir='ltr'><strong>disputaret,</strong></span> <span class='ocrx_word' id='word_1_104' title='bbox 319 1573 438 1625; x_wconf 87' lang='lat' dir='ltr'><strong>coniicit</strong></span> <span class='ocrx_word' id='word_1_105' title='bbox 456 1573 497 1635; x_wconf 88' lang='lat' dir='ltr'><strong>id,</strong></span> <span class='ocrx_word' id='word_1_106' title='bbox 530 1571 606 1639; x_wconf 88' lang='lat' dir='ltr'><strong>quod</strong></span> <span class='ocrx_word' id='word_1_107' title='bbox 625 1573 789 1639; x_wconf 64' lang='lat' dir='ltr'><strong>quaer-itum</strong></span> <span class='ocrx_word' id='word_1_108' title='bbox 809 1570 912 1624; x_wconf 88' lang='lat' dir='ltr'><strong>deinde</strong></span> <span class='ocrx_word' id='word_1_109' title='bbox 930 1587 999 1623; x_wconf 79' lang='lat' dir='ltr'><strong>vero</strong></span> <span class='ocrx_word' id='word_1_110' title='bbox 1018 1572 1060 1624; x_wconf 86' lang='lat' dir='ltr'><strong>ita</strong></span> <span class='ocrx_word' id='word_1_111' title='bbox 1077 1571 1112 1628; x_wconf 87' lang='lat' dir='ltr'><strong>de</strong></span> <span class='ocrx_word' id='word_1_112' title='bbox 1129 1571 1185 1625; x_wconf 76' lang='lat' dir='ltr'><strong>hac&#39;</strong></span> <span class='ocrx_word' id='word_1_113' title='bbox 1203 1588 1290 1641; x_wconf 88' lang='lat' dir='ltr'><strong>qnae·</strong></span> <span class='ocrx_word' id='word_1_114' title='bbox 1345 1592 1348 1596; x_wconf 89' lang='lat'>·</span> 
     </span>
     <span class='ocr_line' id='line_1_14' title="bbox 133 1640 1291 1764; baseline 0.002 -71"><span class='ocrx_word' id='word_1_115' title='bbox 133 1643 226 1697; x_wconf 85' lang='lat' dir='ltr'><strong>stione</strong></span> <span class='ocrx_word' id='word_1_116' title='bbox 244 1643 378 1712; x_wconf 80' lang='lat' dir='ltr'><strong>disputat,</strong></span> <span class='ocrx_word' id='word_1_117' title='bbox 398 1646 535 1713; x_wconf 75' lang='lat' dir='ltr'><strong>tanquam</strong></span> <span class='ocrx_word' id='word_1_118' title='bbox 554 1641 754 1764; x_wconf 68' lang='lat' dir='ltr'><strong>superioribus</strong></span> <span class='ocrx_word' id='word_1_119' title='bbox 767 1641 864 1694; x_wconf 90' lang='lat' dir='ltr'><strong>diebus</strong></span> <span class='ocrx_word' id='word_1_120' title='bbox 882 1640 928 1691; x_wconf 91' lang='lat' dir='ltr'><strong>nil</strong></span> <span class='ocrx_word' id='word_1_121' title='bbox 942 1649 1016 1695; x_wconf 80' lang='lat' dir='ltr'><strong>esset</strong></span> <span class='ocrx_word' id='word_1_122' title='bbox 1034 1641 1203 1712; x_wconf 88' lang='lat' dir='ltr'><strong>disputando</strong></span> <span class='ocrx_word' id='word_1_123' title='bbox 1222 1658 1291 1696; x_wconf 88' lang='lat' dir='ltr'><strong>con-</strong></span> 
     </span>
     <span class='ocr_line' id='line_1_15' title="bbox 132 1711 1291 1782; baseline 0.002 -18"><span class='ocrx_word' id='word_1_124' title='bbox 132 1714 253 1765; x_wconf 82' lang='lat' dir='ltr'><strong>fectum</strong></span> <span class='ocrx_word' id='word_1_125' title='bbox 289 1715 364 1766; x_wconf 90' lang='lat' dir='ltr'><strong>Nam</strong></span> <span class='ocrx_word' id='word_1_126' title='bbox 381 1714 478 1782; x_wconf 88' lang='lat' dir='ltr'><strong>primo</strong></span> <span class='ocrx_word' id='word_1_127' title='bbox 498 1720 579 1765; x_wconf 87' lang='lat' dir='ltr'><strong>osten</strong></span> <span class='ocrx_word' id='word_1_128' title='bbox 600 1713 624 1763; x_wconf 92' lang='lat' dir='ltr'><strong>it</strong></span> <span class='ocrx_word' id='word_1_129' title='bbox 640 1712 779 1777; x_wconf 80' lang='lat' dir='ltr'><strong>breviter,</strong></span> <span class='ocrx_word' id='word_1_130' title='bbox 806 1711 830 1763; x_wconf 85' lang='lat' dir='ltr'><strong>si</strong></span> <span class='ocrx_word' id='word_1_131' title='bbox 854 1711 965 1781; x_wconf 80' lang='lat' dir='ltr'><strong>sapiens</strong></span> <span class='ocrx_word' id='word_1_132' title='bbox 990 1712 1121 1765; x_wconf 86' lang='lat' dir='ltr'><strong>omnibus</strong></span> <span class='ocrx_word' id='word_1_133' title='bbox 1138 1713 1291 1782; x_wconf 87' lang='lat' dir='ltr'><strong>perturba-</strong></span> 
     </span>
     <span class='ocr_line' id='line_1_16' title="bbox 133 1783 1291 1852; baseline 0 -17"><span class='ocrx_word' id='word_1_134' title='bbox 133 1784 261 1837; x_wconf 82' lang='lat' dir='ltr'><strong>tionibus</strong></span> <span class='ocrx_word' id='word_1_135' title='bbox 278 1785 355 1835; x_wconf 88' lang='lat' dir='ltr'><strong>liber</strong></span> <span class='ocrx_word' id='word_1_136' title='bbox 373 1784 420 1848; x_wconf 86' lang='lat' dir='ltr'><strong>sit,</strong></span> <span class='ocrx_word' id='word_1_137' title='bbox 439 1801 498 1836; x_wconf 92' lang='lat' dir='ltr'><strong>non</strong></span> <span class='ocrx_word' id='word_1_138' title='bbox 515 1799 596 1852; x_wconf 88' lang='lat' dir='ltr'><strong>posse</strong></span> <span class='ocrx_word' id='word_1_139' title='bbox 614 1799 673 1835; x_wconf 90' lang='lat' dir='ltr'><strong>non</strong></span> <span class='ocrx_word' id='word_1_140' title='bbox 690 1784 804 1835; x_wconf 89' lang='lat' dir='ltr'><strong>beatum</strong></span> <span class='ocrx_word' id='word_1_141' title='bbox 818 1783 980 1852; x_wconf 78' lang='lat' dir='ltr'><strong>¹sapientem</strong></span> <span class='ocrx_word' id='word_1_142' title='bbox 998 1799 1067 1848; x_wconf 83' lang='lat' dir='ltr'><strong>esse,</strong></span> <span class='ocrx_word' id='word_1_143' title='bbox 1092 1784 1169 1852; x_wconf 84' lang='lat' dir='ltr'><strong>quod</strong></span> <span class='ocrx_word' id='word_1_144' title='bbox 1185 1784 1238 1852; x_wconf 83' lang='lat' dir='ltr'><strong>qui</strong></span> <span class='ocrx_word' id='word_1_145' title='bbox 1256 1783 1291 1835; x_wconf 92' lang='lat' dir='ltr'><strong>in</strong></span> 
     </span>
     <span class='ocr_line' id='line_1_17' title="bbox 134 1852 1291 1923; baseline 0.001 -18"><span class='ocrx_word' id='word_1_146' title='bbox 134 1854 169 1905; x_wconf 89' lang='lat' dir='ltr'><strong>iis</strong></span> <span class='ocrx_word' id='word_1_147' title='bbox 188 1855 255 1917; x_wconf 90' lang='lat' dir='ltr'><strong>sint,</strong></span> <span class='ocrx_word' id='word_1_148' title='bbox 275 1854 374 1906; x_wconf 87' lang='lat' dir='ltr'><strong>miseri</strong></span> <span class='ocrx_word' id='word_1_149' title='bbox 393 1854 452 1906; x_wconf 90' lang='lat' dir='ltr'><strong>sint</strong></span> <span class='ocrx_word' id='word_1_150' title='bbox 470 1852 639 1906; x_wconf 86' lang='lat' dir='ltr'><strong>necessario.</strong></span> <span class='ocrx_word' id='word_1_151' title='bbox 677 1853 778 1918; x_wconf 83' lang='lat' dir='ltr'><strong>Quare,</strong></span> <span class='ocrx_word' id='word_1_152' title='bbox 797 1868 863 1912; x_wconf 83' lang='lat' dir='ltr'><strong>cum</strong></span> <span class='ocrx_word' id='word_1_153' title='bbox 879 1852 975 1904; x_wconf 82' lang='lat' dir='ltr'><strong>virtus</strong></span> <span class='ocrx_word' id='word_1_154' title='bbox 992 1871 1009 1905; x_wconf 91' lang='lat' dir='ltr'><strong>a</strong></span> <span class='ocrx_word' id='word_1_155' title='bbox 1024 1854 1291 1923; x_wconf 78' lang='lat' dir='ltr'><strong>perturbationibus</strong></span> 
     </span>
     <span class='ocr_line' id='line_1_18' title="bbox 134 1922 1289 1989; baseline 0.001 -13"><span class='ocrx_word' id='word_1_156' title='bbox 134 1925 195 1979; x_wconf 89' lang='lat' dir='ltr'><strong>sola</strong></span> <span class='ocrx_word' id='word_1_157' title='bbox 219 1925 335 1989; x_wconf 88' lang='lat' dir='ltr'><strong>liberet,</strong></span> <span class='ocrx_word' id='word_1_158' title='bbox 361 1922 503 1977; x_wconf 86' lang='lat' dir='ltr'><strong>virtutem</strong></span> <span class='ocrx_word' id='word_1_159' title='bbox 529 1922 689 1976; x_wconf 89' lang='lat' dir='ltr'><strong>necessario</strong></span> <span class='ocrx_word' id='word_1_160' title='bbox 722 1923 811 1976; x_wconf 83' lang='lat' dir='ltr'><strong>sclam</strong></span> <span class='ocrx_word' id='word_1_161' title='bbox 840 1922 956 1975; x_wconf 89' lang='lat' dir='ltr'><strong>beatum</strong></span> <span class='ocrx_word' id='word_1_162' title='bbox 981 1922 1130 1976; x_wconf 89' lang='lat' dir='ltr'><strong>hominem</strong></span> <span class='ocrx_word' id='word_1_163' title='bbox 1162 1925 1289 1977; x_wconf 82' lang='lat' dir='ltr'><strong>efficere.</strong></span> 
     </span>
    </p>

    <p class='ocr_par' dir='ltr' id='par_1_5' title="bbox 136 1993 1292 2065">
     <span class='ocr_line' id='line_1_19' title="bbox 136 1993 1292 2065; baseline 0.001 -18"><span class='ocrx_word' id='word_1_164' title='bbox 136 2013 160 2047; x_wconf 89' lang='lat' dir='ltr'><strong>c.</strong></span> <span class='ocrx_word' id='word_1_165' title='bbox 181 1997 207 2051; x_wconf 76' lang='grc' dir='ltr'><strong>ὅ.</strong></span> <span class='ocrx_word' id='word_1_166' title='bbox 227 1998 254 2050; x_wconf 85' lang='grc'><strong>6.</strong></span> <span class='ocrx_word' id='word_1_167' title='bbox 271 2057 274 2062; x_wconf 42' lang='grc'><strong>,</strong></span> <span class='ocrx_word' id='word_1_168' title='bbox 290 1995 324 2046; x_wconf 91' lang='lat' dir='ltr'><strong>ln</strong></span> <span class='ocrx_word' id='word_1_169' title='bbox 344 2010 399 2062; x_wconf 84' lang='lat' dir='ltr'><strong>quo</strong></span> <span class='ocrx_word' id='word_1_170' title='bbox 422 1994 611 2065; x_wconf 86' lang='lat' dir='ltr'><strong>reprehendit</strong></span> <span class='ocrx_word' id='word_1_171' title='bbox 634 2001 763 2047; x_wconf 81' lang='lat' dir='ltr'><strong>veterem</strong></span> <span class='ocrx_word' id='word_1_172' title='bbox 781 1993 1020 2046; x_wconf 80' lang='lat' dir='ltr'><strong>Academicorum</strong></span> <span class='ocrx_word' id='word_1_173' title='bbox 1038 2003 1067 2047; x_wconf 91' lang='lat' dir='ltr'><strong>et</strong></span> <span class='ocrx_word' id='word_1_174' title='bbox 1084 1995 1292 2064; x_wconf 87' lang='lat' dir='ltr'><strong>Peripatetico·</strong></span> 
     </span>
    </p>

    <p class='ocr_par' dir='ltr' id='par_1_6' title="bbox 134 2064 1292 2268">
     <span class='ocr_line' id='line_1_20' title="bbox 134 2064 1292 2140; baseline 0.001 -24"><span class='ocrx_word' id='word_1_175' title='bbox 134 2081 201 2116; x_wconf 86' lang='lat' dir='ltr'><strong>rum</strong></span> <span class='ocrx_word' id='word_1_176' title='bbox 227 2065 459 2130; x_wconf 85' lang='lat' dir='ltr'><strong>inconstantiam,</strong></span> <span class='ocrx_word' id='word_1_177' title='bbox 487 2065 549 2134; x_wconf 84' lang='lat' dir='ltr'><strong>qui,</strong></span> <span class='ocrx_word' id='word_1_178' title='bbox 581 2081 648 2116; x_wconf 90' lang='lat' dir='ltr'><strong>cum</strong></span> <span class='ocrx_word' id='word_1_179' title='bbox 671 2064 731 2116; x_wconf 89' lang='lat' dir='ltr'><strong>tria</strong></span> <span class='ocrx_word' id='word_1_180' title='bbox 752 2081 858 2140; x_wconf 74' lang='lat' dir='ltr'><strong>genera</strong></span> <span class='ocrx_word' id='word_1_181' title='bbox 882 2064 1023 2117; x_wconf 90' lang='lat' dir='ltr'><strong>bonorum</strong></span> <span class='ocrx_word' id='word_1_182' title='bbox 1048 2066 1169 2130; x_wconf 86' lang='lat' dir='ltr'><strong>faciant,</strong></span> <span class='ocrx_word' id='word_1_183' title='bbox 1199 2065 1292 2118; x_wconf 79' lang='lat' dir='ltr'><strong>solam</strong></span> 
     </span>
     <span class='ocr_line' id='line_1_21' title="bbox 135 2134 1292 2201; baseline 0.003 -15"><span class='ocrx_word' id='word_1_184' title='bbox 135 2144 233 2188; x_wconf 87' lang='lat' dir='ltr'><strong>tamen</strong></span> <span class='ocrx_word' id='word_1_185' title='bbox 250 2135 391 2188; x_wconf 79' lang='lat' dir='ltr'><strong>virtutem</strong></span> <span class='ocrx_word' id='word_1_186' title='bbox 410 2136 508 2188; x_wconf 88' lang='lat' dir='ltr'><strong>dicant</strong></span> <span class='ocrx_word' id='word_1_187' title='bbox 534 2135 677 2199; x_wconf 80' lang='lat' dir='ltr'><strong>sufficere,</strong></span> <span class='ocrx_word' id='word_1_188' title='bbox 702 2136 757 2187; x_wconf 90' lang='lat' dir='ltr'><strong>etsi</strong></span> <span class='ocrx_word' id='word_1_189' title='bbox 781 2134 892 2187; x_wconf 75' lang='lat' dir='ltr'><strong>notiad</strong></span> <span class='ocrx_word' id='word_1_190' title='bbox 908 2135 1111 2201; x_wconf 87' lang='lat' dir='ltr'><strong>beatissimam,</strong></span> <span class='ocrx_word' id='word_1_191' title='bbox 1139 2144 1237 2188; x_wconf 87' lang='lat' dir='ltr'><strong>tamen</strong></span> <span class='ocrx_word' id='word_1_192' title='bbox 1255 2135 1292 2189; x_wconf 82' lang='lat' dir='ltr'><strong>ad</strong></span> 
     </span>
     <span class='ocr_line' id='line_1_22' title="bbox 134 2205 1292 2268; baseline 0.001 -12"><span class='ocrx_word' id='word_1_193' title='bbox 134 2205 245 2258; x_wconf 85' lang='lat' dir='ltr'><strong>beatam</strong></span> <span class='ocrx_word' id='word_1_194' title='bbox 262 2206 362 2257; x_wconf 79' lang='lat' dir='ltr'><strong>vitam.</strong></span> <span class='ocrx_word' id='word_1_195' title='bbox 382 2223 406 2261; x_wconf 93' lang='lat' dir='ltr'><strong>c.</strong></span> <span class='ocrx_word' id='word_1_196' title='bbox 422 2209 538 2264; x_wconf 76' lang='lat'><strong>,7-13.</strong></span> <span class='ocrx_word' id='word_1_197' title='bbox 575 2205 685 2258; x_wconf 89' lang='lat' dir='ltr'><strong>Deinde</strong></span> <span class='ocrx_word' id='word_1_198' title='bbox 703 2205 803 2257; x_wconf 89' lang='lat' dir='ltr'><strong>multis</strong></span> <span class='ocrx_word' id='word_1_199' title='bbox 821 2213 885 2256; x_wconf 92' lang='lat' dir='ltr'><strong>tum</strong></span> <span class='ocrx_word' id='word_1_200' title='bbox 903 2222 936 2256; x_wconf 88' lang='lat' dir='ltr'><strong>ar</strong></span> <span class='ocrx_word' id='word_1_201' title='bbox 976 2205 1094 2268; x_wconf 85' lang='lat' dir='ltr'><strong>mentis,</strong></span> <span class='ocrx_word' id='word_1_202' title='bbox 1111 2213 1176 2256; x_wconf 85' lang='lat' dir='ltr'><strong>tum</strong></span> <span class='ocrx_word' id='word_1_203' title='bbox 1194 2221 1292 2257; x_wconf 87' lang='lat' dir='ltr'><strong>exem·</strong></span> 
     </span>
    </p>

    <p class='ocr_par' dir='ltr' id='par_1_7' title="bbox 133 2273 1403 2556">
     <span class='ocr_line' id='line_1_23' title="bbox 134 2273 1292 2346; baseline 0.001 -20"><span class='ocrx_word' id='word_1_204' title='bbox 134 2276 192 2346; x_wconf 84' lang='lat' dir='ltr'><strong>plis</strong></span> <span class='ocrx_word' id='word_1_205' title='bbox 209 2276 360 2328; x_wconf 90' lang='lat' dir='ltr'><strong>hominum</strong></span> <span class='ocrx_word' id='word_1_206' title='bbox 380 2284 409 2329; x_wconf 89' lang='lat' dir='ltr'><strong>et</strong></span> <span class='ocrx_word' id='word_1_207' title='bbox 425 2277 600 2330; x_wconf 79' lang='lat' dir='ltr'><strong>vitiosorum</strong></span> <span class='ocrx_word' id='word_1_208' title='bbox 618 2283 648 2327; x_wconf 90' lang='lat' dir='ltr'><strong>et</strong></span> <span class='ocrx_word' id='word_1_209' title='bbox 674 2277 794 2329; x_wconf 81' lang='lat' dir='ltr'><strong>virtutis</strong></span> <span class='ocrx_word' id='word_1_210' title='bbox 818 2274 903 2327; x_wconf 86' lang='lat' dir='ltr'><strong>laude</strong></span> <span class='ocrx_word' id='word_1_211' title='bbox 926 2275 936 2325; x_wconf 93' lang='lat' dir='ltr'><strong>i</strong></span> <span class='ocrx_word' id='word_1_212' title='bbox 963 2274 1088 2326; x_wconf 81' lang='lat' dir='ltr'><strong>ustrium</strong></span> <span class='ocrx_word' id='word_1_213' title='bbox 1105 2273 1292 2341; x_wconf 86' lang='lat' dir='ltr'><strong>demonstrat,</strong></span> 
     </span>
     <span class='ocr_line' id='line_1_24' title="bbox 136 2344 1403 2414; baseline -0.002 -16"><span class='ocrx_word' id='word_1_214' title='bbox 136 2347 279 2399; x_wconf 81' lang='lat' dir='ltr'><strong>virtutem</strong></span> <span class='ocrx_word' id='word_1_215' title='bbox 298 2347 415 2398; x_wconf 87' lang='lat' dir='ltr'><strong>efficere</strong></span> <span class='ocrx_word' id='word_1_216' title='bbox 437 2345 587 2399; x_wconf 87' lang='lat' dir='ltr'><strong>hominem</strong></span> <span class='ocrx_word' id='word_1_217' title='bbox 608 2362 666 2397; x_wconf 89' lang='lat' dir='ltr'><strong>non</strong></span> <span class='ocrx_word' id='word_1_218' title='bbox 684 2347 778 2398; x_wconf 85' lang='lat' dir='ltr'><strong>solum</strong></span> <span class='ocrx_word' id='word_1_219' title='bbox 795 2345 920 2410; x_wconf 89' lang='lat' dir='ltr'><strong>beatum,</strong></span> <span class='ocrx_word' id='word_1_220' title='bbox 946 2345 1023 2414; x_wconf 88' lang='lat' dir='ltr'><strong>quod</strong></span> <span class='ocrx_word' id='word_1_221' title='bbox 1042 2353 1083 2396; x_wconf 86' lang='lat' dir='ltr'><strong>cst</strong></span> <span class='ocrx_word' id='word_1_222' title='bbox 1101 2344 1293 2398; x_wconf 78' lang='lat' dir='ltr'><strong>Stoiciscum</strong></span> <span class='ocrx_word' id='word_1_223' title='bbox 1394 2387 1403 2396; x_wconf 80' lang='grc'><strong><em>,</em></strong></span> 
     </span>
     <span class='ocr_line' id='line_1_25' title="bbox 136 2415 1389 2486; baseline -0.001 -18"><span class='ocrx_word' id='word_1_224' title='bbox 136 2415 305 2468; x_wconf 82' lang='lat' dir='ltr'><strong>Academiae</strong></span> <span class='ocrx_word' id='word_1_225' title='bbox 328 2417 436 2468; x_wconf 86' lang='lat' dir='ltr'><strong>veteris</strong></span> <span class='ocrx_word' id='word_1_226' title='bbox 461 2415 640 2486; x_wconf 87' lang='lat' dir='ltr'><strong>pbilosophis</strong></span> <span class='ocrx_word' id='word_1_227' title='bbox 669 2426 698 2469; x_wconf 91' lang='lat' dir='ltr'><strong>et</strong></span> <span class='ocrx_word' id='word_1_228' title='bbox 724 2415 924 2485; x_wconf 87' lang='lat' dir='ltr'><strong>Peripateticis</strong></span> <span class='ocrx_word' id='word_1_229' title='bbox 949 2431 1112 2478; x_wconf 87' lang='lat' dir='ltr'><strong>commune,</strong></span> <span class='ocrx_word' id='word_1_230' title='bbox 1139 2415 1293 2481; x_wconf 85' lang='lat' dir='ltr'><strong>sedetiam</strong></span> <span class='ocrx_word' id='word_1_231' title='bbox 1385 2462 1389 2467; x_wconf 88' lang='lat'>.</span> 
     </span>
     <span class='ocr_line' id='line_1_26' title="bbox 133 2485 1294 2556; baseline 0 -17"><span class='ocrx_word' id='word_1_232' title='bbox 133 2487 184 2550; x_wconf 71' lang='lat' dir='ltr'><strong>rel</strong></span> <span class='ocrx_word' id='word_1_233' title='bbox 202 2487 235 2539; x_wconf 88' lang='lat' dir='ltr'><strong>in</strong></span> <span class='ocrx_word' id='word_1_234' title='bbox 253 2487 385 2539; x_wconf 88' lang='lat' dir='ltr'><strong>cruciatu</strong></span> <span class='ocrx_word' id='word_1_235' title='bbox 405 2495 433 2538; x_wconf 90' lang='lat' dir='ltr'><strong>et</strong></span> <span class='ocrx_word' id='word_1_236' title='bbox 451 2487 604 2540; x_wconf 85' lang='lat' dir='ltr'><strong>tormentis</strong></span> <span class='ocrx_word' id='word_1_237' title='bbox 621 2487 831 2548; x_wconf 84' lang='lat' dir='ltr'><strong>beatissimum:</strong></span> <span class='ocrx_word' id='word_1_238' title='bbox 857 2485 934 2556; x_wconf 80' lang='lat' dir='ltr'><strong>quod</strong></span> <span class='ocrx_word' id='word_1_239' title='bbox 954 2494 1054 2538; x_wconf 87' lang='lat' dir='ltr'><strong>contra</strong></span> <span class='ocrx_word' id='word_1_240' title='bbox 1077 2486 1180 2538; x_wconf 90' lang='lat' dir='ltr'><strong>dicunt</strong></span> <span class='ocrx_word' id='word_1_241' title='bbox 1197 2487 1294 2540; x_wconf 59' lang='lat' dir='ltr'><strong>Plato-¹</strong></span> 
     </span>
    </p>

    <p class='ocr_par' dir='ltr' id='par_1_8' title="bbox 135 2557 1386 2839">
     <span class='ocr_line' id='line_1_27' title="bbox 135 2557 1294 2628; baseline 0.002 -20"><span class='ocrx_word' id='word_1_242' title='bbox 135 2557 197 2609; x_wconf 90' lang='lat' dir='ltr'><strong>nici</strong></span> <span class='ocrx_word' id='word_1_243' title='bbox 217 2557 459 2628; x_wconf 69' lang='lat' dir='ltr'><strong>et&#39;Peripatetici,</strong></span> <span class='ocrx_word' id='word_1_244' title='bbox 494 2558 546 2627; x_wconf 85' lang='lat' dir='ltr'><strong>qui</strong></span> <span class='ocrx_word' id='word_1_245' title='bbox 570 2557 682 2610; x_wconf 83' lang='lat' dir='ltr'><strong>virtute</strong></span> <span class='ocrx_word' id='word_1_246' title='bbox 706 2557 823 2627; x_wconf 90' lang='lat' dir='ltr'><strong>quidem</strong></span> <span class='ocrx_word' id='word_1_247' title='bbox 845 2557 956 2609; x_wconf 83' lang='lat' dir='ltr'><strong>beatam</strong></span> <span class='ocrx_word' id='word_1_248' title='bbox 979 2557 1071 2608; x_wconf 81' lang='lat' dir='ltr'><strong>vitam</strong></span> <span class='ocrx_word' id='word_1_249' title='bbox 1096 2573 1156 2609; x_wconf 87' lang='lat' dir='ltr'><strong>esse</strong></span> <span class='ocrx_word' id='word_1_250' title='bbox 1175 2566 1294 2610; x_wconf 87' lang='lat' dir='ltr'><strong>conten-</strong></span> 
     </span>
     <span class='ocr_line' id='line_1_28' title="bbox 136 2625 1386 2698; baseline 0.002 -21"><span class='ocrx_word' id='word_1_251' title='bbox 136 2625 219 2692; x_wconf 90' lang='lat' dir='ltr'><strong>dunt,</strong></span> <span class='ocrx_word' id='word_1_252' title='bbox 243 2626 291 2680; x_wconf 87' lang='lat' dir='ltr'><strong>sed</strong></span> <span class='ocrx_word' id='word_1_253' title='bbox 310 2627 470 2681; x_wconf 89' lang='lat' dir='ltr'><strong>accessione</strong></span> <span class='ocrx_word' id='word_1_254' title='bbox 488 2628 629 2681; x_wconf 89' lang='lat' dir='ltr'><strong>bonorum</strong></span> <span class='ocrx_word' id='word_1_255' title='bbox 648 2629 777 2698; x_wconf 86' lang='lat' dir='ltr'><strong>corporis</strong></span> <span class='ocrx_word' id='word_1_256' title='bbox 800 2635 830 2679; x_wconf 84' lang='lat' dir='ltr'><strong>et</strong></span> <span class='ocrx_word' id='word_1_257' title='bbox 852 2629 988 2680; x_wconf 87' lang='lat' dir='ltr'><strong>fortunae</strong></span> <span class='ocrx_word' id='word_1_258' title='bbox 1006 2627 1072 2679; x_wconf 86' lang='lat' dir='ltr'><strong>fieri</strong></span> <span class='ocrx_word' id='word_1_259' title='bbox 1090 2626 1290 2680; x_wconf 87' lang='lat' dir='ltr'><strong>beatissimam.</strong></span> <span class='ocrx_word' id='word_1_260' title='bbox 1382 2633 1386 2640; x_wconf 84' lang='lat'><em>&#39;</em></span> 
     </span>
     <span class='ocr_line' id='line_1_29' title="bbox 137 2695 1293 2773; baseline 0.001 -22"><span class='ocrx_word' id='word_1_261' title='bbox 137 2715 162 2753; x_wconf 88' lang='lat' dir='ltr'><strong>c.</strong></span> <span class='ocrx_word' id='word_1_262' title='bbox 182 2701 313 2753; x_wconf 78' lang='lat'><strong>14-28.</strong></span> <span class='ocrx_word' id='word_1_263' title='bbox 351 2695 512 2751; x_wconf 73' lang='lat' dir='ltr'><strong>subiicitur</strong></span> <span class='ocrx_word' id='word_1_264' title='bbox 528 2699 644 2752; x_wconf 78' lang='lat' dir='ltr'><strong>tandem</strong></span> <span class='ocrx_word' id='word_1_265' title='bbox 662 2700 750 2773; x_wconf 80' lang='lat' dir='ltr'><strong>longa</strong></span> <span class='ocrx_word' id='word_1_266' title='bbox 771 2698 937 2768; x_wconf 80' lang='lat' dir='ltr'><strong>disputatio,</strong></span> <span class='ocrx_word' id='word_1_267' title='bbox 966 2715 1031 2765; x_wconf 83' lang='lat' dir='ltr'><strong>qua,</strong></span> <span class='ocrx_word' id='word_1_268' title='bbox 1059 2696 1146 2750; x_wconf 88' lang='lat' dir='ltr'><strong>initio</strong></span> <span class='ocrx_word' id='word_1_269' title='bbox 1164 2716 1179 2749; x_wconf 92' lang='lat' dir='ltr'><strong>a</strong></span> <span class='ocrx_word' id='word_1_270' title='bbox 1197 2697 1293 2752; x_wconf 85' lang='lat' dir='ltr'><strong>Plato-</strong></span> 
     </span>
     <span class='ocr_line' id='line_1_30' title="bbox 136 2768 1347 2839; baseline 0.002 -20"><span class='ocrx_word' id='word_1_271' title='bbox 136 2769 210 2820; x_wconf 90' lang='lat' dir='ltr'><strong>nicis</strong></span> <span class='ocrx_word' id='word_1_272' title='bbox 229 2777 258 2821; x_wconf 90' lang='lat' dir='ltr'><strong>et</strong></span> <span class='ocrx_word' id='word_1_273' title='bbox 275 2768 473 2838; x_wconf 85' lang='lat' dir='ltr'><strong>Peripateticis</strong></span> <span class='ocrx_word' id='word_1_274' title='bbox 490 2770 577 2835; x_wconf 82' lang='lat' dir='ltr'><strong>facto,</strong></span> <span class='ocrx_word' id='word_1_275' title='bbox 601 2769 772 2832; x_wconf 84' lang='lat' dir='ltr'><strong>ostenditur,</strong></span> <span class='ocrx_word' id='word_1_276' title='bbox 797 2768 938 2838; x_wconf 76' lang='lat' dir='ltr'><strong>quomodo</strong></span> <span class='ocrx_word' id='word_1_277' title='bbox 957 2768 1071 2837; x_wconf 91' lang='lat' dir='ltr'><strong>cui‘que,</strong></span> <span class='ocrx_word' id='word_1_278' title='bbox 1098 2769 1292 2839; x_wconf 78' lang='lat' dir='ltr'><strong>inprimisque</strong></span> <span class='ocrx_word' id='word_1_279' title='bbox 1339 2805 1347 2821; x_wconf 50' lang='lat' dir='ltr'><strong>i</strong></span> 
     </span>
    </p>

    <p class='ocr_par' dir='ltr' id='par_1_9' title="bbox 114 2838 1339 2982">
     <span class='ocr_line' id='line_1_31' title="bbox 114 2838 1339 2910; baseline -0.001 -18"><span class='ocrx_word' id='word_1_280' title='bbox 114 2889 120 2906; x_wconf 67' lang='lat'><strong>,</strong></span> <span class='ocrx_word' id='word_1_281' title='bbox 135 2839 308 2909; x_wconf 85' lang='lat' dir='ltr'><strong>Epicureae,</strong></span> <span class='ocrx_word' id='word_1_282' title='bbox 326 2838 361 2892; x_wconf 90' lang='lat' dir='ltr'><strong>de</strong></span> <span class='ocrx_word' id='word_1_283' title='bbox 380 2840 437 2892; x_wconf 85' lang='lat' dir='ltr'><strong>fine</strong></span> <span class='ocrx_word' id='word_1_284' title='bbox 455 2840 606 2905; x_wconf 88' lang='lat' dir='ltr'><strong>bonorum,</strong></span> <span class='ocrx_word' id='word_1_285' title='bbox 624 2840 782 2894; x_wconf 86' lang='lat' dir='ltr'><strong>sententiae</strong></span> <span class='ocrx_word' id='word_1_286' title='bbox 800 2847 1021 2894; x_wconf 85' lang='lat' dir='ltr'><strong>consentaneum</strong></span> <span class='ocrx_word' id='word_1_287' title='bbox 1039 2845 1132 2910; x_wconf 84' lang='lat' dir='ltr'><strong>putet,</strong></span> <span class='ocrx_word' id='word_1_288' title='bbox 1150 2840 1292 2910; x_wconf 82' lang='lat' dir='ltr'><strong>sapientes</strong></span> <span class='ocrx_word' id='word_1_289' title='bbox 1333 2877 1339 2891; x_wconf 47' lang='lat' dir='ltr'><strong>t</strong></span> 
     </span>
     <span class='ocr_line' id='line_1_32' title="bbox 136 2909 723 2982; baseline 0 -17"><span class='ocrx_word' id='word_1_290' title='bbox 136 2927 249 2982; x_wconf 81' lang='lat' dir='ltr'><strong>semper</strong></span> <span class='ocrx_word' id='word_1_291' title='bbox 264 2910 438 2964; x_wconf 82' lang='lat' dir='ltr'><strong>beatissimos</strong></span> <span class='ocrx_word' id='word_1_292' title='bbox 456 2909 563 2965; x_wconf 83' lang='lat' dir='ltr'><strong>dicere.</strong></span> <span class='ocrx_word' id='word_1_293' title='bbox 599 2910 671 2966; x_wconf 80' lang='lat' dir='ltr'><strong>Era.</strong></span> <span class='ocrx_word' id='word_1_294' title='bbox 712 2931 723 2941; x_wconf 82' lang='lat'>·</span> 
     </span>
    </p>
   </div>
   <div class='ocr_carea' id='block_1_4' title="bbox 383 3181 1374 3314">
    <p class='ocr_par' dir='ltr' id='par_1_10' title="bbox 383 3181 1374 3314">
     <span class='ocr_line' id='line_1_33' title="bbox 383 3181 1374 3314; baseline 0.022 -28"><span class='ocrx_word' id='word_1_295' title='bbox 383 3220 435 3288; x_wconf 79' lang='lat' dir='ltr'><strong>tu.</strong></span> <span class='ocrx_word' id='word_1_296' title='bbox 479 3220 689 3286; x_wconf 79' lang='lat' dir='ltr'><strong>runnu</strong></span> <span class='ocrx_word' id='word_1_297' title='bbox 714 3181 1042 3289; x_wconf 64' lang='lat' dir='ltr'><strong>&#39;emarchus</strong></span> <span class='ocrx_word' id='word_1_298' title='bbox 1289 3262 1374 3314; x_wconf 66' lang='lat' dir='ltr'><strong>,ns</strong></span> 
     </span>
    </p>
   </div>
   <div class='ocr_carea' id='block_1_5' title="bbox 135 3314 1344 3559">
    <p class='ocr_par' dir='ltr' id='par_1_11' title="bbox 135 3314 1344 3559">
     <span class='ocr_line' id='line_1_34' title="bbox 135 3314 1344 3484; baseline 0.005 -54"><span class='ocrx_word' id='word_1_299' title='bbox 135 3317 691 3484; x_wconf 71' lang='lat' dir='ltr'><strong>ruscuuauau&#39;uu</strong></span> <span class='ocrx_word' id='word_1_300' title='bbox 719 3314 1291 3437; x_wconf 77' lang='lat' dir='ltr'><strong>Disrumurouuu</strong></span> <span class='ocrx_word' id='word_1_301' title='bbox 1319 3337 1344 3372; x_wconf 69' lang='lat'><strong>²·</strong></span> 
     </span>
     <span class='ocr_line' id='line_1_35' title="bbox 545 3491 884 3559; baseline 0.015 -5"><span class='ocrx_word' id='word_1_302' title='bbox 545 3511 588 3554; x_wconf 80' lang='lat' dir='ltr'><strong>m</strong></span> <span class='ocrx_word' id='word_1_303' title='bbox 615 3491 665 3557; x_wconf 83' lang='grc' dir='ltr'><strong>Μ.</strong></span> <span class='ocrx_word' id='word_1_304' title='bbox 692 3493 884 3559; x_wconf 84' lang='lat' dir='ltr'>BRUTUM</span> 
     </span>
    </p>
   </div>
   <div class='ocr_carea' id='block_1_6' title="bbox 460 3596 974 3696">
    <p class='ocr_par' dir='ltr' id='par_1_12' title="bbox 460 3596 974 3696">
     <span class='ocr_line' id='line_1_36' title="bbox 460 3596 974 3696; baseline 0.004 -10"><span class='ocrx_word' id='word_1_305' title='bbox 460 3596 641 3686; x_wconf 78' lang='lat' dir='ltr'><strong>LIBER</strong></span> <span class='ocrx_word' id='word_1_306' title='bbox 689 3614 974 3696; x_wconf 81' lang='lat' dir='ltr'><strong>QUINTUS.</strong></span> 
     </span>
    </p>
   </div>
   <div class='ocr_carea' id='block_1_7' title="bbox 190 3735 1238 3907">
    <p class='ocr_par' dir='ltr' id='par_1_13' title="bbox 190 3735 1238 3907">
     <span class='ocr_line' id='line_1_37' title="bbox 190 3735 1238 3826; baseline 0.007 -13"><span class='ocrx_word' id='word_1_307' title='bbox 190 3742 449 3813; x_wconf 72' lang='lat' dir='ltr'><strong>mrum</strong></span> <span class='ocrx_word' id='word_1_308' title='bbox 474 3759 542 3826; x_wconf 73' lang='lat' dir='ltr'><strong>nn</strong></span> <span class='ocrx_word' id='word_1_309' title='bbox 570 3735 734 3818; x_wconf 69' lang='lat' dir='ltr'><strong>nuncu</strong></span> <span class='ocrx_word' id='word_1_310' title='bbox 757 3760 1017 3818; x_wconf 71' lang='lat' dir='ltr'><strong>munuum</strong></span> <span class='ocrx_word' id='word_1_311' title='bbox 1042 3759 1100 3820; x_wconf 77' lang='lat' dir='ltr'><strong>sn</strong></span> <span class='ocrx_word' id='word_1_312' title='bbox 1123 3761 1238 3820; x_wconf 64' lang='grc' dir='ltr'><strong>ιω</strong></span> 
     </span>
     <span class='ocr_line' id='line_1_38' title="bbox 491 3843 1004 3907; baseline 0.004 -5"><span class='ocrx_word' id='word_1_313' title='bbox 491 3843 604 3904; x_wconf 80' lang='lat' dir='ltr'><strong>ussn</strong></span> <span class='ocrx_word' id='word_1_314' title='bbox 627 3846 934 3907; x_wconf 72' lang='lat' dir='ltr'><strong>curruum.</strong></span> <span class='ocrx_word' id='word_1_315' title='bbox 1002 3849 1004 3855; x_wconf 71' lang='grc'>’</span> 
     </span>
    </p>
   </div>
   <div class='ocr_carea' id='block_1_8' title="bbox 94 3933 1333 4105">
    <p class='ocr_par' dir='ltr' id='par_1_14' title="bbox 94 3933 1333 4105">
     <span class='ocr_line' id='line_1_39' title="bbox 94 3933 1333 4105; baseline -0.005 -67"><span class='ocrx_word' id='word_1_316' title='bbox 94 4032 103 4043; x_wconf 71' lang='grc'><strong>.,</strong></span> <span class='ocrx_word' id='word_1_317' title='bbox 179 4018 184 4038; x_wconf 77' lang='grc'>,</span> <span class='ocrx_word' id='word_1_318' title='bbox 219 3933 364 4036; x_wconf 81' lang='lat' dir='ltr'><strong>Quintus</strong></span> <span class='ocrx_word' id='word_1_319' title='bbox 403 3936 469 4028; x_wconf 33' lang='lat' dir='ltr'><strong>hie*</strong></span> <span class='ocrx_word' id='word_1_320' title='bbox 490 3965 572 4048; x_wconf 86' lang='lat' dir='ltr'><strong>dies,</strong></span> <span class='ocrx_word' id='word_1_321' title='bbox 602 3967 719 4047; x_wconf 84' lang='lat' dir='ltr'><strong>Brute,</strong></span> <span class='ocrx_word' id='word_1_322' title='bbox 733 4029 738 4036; x_wconf 82' lang='grc'><strong><em>,</em></strong></span> <span class='ocrx_word' id='word_1_323' title='bbox 751 3970 853 4031; x_wconf 87' lang='lat' dir='ltr'><strong>finem</strong></span> <span class='ocrx_word' id='word_1_324' title='bbox 884 3943 985 4031; x_wconf 81' lang='lat' dir='ltr'><strong>saciet</strong></span> <span class='ocrx_word' id='word_1_325' title='bbox 1024 3968 1333 4105; x_wconf 58' lang='lat' dir='ltr'><strong>Tusculanarum}</strong></span> 
     </span>
    </p>
   </div>
   <div class='ocr_carea' id='block_1_9' title="bbox 137 4147 1302 4376">
    <p class='ocr_par' dir='ltr' id='par_1_15' title="bbox 137 4147 1302 4376">
     <span class='ocr_line' id='line_1_40' title="bbox 210 4147 1290 4232; baseline 0 -24"><span class='ocrx_word' id='word_1_326' title='bbox 210 4154 243 4208; x_wconf 84' lang='lat' dir='ltr'><strong>C.</strong></span> <span class='ocrx_word' id='word_1_327' title='bbox 264 4159 288 4210; x_wconf 93' lang='lat' dir='ltr'><strong>l.</strong></span> <span class='ocrx_word' id='word_1_328' title='bbox 327 4147 510 4211; x_wconf 73' lang='lat' dir='ltr'><strong>Quintushic</strong></span> <span class='ocrx_word' id='word_1_329' title='bbox 528 4147 600 4213; x_wconf 79' lang='lat' dir='ltr'><strong>dies,</strong></span> <span class='ocrx_word' id='word_1_330' title='bbox 624 4151 741 4216; x_wconf 58' lang='lat' dir='ltr'><strong>Bruta]</strong></span> <span class='ocrx_word' id='word_1_331' title='bbox 770 4151 832 4202; x_wconf 82' lang='lat' dir='ltr'><strong>Vox</strong></span> <span class='ocrx_word' id='word_1_332' title='bbox 851 4149 968 4232; x_wconf 70' lang='lat' dir='ltr'><strong>Quirziuo</strong></span> <span class='ocrx_word' id='word_1_333' title='bbox 980 4150 1062 4206; x_wconf 82' lang='lat' dir='ltr'><strong>abest</strong></span> <span class='ocrx_word' id='word_1_334' title='bbox 1080 4173 1095 4207; x_wconf 90' lang='lat' dir='ltr'><strong>a</strong></span> <span class='ocrx_word' id='word_1_335' title='bbox 1114 4155 1200 4209; x_wconf 88' lang='lat' dir='ltr'><strong>Codd.</strong></span> <span class='ocrx_word' id='word_1_336' title='bbox 1220 4157 1290 4232; x_wconf 62' lang='lat' dir='ltr'><strong>ch,</strong></span> 
     </span>
     <span class='ocr_line' id='line_1_41' title="bbox 137 4221 1291 4294; baseline -0.008 -16"><span class='ocrx_word' id='word_1_337' title='bbox 137 4224 221 4279; x_wconf 87' lang='lat' dir='ltr'><strong>Vind.</strong></span> <span class='ocrx_word' id='word_1_338' title='bbox 242 4228 268 4281; x_wconf 83' lang='lat'><strong>2.</strong></span> <span class='ocrx_word' id='word_1_339' title='bbox 290 4243 409 4294; x_wconf 86' lang='lat' dir='ltr'><strong>eamque</strong></span> <span class='ocrx_word' id='word_1_340' title='bbox 428 4225 521 4277; x_wconf 90' lang='lat' dir='ltr'><strong>abesse</strong></span> <span class='ocrx_word' id='word_1_341' title='bbox 539 4223 633 4274; x_wconf 80' lang='lat' dir='ltr'><strong>refert</strong></span> <span class='ocrx_word' id='word_1_342' title='bbox 651 4221 804 4272; x_wconf 80' lang='lat' dir='ltr'><strong>Lambinus</strong></span> <span class='ocrx_word' id='word_1_343' title='bbox 826 4239 842 4272; x_wconf 87' lang='lat' dir='ltr'><strong>a</strong></span> <span class='ocrx_word' id='word_1_344' title='bbox 860 4240 926 4278; x_wconf 76' lang='lat' dir='ltr'><strong>suis.</strong></span> <span class='ocrx_word' id='word_1_345' title='bbox 964 4223 1082 4279; x_wconf 84' lang='lat' dir='ltr'><strong>Causam</strong></span> <span class='ocrx_word' id='word_1_346' title='bbox 1098 4226 1186 4278; x_wconf 88' lang='lat' dir='ltr'><strong>buius</strong></span> <span class='ocrx_word' id='word_1_347' title='bbox 1206 4229 1291 4280; x_wconf 89' lang='lat' dir='ltr'><strong>omis.</strong></span> 
     </span>
     <span class='ocr_line' id='line_1_42' title="bbox 137 4290 1302 4376; baseline -0.001 -25"><span class='ocrx_word' id='word_1_348' title='bbox 137 4297 227 4351; x_wconf 84' lang='lat' dir='ltr'><strong>sionis</strong></span> <span class='ocrx_word' id='word_1_349' title='bbox 245 4295 319 4350; x_wconf 89' lang='lat' dir='ltr'><strong>hanc</strong></span> <span class='ocrx_word' id='word_1_350' title='bbox 338 4314 397 4350; x_wconf 85' lang='lat' dir='ltr'><strong>esse</strong></span> <span class='ocrx_word' id='word_1_351' title='bbox 416 4295 560 4361; x_wconf 76' lang='lat' dir='ltr'><strong>existimo,</strong></span> <span class='ocrx_word' id='word_1_352' title='bbox 589 4290 666 4363; x_wconf 89' lang='lat' dir='ltr'><strong>quod</strong></span> <span class='ocrx_word' id='word_1_353' title='bbox 683 4290 801 4346; x_wconf 84' lang='lat' dir='ltr'><strong>fortasse</strong></span> <span class='ocrx_word' id='word_1_354' title='bbox 820 4292 925 4376; x_wconf 77' lang='lat' dir='ltr'><strong>¹aliquis</strong></span> <span class='ocrx_word' id='word_1_355' title='bbox 942 4291 1079 4353; x_wconf 84' lang='lat' dir='ltr'><strong>librarius</strong></span> <span class='ocrx_word' id='word_1_356' title='bbox 1098 4295 1172 4352; x_wconf 87' lang='lat' dir='ltr'><strong>hanc</strong></span> <span class='ocrx_word' id='word_1_357' title='bbox 1191 4316 1302 4371; x_wconf 81' lang='lat' dir='ltr'><strong>vocem</strong></span> 
     </span>
    </p>
   </div>
   <div class='ocr_carea' id='block_1_10' title="bbox 167 4409 1043 4494">
    <p class='ocr_par' dir='ltr' id='par_1_16' title="bbox 167 4409 1043 4494">
     <span class='ocr_line' id='line_1_43' title="bbox 167 4409 1043 4494; baseline -0.015 -13"><span class='ocrx_word' id='word_1_358' title='bbox 167 4437 247 4482; x_wconf 74' lang='lat' dir='ltr'><strong>Cicero</strong></span> <span class='ocrx_word' id='word_1_359' title='bbox 263 4436 327 4482; x_wconf 70' lang='lat' dir='ltr'><strong>Tarso.</strong></span> <span class='ocrx_word' id='word_1_360' title='bbox 342 4436 408 4494; x_wconf 78' lang='lat' dir='ltr'><strong>Disp.</strong></span> <span class='ocrx_word' id='word_1_361' title='bbox 424 4435 458 4480; x_wconf 83' lang='lat' dir='ltr'><strong>ed.</strong></span> <span class='ocrx_word' id='word_1_362' title='bbox 474 4436 558 4482; x_wconf 81' lang='lat' dir='ltr'><strong>Moser.</strong></span> <span class='ocrx_word' id='word_1_363' title='bbox 576 4432 601 4480; x_wconf 80' lang='grc' dir='ltr'><strong>Τ.</strong></span> <span class='ocrx_word' id='word_1_364' title='bbox 617 4434 664 4478; x_wconf 83' lang='lat' dir='ltr'><strong>m.</strong></span> <span class='ocrx_word' id='word_1_365' title='bbox 1024 4409 1043 4468; x_wconf 94' lang='lat' dir='ltr'>l</span> 
     </span>
    </p>
   </div>
   <div class='ocr_carea' id='block_1_11' title="bbox 0 0 1446 5084">
    <p class='ocr_par' dir='ltr' id='par_1_17' title="bbox 0 0 1446 5084">
     <span class='ocr_line' id='line_1_44' title="bbox 0 0 1446 5084; baseline 0 0"><span class='ocrx_word' id='word_1_366' title='bbox 0 0 1446 5084; x_wconf 95' lang='lat' dir='ltr'><strong> </strong></span> 
     </span>
    </p>
   </div>
  </div>
 </body>
</html>
