2856 5084
207 289 268 355 uo
403 243 633 348 mormius
655 279 905 347 rusouclu.
927 279 1161 346 msrmur.

208 449 296 514 Quid
318 447 421 527 aliud,
451 449 562 530 inquit
582 447 793 524 Aristoteles,
825 448 861 507 in
881 446 986 522 bovis,
1014 466 1080 509 non
1112 447 1148 506 in
1169 448 1271 530 regis,
1307 465 1359 508 se-

208 535 326 614 pulcro
353 529 571 593 inscriberesl
614 531 704 605 Haec
732 531 856 592 habere
881 549 917 592 so
943 539 1113 592 mortuum
1142 529 1242 601 dicit3
1272 548 1360 608 quae

137 622 196 674 102.
212 636 254 677 ne
282 619 379 678 vivus
410 612 543 695 quidem
569 611 697 673 diutius
724 613 876 689 habebat,
916 631 1013 694 quam
1048 612 1234 676 fruebatur.
1287 610 1360 676 Cur

351 800 432 852 Ταῦτ’
450 799 515 869 ἔχω,
535 794 596 851 δσδ
615 797 722 866 ἔφαγον
739 797 787 849 nal
804 793 937 884 ἐφύβρισα
954 795 1000 849 καὶ
1016 799 1076 864 μετ’
1095 796 1194 864 ἔρωτος

351 870 450 937 Τέρπν’
470 871 584 931 ἔπαθον,
604 869 636 922 ut
656 867 688 919 δὲ
704 864 793 920 πολλὰ
811 873 857 920 καὶ
873 863 953 934 δὶβια
971 870 1047 920 stairo
1069 866 1214 924 λέλειπται.

185 961 189 967 ·
207 940 246 994 At
264 941 339 1014 apud
356 940 536 993 Athenaeum
554 940 602 994 lib.
618 939 703 992 vul.
721 956 788 1013 pag.
806 941 867 993 336.
1144 948 1146 954 ’

214 1028 217 1032 ’
347 1013 460 1061 Ku'rN’
478 1011 536 1079 ἔχω
553 1005 612 1062 aad
633 1011 739 1079 ἔφαγον
757 1012 801 1060 καὶ
819 1007 966 1078 ἐφύβρισα,
985 1009 1032 1062 καὶ
1048 1009 1140 1061 ΣῩΝ
1149 1012 1272 1062 ’arura

349 1079 446 1152 Te‘pnv’
467 1083 585 1145 tratur,
604 1081 636 1133 cd
657 1080 687 1131 δὲ
704 1081 791 1133 πολλοὶ
809 1081 855 1131 καὶ
874 1082 954 1150 ὄλβια
972 1079 1061 1132 πάντα
1078 1076 1293 1134 ΛΕΛΥΝΤΑῙ.

88 1217 93 1223 ι
206 1152 255 1207 Sic
274 1172 309 1208 ex
326 1154 453 1224 antiquis
472 1153 559 1206 codd.
579 1151 670 1205 edidit
687 1149 724 1202 Is.
744 1151 935 1213 Gasaubonus;
954 1159 984 1202 at
1001 1168 1067 1202 cum
1085 1152 1136 1204 alii
1155 1152 1223 1205 dent

345 1255 378 1266 —
398 1220 429 1276 roi
450 1222 585 1285 δὲπολλα
605 1225 649 1274 ναὶ
667 1223 746 1289 ὄλβια
765 1219 856 1273 πάντα
874 1221 1103 1284 Acastum,

203 1294 339 1347 ultimam
355 1311 458 1348 vocem
476 1295 518 1346 sio
536 1293 623 1346 scribi
642 1293 745 1345 debere
763 1308 880 1361 prorsus
899 1294 1048 1357 existim03
1067 1291 1148 1344 illam
1167 1294 1358 1348 enimleetio-

203 1383 271 1418 nem
289 1365 417 1417 defendit
435 1365 528 1417 versio
549 1364 706 1428 Ciceronis,
724 1371 759 1414 ut
777 1371 806 1414 et
819 1363 950 1416 Clemens
969 1363 1181 1416 Alexandrinus
1200 1364 1306 1418 Strom.
1318 1367 1357 1418 ll.

201 1454 266 1511 pag.
285 1439 346 1490 491.
382 1436 458 1487 Dion
476 1434 698 1503 Chrysostomus
717 1435 794 1488 Orat.
816 1433 906 1504 1V.p
946 1437 1015 1489 .8l.
1049 1431 1221 1487 Scholiastes
1247 1437 1359 1489 Aristo-

202 1506 360 1574 phanis.in
378 1507 451 1558 Aves
473 1523 515 1560 vs.
535 1508 615 1560 1622.
653 1505 775 1557 Tzetzes
801 1503 880 1559 cuit.
900 1505 955 1572 11,
975 1504 1357 1582 455.·etansh01.upigr.

202 1576 254 1628 lib.
274 1571 326 1629 111.
347 1593 407 1645 cap.
429 1578 454 1629 7.
492 1575 537 1628 11ιί
556 1583 654 1628 tamen
673 1582 725 1639 est,
964 1579 966 1585 ’

345 1647 445 1718 Nona?
462 1640 556 1712 ἐδάην,
574 1648 606 1698 rei
627 1644 659 1697 δὲ
676 1643 764 1696 πολλοὶ
783 1652 839 1698 etc.

202 1717 258 1770 Sed
281 1735 441 1788 perperam.
477 1717 649 1770 Plutarchus
673 1716 757 1768 Tum.
783 1715 821 1768 11.
846 1732 911 1790 pag.
935 1718 996 1771 646.
1034 1708 1117 1770 Πάνυ
1147 1717 1179 1770 δὲ
1207 1717 1358 1790 χαριέντως

201 1792 248 1841 καὶ
266 1785 281 1842 ὁ
299 1783 408 1860 Κράτης
426 1783 496 1854 πρὸς
515 1783 545 1840 τὸ
1236 1810 1239 1815 ·

308 1861 310 1866 '
344 1860 424 1911 turit'
444 1859 512 1926 ἔχω,
532 1857 594 1910 dou'
614 1857 719 1927 ἔφαγον
736 1857 783 1909 καὶ
800 1852 936 1927 ἐφύρρισα
953 1861 1001 1910 καὶ
1017 1860 1074 1931 μετ’
1093 1859 1193 1928 ἔρωτος

344 1931 442 1999 rtpnv’
461 1928 576 1997 ἔπαθον,
1299 1932 1312 1951 ’

199 1997 357 2072 ἀντέγραψε
374 1999 404 2055 τὸ
727 2063 729 2068 ¹
942 2034 945 2040 ·

335 2069 425 2141 ΙΤαῦτ’
446 2072 510 2141 ἔχω,
530 2073 592 2127 δσσι
612 2070 723 2141 ἔμαθον
739 2074 783 2124 καὶ
801 2064 950 2142 ἐφρόντισα
969 2073 1014 2123 καὶ
1030 2067 1100 2139 μετὰ
1117 2073 1293 2124 ΜΟΥΣΩἬ

130 2190 132 2193 ,
343 2143 379 2194 Tt
419 2145 443 2192 ν’
462 2138 556 2208 ἐδάην,

198 2212 274 2264 unde
290 2162 473 2281 patetlllllam
491 2215 668 2283 scripturam
687 2212 809 2265 Cratetis
827 2211 961 2281 perediae
980 2211 1087 2264 deberi.
1125 2213 1198 2269 Vide
1223 2222 1253 2266 et
1271 2216 1359 2268 Laer-

198 2284 273 2335 tium
291 2284 337 2336 VI.
356 2287 399 2339 86.
436 2284 599 2337 Athenaeus
623 2283 675 2336 lib.
695 2283 774 2335 v111.
802 2299 867 2353 pag.
887 2285 950 2337 337.
970 2281 1044 2334 hanc
1065 2281 1191 2352 Chrysip
1213 2300 1228 2336 o
1253 2285 1359 2339 tribuit

341 2356 424 2408 Ταῦτ’
441 2355 499 2422 ἔχω
518 2356 580 2408 ὅσα
600 2356 709 2426 ἔμαθον
727 2357 774 2407 καὶ
792 2350 944 2423 ἐφρόντισα
961 2354 1008 2406 καὶ
1030 2349 1098 2420 μετὰ
1122 2357 1171 2408 TO
1211 2355 1290 2408 ΤΩΝ

335 2426 428 2477 ’dudd'
447 2426 560 2476 ἔπαθον.

196 2493 242 2546 Ibi
265 2495 341 2570 lege,
371 2496 440 2561 μετα
465 2494 647 2548 Moratum
685 2496 836 2558 Versuum,
863 2503 932 2562 q'uos
952 2494 1054 2548 Cicero
1082 2494 1244 2561 transtulit,
1272 2506 1358 2566 pater

197 2574 241 2616 est
258 2565 421 2632 Choerilus,
449 2566 524 2634 quod
550 2566 685 2622 discimus
714 2582 749 2616 ex
767 2564 1025 2635 Deipnosophistae
1050 2566 1102 2618 lib.
1122 2566 1187 2619 ΧΠ.
1208 2584 1272 2640 pag.
1292 2570 1356 2623 529.

196 2634 240 2687 Ad
258 2636 371 2688 eosdem
388 2637 509 2705 respicit
526 2636 625 2688 Suidas
644 2636 676 2687 in
693 2635 919 2705 Σαρδανάπαλος,
941 2637 1009 2688 dein
1026 2638 1120 2689 addit:
1140 2637 1251 2703 ψευδῶς
1270 2644 1357 2691 ταῦτα

195 2701 410 2773 ἐπιγράψαντες·
434 2703 467 2759 σύ
491 2707 548 2775 γὰρ.
563 2708 617 2773 ἔχει
640 2701 832 2772 destructione
855 2701 926 2777 ἅπερ
950 2706 1037 2776 ἔφαγε
1055 2712 1101 2759 καὶ
1125 2708 1217 2769 lutam
1240 2705 1293 2758 ott
1315 2710 1355 2767 εἰς

194 2771 244 2840 τὴν
261 2775 372 2842 δυσώδη
392 2777 505 2845 φθορὰν
523 2777 614 2830 ἐκεῖνα
633 2775 722 2830 πάνια
748 2771 905 2845 κεχώρηκεν
923 2786 977 2830 etc.
1016 2777 1070 2843 Ea,
1097 2778 1175 2847 quod
1200 2780 1357 2831 Kusterum

194 2848 283 2919 fugit,
303 2847 429 2900 desumta
447 2856 513 2899 sunt
532 2867 567 2900 ex
585 2847 759 2900 Theodoreti
778 2847 866 2899 Ther.
886 2849 951 2900 xtl.
972 2847 1038 2924 pag.
1051 2851 1113 2904 179.
1133 2849 1206 2903 Vide
1225 2857 1357 2901 nostrum

194 2917 244 2970 h'b.
265 2916 303 2968 ll.
320 2918 358 2970 de
377 2917 443 2972 ltin.
463 2935 523 2987 cap.
545 2921 587 2974 32.
608 2928 637 2971 et
655 2918 851 2991 Augustinum
870 2917 903 2971 G.
922 2919 955 2971 D.
976 2919 1015 2982 Il,
1036 2922 1079 2974 26.
1118 2919 1154 2972 D.

266 2987 342 3044 Quia
361 2988 451 3050 aliud,
477 2989 572 3057 aliquit
596 2989 772 3052 Aristotelea,
796 2990 825 3043 in
850 2988 941 3051 bouis,
967 3004 1022 3041 teon
1044 2991 1076 3042 νά
1091 2992 1182 3055 regia,
1212 2988 1353 3054 sepulcro]

193 3057 273 3110 Unus
292 3059 341 3111 Ox.
369 3068 398 3112 et
416 3059 503 3110 Marb.
530 3059 609 3113 bonis
630 3076 684 3126 pro
708 3060 794 3125 bouis,
822 3060 896 3111 alius
921 3059 1080 3112 §maritent
1102 3074 1156 3128 pro
1176 3058 1353 3109 inscriberet.

193 3127 341 3197 „Scripsit
359 3131 478 3180 fortasse
495 3129 552 3182 hoc
571 3130 741 3183 Aristoteles
760 3131 791 3182 in
811 3130 910 3182 eodem
928 3129 1014 3192 libro,
1041 3145 1097 3198 quo
1120 3128 1174 3180 illa
1199 3128 1233 3179 de
1253 3127 1355 3178 Sarda-

192 3199 294 3266 napalo
313 3199 387 3267 apud
405 3199 584 3253 Athenaeum
602 3201 635 3252 Τ.
656 3202 840 3270 111.ρ.·2.18.
861 3198 1023 3272 Schwgh“
1048 3195 1164 3251 Scbucb.
1186 3197 1256 3249 Add.
1278 3215 1353 3262 quae

192 3278 292 3321 mouet
320 3269 354 3322 de
384 3279 482 3323 nostro
513 3271 577 3324 loco
604 3271 752 3325 Victorius
776 3272 858 3324 Varr.
883 3269 976 3322 Lectt.
1001 3269 1083 3320 XXV.
1116 3273 1158 3323 17.
1187 3285 1215 3337 p·
1236 3269 1289 3322 696
1309 3287 1353 3337 sq.

192 3340 310 3404 „Verba
334 3357 388 3393 nun
415 3341 446 3393 in
471 3344 550 3408 regis
572 3342 647 3393 mihi
673 3349 802 3411 suspecta
824 3346 890 3390 sunt
913 3338 948 3390 de
976 3338 1099 3410 glossa.“
1128 3339 1197 3390 Erre.
1237 3337 1354 3401 „Recte

191 3411 343 3464 Ernestus:
364 3429 454 3479 quare
474 3429 506 3464 ea
523 3413 638 3464 uncinis
658 3410 794 3463 inclusi.“
812 3407 891 3463 Saba.
930 3407 998 3473 Quis
1024 3425 1082 3462 non
1106 3408 1181 3461 hanc
1206 3409 1356 3460 coniectu-

192 3497 255 3532 ram
273 3482 413 3550 reperisse
431 3483 528 3534 virum
546 3482 662 3535 doctum
680 3480 812 3542 miretur,
832 3479 879 3531 cui
898 3478 1043 3531 arrideat?
1071 3479 1161 3544 Quam
1186 3480 1284 3548 inepte
1311 3479 1355 3532 lo-

192 3551 293 3620 quitur
311 3552 424 3617 cicero,
443 3554 618 3620 simulatque
637 3550 691 3602 illa
708 3548 846 3602 voeabula
864 3548 1016 3618 deleveris,
1056 3549 1143 3614 Quasi
1170 3566 1239 3602 vero
1264 3550 1353 3601 boum

192 3638 251 3674 esse
270 3623 380 3683 soleant
399 3624 539 3694 sepulcra,
565 3624 658 3690 iisque
676 3619 796 3671 inscribi
815 3619 985 3671 simulacra!
1023 3618 1114 3685 Quare
1142 3622 1255 3693 gavisus
1278 3639 1351 3686 sum,

192 3709 267 3758 oum,
290 3703 442 3761 postquam
468 3694 539 3746 haee
557 3692 665 3744 dudum
682 3691 714 3741 in
731 3689 902 3743 adversariis
930 3690 1111 3758 scripseram,
1138 3692 1302 3743 incidissem
1321 3692 1353 3743 in

189 3761 261 3815 haec
280 3765 387 3819 Wolfii
406 3765 494 3816 verba
512 3765 543 3813 in
560 3761 645 3826 libro,
668 3760 719 3829 qui
739 3759 926 3813 inscribiturt·
950 3760 1077 3815 Wolfs
1097 3760 1220 3814 Darst.
1247 3763 1272 3813 d.
1294 3762 1354 3813 Al-

190 3831 617 3886 terthums-Wissensch.
645 3830 751 3883 nebst
780 3848 803 3883 e.
824 3830 995 3883 Auswahl
1021 3849 1044 3882 s.
1069 3830 1223 3884 kleinen
1248 3831 1352 3884 Schr.

192 3935 226 3946 —
245 3924 272 3956 v.
293 3906 320 3959 J.
338 3905 374 3964 F.
394 3901 782 3970 W.,tt0ffman·n,hips.
805 3904 884 3957 1833.
905 3920 933 3970 p.
954 3905 1003 3957 98:
1024 3901 1120 3966 „Sine
1148 3920 1229 3953 causa
1254 3904 1285 3953 in
1308 3920 1354 3953 su·
1403 3949 1405 3953 .

190 3975 349 4043 spicionem
367 3974 549 4026 adducuntur
566 3973 653 4026 verba
672 3989 726 4025 nou
744 3973 774 4024 iu
792 3973 883 4038 regis,
905 3990 977 4042 quae
995 3989 1084 4043 prope
1101 3973 1260 4025 necessaria
1278 3981 1354 4025 sunt.

188 4044 328 4116 Sepulcra
348 4045 407 4096 'non
426 4051 617 4096 exstruuntur
635 4041 755 4097 bobus.“
794 4044 855 4097 Mr.

260 4117 338 4168 Haec
357 4113 456 4168 babere
474 4131 504 4167 ee
522 4121 661 4168 mortuum
680 4110 773 4176 dicit]
812 4114 879 4167 God.
904 4118 977 4167 Mon.
999 4118 1022 4168 1.
1050 4111 1150 4167 tatere
1174 4121 1353 4167 mortuum

189 4201 241 4250 ae,
268 4186 367 4241 Duisb.
395 4203 463 4239 cum
480 4186 588 4238 duobus
607 4187 677 4239 Oxx.
698 4183 785 4247 dixit,
810 4193 874 4236 tum
891 4185 976 4237 Vind.
999 4190 1022 4239 l.
1046 4201 1107 4237 uec
1127 4185 1207 4237 vivus
1234 4185 1353 4252 quidem,

188 4255 287 4310 Duisb.
308 4260 387 4311 uivus
406 4275 440 4312 ne
461 4257 581 4327 quidem.
612 4256 696 4310 Vind.
717 4259 742 4310 1.
763 4252 889 4308 babeat
913 4254 1032 4320 diutius,
1060 4254 1115 4306 duo
1139 4256 1210 4308 Oxx.
1230 4256 1305 4308 Mon.
1326 4258 1352 4309 2.

190 4327 301 4379 diutius
320 4325 461 4393 babeat,
490 4329 564 4382 Gud.
583 4330 608 4383 2.
630 4326 691 4398 qui
708 4343 744 4379 ne
761 4327 840 4380 uiuus
858 4325 1000 4379 diutius
1024 4325 1178 4394 quiderm
1209 4345 1283 4379 unus
1302 4325 1353 4379 Ox.

191 4412 260 4463 quo
279 4397 436 4461 fruebatur.
478 4398 540 4450 Mr.
