2856 5084
475 264 625 330 annun
646 264 691 342 v,
715 264 764 329 13.
870 356 874 360 Α
1171 262 1213 327 81

56 453 154 517 quarn
187 433 490 514 comparationem:
522 430 687 491 humanus
716 434 830 489 autem
862 426 1005 504 animus,
1032 425 1215 510 ‚decerptus

56 537 97 578 ex
120 524 230 577 mente
252 515 379 592 divina,
409 533 486 574 cum
512 515 580 574 atio
603 513 695 573 nullo
717 512 783 572 nisi
805 529 881 570 curn
902 511 975 591 ipso
996 508 1069 586 deo,
1098 513 1127 571 si
1148 511 1214 573 hoa
1248 511 1253 517 ’

56 602 108 661 fas
130 608 180 660 est
201 597 308 673 dictu,
332 598 523 678 comparari
544 602 665 678 potest.
705 593 773 653 Hic
795 593 912 676 igitur,
934 594 963 652 si
985 600 1033 660 est
1055 594 1213 670 excultus,-
1231 611 1275 665 39,

56 689 92 744 et
112 683 142 743 si
168 682 240 744 eius
254 683 343 741 acies
365 682 415 740 ita
431 686 548 741 curata
570 686 620 739 est
641 684 680 736 ut
700 696 742 736 ne
763 684 958 736 caecaretur
969 675 1155 753 erroribus,
1175 677 1216 738 fit

1161 800 1212 813 5—-

128 868 273 934 decerptus
292 882 326 919 ex
344 869 432 917 mente
452 860 560 926 divina]
598 861 768 930 „Loquitur
794 879 829 913 ex
847 860 1061 913 Platonicorum
1088 869 1117 914 et
1141 860 1218 914 Stoi-

57 954 158 992 corum
177 939 327 991 sententia.
364 934 536 988 Plutarchus
557 933 667 998 Quaest.
686 934 795 984 Platon.
815 952 843 1002 p.
867 936 949 987 1001:
973 931 990 998 ἡ
1010 932 1042 983 δὲ
1068 927 1144 1001 ψυχὴ
1163 939 1218 985 νοῦ
1240 970 1258 985 -.

56 1010 236 1079 μετασχοῦσα
255 1012 301 1061 καὶ
326 1011 463 1074 λογισμοῦ
482 1007 527 1058 καὶ
544 1005 688 1071 ἁρμονίας,
715 1000 765 1056 οῦκ
785 1006 868 1071 ἔργον
887 1003 944 1056 ἐστὶ
961 1007 1011 1055 τοῦ
1029 1005 1098 1055 θεοῦ
1115 1003 1217 1070 μόνον,

57 1077 122 1133 ἀλλὰ
141 1082 187 1132 καὶ
196 1082 291 1149 μέρος,
310 1076 374 1133 οὐδ’
390 1073 435 1130 ὑπ’
449 1074 544 1140 αὐτοῦ,
564 1074 624 1126 tat’
640 1075 691 1126 ἀπ’
711 1078 799 1126 αὐτοῦ
810 1078 854 1127 καὶ
868 1073 896 1133 ἐξ
909 1069 996 1128 αὐτοῦ
1004 1073 1127 1141 γέγονεν.
1140 1107 1171 1117 -
1183 1107 1216 1118 -

58 1152 145 1204 Plura
165 1151 238 1203 colle
263 1152 286 1200 it
304 1150 331 1200 J.
348 1148 461 1217 Lipsius
474 1146 603 1216 Physiol.
618 1145 705 1198 Staio.
720 1146 773 1198 Ill.
793 1146 922 1198 Lactant.
940 1146 1003 1196 Div.
1024 1146 1093 1196 lnst.
1113 1147 1151 1198 II.
1168 1149 1216 1201 12:

61 1222 139 1276 Ficta
158 1223 227 1274 deus
241 1169 367 1273 bominis
385 1235 500 1287 corpore
518 1217 638 1286 spiravit
665 1216 692 1269 ei
709 1217 833 1270 animam
853 1218 887 1269 de
905 1215 989 1269 vitati
1005 1215 1080 1278 fonte
1098 1216 1220 1284 spiritus

60 1292 138 1349 sui.“
157 1293 230 1344 Dav.
250 1291 303 1343 Ed.
325 1295 349 1344 1.
369 1289 449 1354 Quod
465 1289 495 1341 h.
516 1288 536 1340 L
557 1290 630 1340 dicit
658 1289 802 1356 decerptas
827 1288 872 1350 (ex
890 1293 979 1339 necate
998 1287 1103 1352 divina)
1130 1289 1220 1340 Grae-

62 1364 104 1414 cis
124 1371 167 1414 est
184 1356 367 1426 ἀπόσπασμα,
386 1368 420 1410 ut
438 1368 480 1411 est
499 1360 572 1430 apud
590 1360 673 1433 Diog.
693 1362 788 1411 Lae'rt.
809 1358 888 1412 VIII.
909 1358 929 1422 §.
951 1361 998 1412 28:
1019 1351 1089 1409 εἶναι
1113 1356 1145 1409 δὲ
1169 1358 1220 1426 τὴν

61 1429 158 1502 ψυχὴν
182 1433 355 1498 α’πόσπασμα
379 1431 495 1500 αἰθέρος.
532 1431 639 1483 Eadem
669 1430 810 1482 sententia
835 1431 869 1482 de
896 1430 960 1480 Div.
981 1429 1004 1483 1.
1024 1425 1067 1483 492
1091 1432 1151 1483 110.
1178 1430 1220 1483 ita

62 1505 231 1574 exponitur:
258 1501 369 1556 haustos
395 1503 507 1554 animas
534 1508 560 1554 et
589 1503 693 1554 libatos
711 1499 840 1553 habemas
858 1519 875 1553 a
894 1507 997 1552 natura
1015 1500 1141 1562 deorum,
1169 1501 1221 1573 nbi·

59 1575 117 1626 vid.
140 1576 226 1627 etiam
244 1583 333 1626 nostr.
353 1582 449 1628 annot.
469 1591 498 1642 p.
518 1576 581 1628 241.
601 1573 660 1625 Cat.
680 1573 747 1636 maj.
768 1575 812 1635 21,
833 1574 879 1627 78:
909 1588 943 1623 ex
971 1574 1103 1624 aniverso
1131 1579 1220 1625 mente

61 1645 160 1698 divina
179 1646 316 1698 delibatos
335 1644 444 1697 animos
462 1642 607 1696 babemus.-
631 1643 680 1694 ubi
697 1644 754 1696 vid.
776 1641 885 1695 Gernh.
908 1650 937 1694 et
956 1642 1029 1694 Otto.
1068 1642 1129 1693 Mr.

132 1716 287 1786 Decerptas
314 1733 347 1768 ex
373 1720 465 1768 mente
492 1714 603 1780 divina]
640 1712 787 1784 Loquitur
810 1731 845 1766 ex
868 1730 968 1766 eorum
987 1714 1138 1776 sententia,
1167 1714 1221 1782 qui

59 1781 198 1839 humanos
217 1787 326 1839 animos
344 1786 397 1839 Dei
416 1794 512 1856 partes
532 1802 590 1838 esse
610 1794 780 1838 statuerunt.
818 1784 1012 1854 Hieronymus
1038 1785 1072 1836 ad
1090 1784 1221 1854 Ctesiph.

60 1866 163 1910 contra
188 1857 283 1932 Pelag.
312 1875 340 1928 p.
366 1859 426 1911 547.
471 1856 556 1909 litata
585 1856 686 1924 dogma
714 1854 979 1925 Pythagoricorum,
1012 1858 1059 1920 qai
1083 1852 1222 1909 bominem

61 1929 304 1998 exaequant-Deo,
333 1933 359 1978 et
385 1928 419 1979 de
443 1927 503 1979 eius
525 1928 621 1980 dicunt
645 1942 703 1979 esse
726 1927 890 1980 substantia.
927 1927 1008 1978 Idem
1031 1927 1111 1976 iuter
1127 1927 1221 1995 Epist.

59 1999 213 2072 Augustin.
239 1999 353 2051 XXVII.
391 1997 496 2050 Anima
520 2000 563 2049 'est
588 2014 606 2050 a
627 2001 747 2066 propria
771 1998 829 2050 Dei
854 1997 1028 2060 substantia,
1065 2001 1096 2049 at
1123 1995 1220 2064 Stoici,

59 2069 254 2136 Manichacus,
284 2075 310 2121 et
329 2067 487 2138 Hispaniae
505 2068 686 2122 Priscilliaai
703 2070 844 2122 Haereses
870 2069 1051 2134 suspicantur.
1089 2065 1223 2120 Theodo-

60 2151 139 2194 retus
158 2144 243 2194 Haer.
269 2140 335 2192 Fab.
360 2141 412 2192 lib.
431 2142 464 2194 V.
487 2157 553 2210 cap.
574 2143 600 2194 5.
637 2139 714 2192 Karai
738 2141 788 2194 τὸν
811 2140 930 2207 δυσσεβῆ
948 2143 1112 2208 Μαρκίωνος
1135 2137 1222 2206 λόγον

61 2211 215 2279 ὁμοοῦσιός
240 2210 314 2264 ἐστιν
337 2204 352 2277 ἦ
372 2209 454 2279 dvxi
481 2215 532 2263 τοῦ
557 2206 738 2276 πεποιηκότος
763 2216 842 2265 θεοῦ.
878 2211 950 2262 Vide
971 2212 1014 2261 ‘sis
1034 2217 1062 2261 et
1093 2209 1221 2262 eiusdem

60 2283 131 2334 libri
159 2302 220 2353 cap·
240 2287 265 2339 9.
304 2281 439 2334 Servium
466 2283 501 2333 ad
518 2281 590 2334 Aen.
609 2283 659 2345 VI,
680 2285 739 2335 714.
777 2281 971 2351 Augustinum
997 2281 1027 2332 C.
1054 2279 1086 2329 D.
1108 2281 1156 2340 IV,
1175 2283 1220 2346 12,

61 2357 105 2408 13.
132 2356 196 2418 VII,
216 2356 241 2409 5.
272 2351 328 2406 Th.
349 2352 528 2408 Gatakerum
550 2353 585 2404 ad
607 2351 748 2403 Antonini
766 2353 800 2416 V,
820 2354 863 2406 27.
892 2359 921 2402 et
940 2368 990 2403 nos
1016 2350 1050 2403 ad
1072 2348 1121 2402 lib.
1143 2349 1165 2401 1.
1186 2351 1221 2404 de

63 2424 161 2476 Divin.
183 2442 244 2492 cap.
263 2426 306 2476 49.
344 2422 380 2473 D.
1137 2441 1140 2445 ·

135 2495 282 2563 decerptas
307 2509 341 2544 ea
364 2498 453 2545 mente
479 2489 586 2558 divina]
612 2493 685 2549 ,Duo
705 2493 775 2547 Oxx.
800 2496 849 2554 est
872 2509 915 2558 ea,
941 2510 1007 2544 cum
1034 2492 1101 2545 Cod.
1121 2493 1219 2552 Duisb.
1288 2545 1292 2551 ,

62 2574 93 2619 et
112 2566 164 2617 Ed.
185 2568 232 2630 P.;
252 2567 327 2616 Mon.
349 2568 372 2620 Ι.
394 2580 479 2633 epra
498 2581 541 2629 ea,
561 2582 627 2616 cum
646 2582 703 2618 uno
723 2566 789 2632 0x.;
809 2566 882 2617 alius
903 2566 952 2617 Ox.
974 2566 1129 2617 demente.
1150 2568 1222 2618 Ver-

60 2638 129 2690 bum
149 2635 315 2703 decerpendi
333 2653 400 2687 cum
418 2637 451 2687 de
469 2636 565 2688 iunxit
584 2637 685 2690 Cicero
704 2634 739 2690 de
758 2639 805 2690 Or.
826 2637 864 2688 lI.
884 2638 927 2691 56.
948 2637 1008 2690 229.
1047 2637 1152 2689 Vocem
1172 2638 1221 2689 de·

61 2714 170 2774 cerptus
187 2708 298 2760 omittit
317 2706 391 2759 Gud.
412 2709 437 2760 2.
466 2709 500 2760 In
517 2725 595 2776 seqq.
617 2708 691 2761 Gud.
713 2713 737 2762 l.
757 2709 834 2760 natta
853 2710 951 2761 ruodo
970 2706 1040 2759 uisi:
1065 2708 1113 2759 sed
1138 2709 1220 2761 moda

64 2780 182 2847 punctis
200 2787 345 2842 notatum3
365 2777 438 2830 Gud.
451 2781 476 2833 2.
497 2795 557 2830 cam
576 2780 636 2831 deo
656 2779 742 2845 ipso.
758 2780 862 2851 Pergit
880 2798 953 2829 unus
973 2778 1022 2830 Ox.
1043 2796 1109 2830 cum
1122 2779 1220 2832 Duisb.

62 2850 92 2902 si
111 2850 167 2915 far,
187 2849 259 2900 alius
278 2851 320 2902 sic
337 2849 390 2913 fas,
411 2849 515 2902 omisso
533 2848 591 2901 Aac.
629 2851 715 2903 btarb.
736 2859 765 2903 et
783 2850 857 2903 Mon.
877 2855 900 2904 1.
921 2851 1063 2918 scriptum
1082 2849 1221 2902 exhibent

60 2919 140 2988 picas.
169 2921 226 2972 Fas
245 2938 309 2972 cum
329 2920 437 2990 Supino
456 2922 548 2971 rarius
567 2927 621 2973 est:
641 2923 723 2986 nefas
743 2921 820 2975 dicta
839 2922 949 2994 legitur
962 2921 1022 2975 Cat.
1042 2921 1107 2984 maj.
1127 2923 1159 2970 V.
1175 2923 1219 2976 13.

62 2992 106 3044 Cf.
127 2993 162 3043 de
182 3000 327 3043 structura
346 2993 394 3045 Fr.
416 2991 540 3044 Liibker.
568 2992 602 3043 de
627 2993 763 3062 Particip.
784 2994 834 3045 Gr.
860 3000 889 3044 et
907 2994 968 3044 Lat.
988 3010 1016 3061 p.
1037 2995 1080 3045 67.
1110 2990 1219 3055 (Alton.

62 3066 143 3118 1833.
163 3063 204 3130 S.)
242 3062 277 3113 In
297 3063 371 3115 Gud.
391 3065 417 3117 2.
438 3070 481 3114 cst
500 3063 579 3115 dicti.
600 3062 664 3114 Mox
683 3063 770 3119 Marb.
790 3062 851 3115 Aac
869 3062 971 3130 igitur.
993 3063 1066 3115 Gud.
1088 3066 1114 3117 1.
1133 3063 1222 3116 verba

65 3136 93 3187 si
111 3143 154 3186 est
173 3151 258 3202 supra
281 3133 334 3187 lin.
362 3142 475 3185 tantum
497 3133 591 3186 habet.
613 3136 687 3189 Mon.
709 3139 731 3188 l.
758 3135 871 3186 omittit
889 3141 939 3200 est,
958 3151 1031 3186 unus
1050 3136 1099 3186 Ox.
1117 3151 1222 3187 vocem

66 3204 123 3256 ita.
159 3204 242 3255 Alius
259 3204 346 3256 habet
364 3203 408 3256 ita
426 3211 569 3270 curvata,
590 3205 662 3260 Gud.
682 3206 725 3257 ita
743 3213 794 3259 est
812 3213 958 3268 carata,
979 3213 1009 3258 at
1028 3222 1097 3259 nec.
1135 3207 1196 3258 Mr.

135 3283 165 3328 at
186 3284 225 3328 'ae
251 3284 378 3329 caecetur
410 3275 588 3342 erroribus]
635 3276 701 3340 „Ut
737 3293 771 3330 ne
807 3283 1003 3333 caccaret‘a
1013 3294 1030 3328 r
1066 3277 1219 3330 erroribus.

64 3345 201 3416 Gryph.“
220 3347 302 3398 Brut.
341 3346 537 3412 „Caecaretar
554 3347 665 3409 admisi,
693 3349 760 3417 quia
785 3348 921 3416 conspexi
946 3349 976 3397 in
996 3348 1124 3416 quinque
1142 3347 1222 3400 Pala·
1247 3403 1253 3421 ¹

62 3416 118 3468 tin.
140 3418 207 3470 dein
226 3435 283 3470 esse
302 3419 432 3488 comperi
452 3419 483 3468 in
502 3417 585 3469 Fabr.
607 3419 697 3470 Vatia.
716 3419 787 3471 alias
805 3417 960 3471 caecetur.“
980 3416 1062 3471 Grati.
1087 3419 1221 3484 „Contra

63 3488 149 3542 Codd.
171 3489 326 3562 legendum
343 3490 461 3541 videtur
479 3505 546 3540 cnm
564 3489 634 3541 Dav.
655 3507 690 3540 ex
707 3490 779 3542 Edd.
799 3499 867 3546 vett.
887 3490 1045 3542 caecetur.“
1081 3487 1169 3545 Raab.

139 3559 175 3612 Ut
192 3577 225 3611 ne
243 3568 376 3612 caecetur
394 3559 549 3624 erroribus]
585 3561 679 3636 Vulgo
705 3568 866 3614 caecaretur
873 3579 883 3624 ,·
912 3561 988 3629 quod
1011 3561 1053 3613 Cl.
1072 3560 1222 3613 Bentleius

63 3629 100 3682 ob
119 3630 305 3751 Latissitatem
322 3628 455 3686 mutavit.
491 3629 587 3700 Atque
606 3631 647 3684 ite
665 3633 820 3698 Minucius,
839 3632 992 3685 Lambinus
1016 3641 1046 3686 et
1068 3633 1119 3684 alii
1138 3633 1222 3685 dedc-

62 3708 144 3754 runt.
212 3741 218 3755 .

137 3776 168 3821 at
184 3787 218 3822 ae
236 3771 466 3839 caecaretur]
503 3773 637 3837 Restitit,
657 3777 787 3844 quemvis
828 3775 939 3828 rariter
964 3774 1118 3827 minitante
1135 3775 1222 3825 Bent-

62 3841 132 3904 teia,
153 3842 328 3911 optimorum
350 3844 507 3896 lectionem
531 3845 683 3910 librorum,
707 3849 776 3920 Reg.
802 3792 875 3900 gud.
898 3853 921 3902 1.
941 3849 967 3901 2.
995 3843 1107 3915 Gryph.
1136 3846 1221 3896 Bern.

65 3914 93 3976 (a
113 3916 138 3966 1.
158 3914 209 3978 m.)
229 3913 316 3968 Marb.
337 3913 418 3968 'Gud.
444 3915 539 3969 Duisb.
565 3919 631 3967 Mon
659 3921 685 3970 1.
704 3921 729 3970 2.
751 3918 809 3970 MS.
837 3919 868 3970 in
887 3934 949 3969 mar
971 3956 977 3968 .
1003 3915 1066 3966 Asc.
1086 3918 1111 3969 2.
1136 3914 1221 3970 Vind.

64 3990 91 4040 1.
112 3987 137 4038 2.
158 4002 207 4036 sex
226 3986 295 4037 Oxx.
315 3984 389 4035 Edd.
408 3985 441 4035 A.
461 3985 491 4036 Β.
512 3985 539 4038 S.
559 3986 592 4037 E.
612 3988 683 4042 Ven.
704 3998 792 4040 nostr.
812 3987 876 4039 Asc.
898 3993 922 4042 1.
982 3994 1038 4040 rut.
1058 3987 1129 4039 Ern.
1149 3985 1223 4037 Tbn.

62 4056 168 4124 Neque
187 4064 284 4108 tamen
302 4055 451 4107 rediissem
470 4056 504 4107 ad
523 4057 740 4125 Imperfectum,
768 4059 825 4109 nisi
844 4060 903 4128 ipse
923 4056 1071 4110 Ciceronis
1088 4073 1154 4106 usus
1174 4055 1224 4107 do·

65 4135 157 4191 cerei,
176 4145 233 4179 non
252 4144 365 4197 semper
382 4127 453 4196 poni
471 4128 606 4180 Praesens
624 4137 689 4198 post
707 4132 880 4194 Perfectum,
901 4129 959 4194 ubi,
988 4128 1063 4196 qood
1081 4127 1222 4196 sequitur,

65 4198 102 4250 ad
120 4215 252 4266 praesens
270 4199 319 4251 vel
338 4199 373 4251 ad
391 4214 475 4250 omne
495 4205 607 4267 tempas
626 4201 764 4268 pertinet.
792 4203 887 4252 Inesse
905 4199 1047 4250 locutioni
1056 4199 1151 4251 voluit
1170 4198 1225 4249 ali-

66 4269 141 4338 quid
159 4269 269 4334 Cicero,
289 4287 345 4340 quo
365 4269 521 4322 consilium
541 4271 629 4321 etiam
646 4271 870 4343 significaretur,
890 4278 923 4320 ut
941 4289 1027 4340 supra
1044 4272 1091 4323 IV.
1112 4276 1153 4326 ll.
1174 4272 1222 4323 24:

67 4356 150 4408 quum
174 4341 308 4407 (nonest)
334 4368 368 4379 -
392 4339 519 4395 adbibita
536 4340 621 4406 ratio,
648 4357 717 4409 qaae
740 4346 887 4395 sanaret
909 4369 940 4379 -
959 4341 1150 4409 crepiditatem:
1175 4340 1225 4392 ubi

66 4411 140 4464 item
155 4413 305 4487 Bentieius
323 4412 455 4484 cupidius
474 4413 603 4466 correxit
626 4418 714 4467 sanet.
751 4416 838 4469 Plura
861 4413 937 4469 dabit
955 4415 1070 4486 Zumpt.
1091 4415 1141 4467 Gr.
1159 4413 1224 4469 liat.

110 4550 189 4596 cicera
205 4550 269 4596 Tusa
284 4552 351 4609 Disp.
365 4553 400 4597 ed.
416 4551 531 4602 Mascr.T.
545 4551 594 4598 111.
956 4521 977 4586 6
