2856 5084
514 236 642 351 utone
663 287 709 368 v,
737 288 788 354 ss.
1152 287 1215 365 ns

64 475 161 540 quam
188 463 296 534 antea,
325 462 532 528 versaretur,
565 465 600 518 et
631 475 733 537 quum
771 451 892 516 fidibus
924 453 1215 540 Pythagoreorum

63 559 158 603 more
178 546 342 611 uteretur,
366 557 530 622 quumque
558 538 592 600 ei
619 539 698 600 libri
725 545 840 600 noctes
862 545 896 601 et
917 535 988 598 dies
1009 539 1214 620 legerentur,

64 623 181 703 quibus
202 625 238 684 in
258 621 377 685 studiis
400 623 505 684 oculis
527 640 596 682 non
617 620 750 707 egebat:
778 629 862 695 tum,
892 618 981 701 quod
1008 620 1079 681 sine
1108 620 1215 682 oculis

61 706 137 768 fieri
156 724 254 788 posse
276 707 333 770 vix
353 701 499 783 videtur,
522 706 725 789 geometriae
756 722 875 765 munus
902 703 1072 780 tuebatur,
1102 703 1215 764 verbis

61 789 272 870 praecipiens
291 787 505 865 discentibus,
534 785 636 866 unde,
659 804 735 868 quo,
766 803 925 866 quamque
947 786 1067 846 lineam
1089 784 1216 845 scribe-

61 877 147 931 rent.
193 869 421 953 Asclepiadem
442 873 568 942 ferunt,
600 887 667 930 non
690 868 873 954 ignobilem
895 867 1083 929 Eretricum
1104 867 1215 950 philo-

60 1059 186 1112 Verbum
219 1060 382 1127 legerentur
417 1058 543 1128 explicat
573 1057 685 1112 Nissen.
718 1056 963 1126 preelegerentur5
996 1055 1087 1132 magis
1115 1056 1217 1110 Latine

60 1129 156 1184 lliihn.
176 1132 375 1184 recitarentur.
414 1131 474 1182 Mr.
702 1161 704 1163 >

133 1208 204 1254 tum
227 1201 298 1267 quod
323 1198 384 1253 sine
406 1196 493 1253 oculis
511 1201 574 1265 fieri
588 1215 670 1269 posse
696 1198 745 1251 vix
763 1197 884 1264 uidetur]
922 1199 1111 1265 „Levimlam
1127 1200 1218 1269 parti-

60 1272 158 1325 culam
180 1277 237 1324 tum
263 1287 317 1340 pro
344 1278 436 1324 tamen
454 1271 618 1336 immutavi,
651 1270 767 1323 iubente
789 1287 821 1322 ac
844 1279 1001 1339 praeeunte
1028 1269 1217 1323 solertissimo
1257 1317 1265 1335 .,
1315 1298 1321 1310 ·

62 1343 174 1396 editore
193 1341 334 1408 Victoria,
352 1350 415 1394 tum
432 1341 513 1394 Pall.
529 1350 653 1410 quatuor
669 1339 847 1410 prioribus.“
871 1338 953 1395 Gebb.
991 1340 1037 1392 Ex
1054 1340 1128 1399 Edd.
1145 1349 1216 1396 vett.

60 1413 145 1465 nulla
161 1401 247 1465 babet
265 1419 334 1477 tum,
367 1419 484 1482 praeter
501 1415 529 1464 P.
549 1414 581 1463 V.
605 1412 676 1468 suot.
697 1411 797 1482 steph.
836 1409 892 1465 Sed
915 1411 1021 1463 habent
1043 1417 1102 1464 tum
1129 1411 1216 1465 Godd.

61 1491 92 1538 et
118 1483 241 1553 plurimi
264 1490 294 1536 et
322 1483 435 1553 optimi.
472 1483 508 1535 In
532 1482 638 1535 duobus
666 1483 734 1536 ΟΠ.
766 1483 849 1536 Vind.
870 1487 894 1538 l.
918 1485 993 1535 Mon.
1015 1484 1040 1535 l.
1069 1483 1142 1550 (ta.)
1175 1492 1217 1536 est

61 1563 163 1617 tamen,
181 1555 213 1605 in
232 1554 306 1610 Gud.
317 1557 344 1610 2.
364 1560 435 1608 tunc.
455 1553 487 1605 in
505 1553 580 1608 Gud.
602 1561 631 1605 et
647 1554 744 1606 Duisb.
764 1553 859 1606 nescio
878 1560 978 1605 utrum
993 1559 1052 1606 tum
1070 1572 1106 1606 an
1125 1560 1217 1609 tumen

60 1626 217 1700 legendum
235 1621 501 1694 sit·compendium.
539 1626 575 1677 ln
601 1623 673 1676 Edd.
697 1625 773 1676 Vict.
801 1623 869 1678 Rob.
890 1623 989 1694 Steph.
1014 1625 1152 1677 scribitur
1168 1623 1218 1678 uix

59 1697 124 1764 fieri
139 1713 234 1764 possm
253 1697 284 1748 in
302 1696 368 1752 God.
388 1695 476 1750 Rehd.
498 1695 650 1749 uideretur.
670 1703 704 1748 ut
723 1697 814 1749 estin
832 1694 944 1765 aliquot
958 1696 1027 1751 Oxx.
1046 1695 1120 1749 Edd.
1140 1697 1215 1754 oliv.

59 1777 89 1822 et
108 1770 159 1823 Ox.
195 1768 255 1820 Mr.
483 1798 485 1802 ν
515 1805 516 1808 ¹
575 1802 577 1806 »
656 1779 658 1782 ’

132 1838 316 1892 Geometriae
333 1839 449 1904 munus]
486 1838 534 1892 Sic
554 1836 750 1908 philosophiae
772 1855 869 1892 munus
886 1839 956 1891 alibi
973 1846 1079 1893 noster.
1117 1842 1217 1918 Longe

60 1925 130 1962 vero
148 1908 309 1961 mirabilius
328 1918 380 1976 est,
400 1908 476 1980 quod
493 1908 528 1961 de
541 1908 666 1976 Didymo
685 1919 820 1962 narratur
837 1909 1042 1963 Alexandrino.
1072 1912 1219 1982 Hierony·

59 1998 123 2032 mus
145 1980 179 2032 de
197 1979 268 2031 viris
286 1980 381 2032 Illust.
401 1998 464 2050 cap·
482 1978 554 2031 CIX.
587 1979 726 2049 Didymus
744 1979 958 2033 Alexandrinus
976 1987 1073 2047 captus
1091 1996 1110 2032 a
1125 1997 1218 2050 pareo

59 2055 151 2105 aetate
169 2050 268 2117 oculis,
289 2057 316 2103 et
334 2052 367 2104 ob
385 2050 418 2105 id
435 2050 630 2103 elementorum
649 2067 750 2119 quoque
769 2049 902 2119 ignarus,
926 2055 1033 2103 tantam
1050 2050 1218 2106 miraculum

58 2122 105 2176 sui
123 2120 248 2175 omnibus
262 2123 402 2190 praebuit,
434 2127 465 2173 ut
483 2119 671 2174 Dialecticam
694 2136 797 2190 quaque
819 2128 846 2173 et
864 2121 1059 2188 Geometriam,
1087 2127 1218 2192 quaeest

58 2191 182 2246 maxime
206 2192 268 2245 uisu
294 2192 415 2261 indiget,
447 2208 532 2260 usque
556 2193 594 2245 ad
620 2191 770 2258 perfectum
793 2190 937 2248 didicerit.
973 2193 1045 2246 Vide
1072 2193 1110 2245 sis
1129 2195 1217 2247 etiam

59 2262 252 2318 sozomenum
269 2263 386 2328 111‚.15.
424 2264 572 2316 Socratem
590 2263 639 2326 IV,
658 2266 702 2318 25.
723 2263 850 2316 etalios.
888 2261 964 2327 Quin
989 2272 1019 2314 et
1038 2263 1217 2330 Cassiodorus
1255 2267 1259 2274 '

59 2335 95 2388 de
113 2335 183 2386 lust.
202 2334 267 2386 Div.
287 2335 379 2386 Liter.
400 2350 462 2402 cap.
482 2336 507 2387 5.
526 2341 678 2402 postquam
703 2333 737 2385 de
755 2333 881 2402 llidymo
899 2333 986 2384 verba
1003 2335 1122 2399 fecerat,
1151 2335 1217 2388 sub·

58 2406 104 2458 dit
123 2405 157 2457 de
173 2403 303 2472 partibus
321 2405 409 2458 Asiae
427 2405 562 2473 quendam
586 2402 625 2454 ad
648 2417 698 2456 nos
721 2403 832 2456 venisse
850 2403 998 2457 Eusebium
1022 2405 1142 2472 nomine,
1170 2408 1218 2476 qui

59 2490 92 2529 se
109 2474 241 2541 infantem
261 2476 378 2543 quinque
395 2491 532 2528 annorum
549 2475 590 2528 sic
607 2478 749 2526 caecatum
768 2490 826 2526 esse
843 2475 989 2538 narrabat,
1016 2482 1048 2527 at
1065 2475 1217 2531 sinistrum

59 2545 121 2600 eius
145 2545 253 2598 oculum
277 2547 362 2612 fuisse
390 2551 552 2599 encaustum
579 2544 659 2598 orbis
680 2544 911 2612 profundissimis
936 2544 1094 2599 indicaret:
1120 2548 1217 2602 dexter

58 2633 124 2671 uero
142 2616 244 2686 globus
262 2616 354 2669 uitreo
371 2618 466 2670 colore
483 2615 612 2680 confusus
635 2615 696 2669 sine
713 2616 827 2670 uidendi
844 2614 943 2685 gratia
966 2618 1151 2683 infructuosis
1169 2618 1216 2672 ni-

58 2687 136 2740 sibus
153 2688 318 2739 ooloebatur.
356 2689 464 2742 Hic-
485 2685 654 2754 disciplinas
678 2702 770 2740 omnes
794 2695 820 2741 et
845 2686 940 2740 animo
960 2687 1104 2754 retinebat,
1124 2697 1150 2743 et
1167 2707 1216 2744 ex-

55 2757 191 2827 positione
209 2759 376 2825 planissima
395 2759 542 2812 lucidabat.
572 2759 617 2811 Ne
635 2766 731 2810 autem
749 2759 858 2812 laboret
870 2759 1027 2812 Annalium
1044 2760 1125 2826 fides,
1143 2761 1216 2814 facit

57 2829 196 2881 Nicotaus
212 2825 414 2893 Sandersonus,
433 2829 510 2898 apud
528 2827 775 2902 cantabrigienses
793 2829 951 2882 ltlatbeseos
968 2831 1129 2896 Professum
1149 2847 1216 2883 nam

60 2915 136 2963 eum,
155 2899 224 2954 dum
241 2900 381 2952 secundus
398 2900 545 2952 laberetur
563 2899 661 2950 aetatis
679 2916 778 2963 annus,
798 2899 889 2952 oculis
906 2900 1062 2968 privarunt
1079 2901 1214 2955 variolae.
1271 2911 1274 2915 '

58 2969 260 3022 Nihilominus
286 2979 384 3023 tamen
408 2969 675 3022 Mathematicarum
701 2969 921 3039 disciplinarum
945 2971 1135 3039 peritissimus
1162 2980 1215 3040 est,

59 3057 161 3117 easque
179 3058 290 3092 summa
307 3059 374 3094 cum
392 3039 475 3093 laude
494 3041 552 3093 iam
569 3057 647 3092 nunc
665 3040 748 3093 docet
765 3040 813 3092 vir
830 3040 961 3097 eximius.
997 3041 1035 3094 D.

130 3130 298 3195 geometriae
322 3144 418 3182 manus
442 3127 587 3195 tuebatur]
625 3128 704 3194 Quod
722 3130 883 3182 coniecerat
902 3129 934 3181 in
951 3129 1003 3182 Ed.
1026 3133 1051 3185 2.
1083 3128 1215 3187 Davisius

58 3207 226 3268 geometrae,
260 3200 292 3251 in
315 3200 369 3252 Ed.
396 3203 422 3256 3.
457 3200 563 3252 rnerito
588 3199 705 3252 silentio
727 3201 841 3270 pressit,
872 3201 1043 3270 laudataque
1069 3201 1215 3257 locutione

56 3268 253 3338 pbilosopbiae
270 3287 368 3324 munus
387 3271 467 3340 quasi
485 3270 633 3327 refutavit.
672 3269 737 3337 Sed,
764 3280 798 3324 ut
818 3289 922 3325 verum
939 3273 1040 3337 fatear,
1066 3289 1133 3324 eum
1150 3273 1217 3342 qui·

59 3341 125 3393 dem
141 3342 250 3408 locum,
270 3359 326 3411 quo
346 3342 447 3395 Cicero
466 3341 507 3393 ita
524 3341 684 3410 scripserit,
707 3359 801 3412 neque
820 3343 881 3412 ipse
900 3341 1040 3394 indicavit
1057 3343 1138 3408 Dav,
1166 3360 1216 3396 ne·

59 3428 116 3480 que
135 3428 187 3485 ego
205 3413 333 3481 reperio:
365 3429 432 3464 nam
455 3412 530 3494 quod
556 3411 596 3463 ait
615 3412 674 3466 Gic.
703 3413 737 3465 de
762 3413 848 3467 Univ.
879 3415 920 3467 14.
950 3422 1023 3468 extr.
1050 3411 1215 3480 pbiloso-

57 3479 177 3550 pbiam
195 3482 355 3536 mortalium
373 3496 473 3551 genere
492 3482 606 3537 deorum
632 3499 776 3538 munere
803 3500 863 3537 esse
886 3484 990 3549 datam,
1017 3482 1047 3534 id
1065 3484 1144 3536 aliud
1163 3492 1213 3536 est.

59 3553 196 3606 Ceterum
212 3562 246 3605 ut
264 3554 500 3622 scripsitcicero
517 3554 616 3606 baelio
635 3558 678 3619 19,
697 3558 744 3610 67:
765 3555 913 3609 amicitiae
932 3568 1040 3619 munus,
1061 3553 1102 3607 ita
1118 3555 1216 3625 potuit

59 3624 148 3677 etiam
166 3623 262 3675 dicere
281 3626 451 3690 geometriae
469 3639 575 3690 munus,
592 3632 627 3675 ut
645 3627 682 3676 sit
700 3626 720 3676 i.
741 3644 768 3695 q.
789 3627 884 3678 omnia
902 3633 1052 3678 exsecutus
1071 3634 1121 3691 est,
1141 3643 1214 3696 quae

58 3710 106 3746 ars
125 3693 179 3743 ista
197 3692 263 3744 fieri
280 3695 416 3762 postulat,
442 3702 476 3747 ut
494 3697 521 3748 ei
540 3695 666 3748 satisfiat.
705 3697 739 3749 ln
757 3696 826 3749 God.
845 3697 929 3749 Vind.
951 3701 975 3752 l.
1003 3696 1145 3766 scriptum
1172 3705 1216 3750 est

57 3764 191 3817 utebatur
207 3778 261 3831 pro
279 3764 421 3819 tuebatur:
449 3783 539 3835 aeque
558 3767 656 3836 inepte
674 3783 707 3818 ac
726 3766 792 3820 Cod.
813 3767 886 3820 Gud.
905 3767 1082 3836 geometrice.
1119 3770 1215 3820 Potest
1307 3827 1308 3830 Ἴ

59 3835 149 3888 etiam
167 3833 296 3884 conferri
313 3831 348 3888 de
371 3834 436 3888 Sen.
456 3838 501 3900 21,
522 3840 569 3892 tt:
594 3853 706 3890 munere
730 3838 903 3893 necessitatis
927 3839 1138 3906 perfungimum
1168 3839 1214 3902 20,

58 3909 106 3962 ⁷2:
125 3919 224 3956 munus
243 3903 333 3968 officii
350 3905 433 3958 tueri.
450 3909 537 3960 “Post
555 3906 625 3961 haec
638 3908 717 3963 ¹Gud.
738 3911 764 3963 2.
788 3908 875 3961 habet
902 3906 1144 3960 discedentibus
1161 3922 1215 3976 pro

58 3975 238 4040 discentibus,
257 3976 331 4026 Mon.
354 3981 378 4030 l.
399 3976 510 4029 ornittit
529 3994 588 4046 quo.
625 3980 680 4030 Pro
699 3994 832 4046 quousque
854 3995 890 4030 ex
907 3977 974 4033 God.
993 3985 1051 4028 vet.
1072 3976 1104 4027 in
1121 3993 1213 4060 marg.

58 4047 172 4099 Lambb.
193 4054 223 4098 et
242 4044 330 4101 Goth.
355 4046 497 4115 scriptum
522 4064 581 4100 esse
606 4047 715 4100 dicitur
734 4063 821 4116 quarn,
847 4055 877 4100 et
900 4048 941 4099 ita
965 4047 1083 4099 edidisse
1101 4047 1217 4099 Lambr-

58 4135 136 4170 num.
174 4117 230 4170 Sed
254 4132 349 4185 neque
372 4116 440 4168 Fre.
459 4117 542 4169 Febr.
571 4118 744 4183 itaedidit,
765 4119 816 4188 qui
840 4118 911 4171 alibi
928 4126 1060 4170 accurate
1082 4117 1217 4186 sequitur

58 4187 237 4253 Lambinum,
256 4204 351 4256 neque
370 4188 428 4252 Or,
448 4187 500 4256 qui
516 4195 648 4240 accurate
666 4188 718 4246 Ed.
732 4189 828 4242 bamb.
851 4192 927 4246 1566.
947 4187 1081 4253 contulit,
1101 4187 1216 4259 aliquid⁴

58 4259 206 4312 varietatis
230 4259 365 4310 enotavit.
402 4259 462 4313 Mr.

77 4358 81 4366 ·
128 4347 321 4416 Asclepiadem
335 4348 428 4414 ferunt
441 4362 494 4400 non
507 4343 658 4413 ignobilem
679 4363 740 4401 nec
763 4345 988 4403 inexercitum
1015 4347 1214 4419 pbilosopbum]

58 4417 187 4485 „Mirum
205 4419 336 4488 profecto
355 4427 407 4486 est,
433 4427 492 4474 tam
512 4427 596 4488 turpe
613 4419 751 4474 mendum
769 4427 848 4473 tanto
873 4428 1002 4492 tempore
1020 4421 1099 4477 bunc
1117 4423 1214 4478 locum
