2856 5084
398 297 399 301 i
462 251 590 316 mma
613 254 656 332 v,
677 254 727 318 us.
749 255 800 318 11.
882 320 885 326 Α
1072 203 1074 208 ¹
1152 256 1212 323 ns

60 417 239 479 arbitrium
261 418 405 478 referre:
428 418 497 480 suis
519 427 608 479 stare
624 415 770 479 iudiciis.
811 417 884 482 Quo
908 415 986 498 quid
1006 419 1050 479 sit
1071 418 1210 500 beatius,

60 500 143 559 mihi
165 508 255 560 certe
276 500 311 557 in
332 506 477 559 mentem
497 501 615 560 venire
633 518 698 559 non
711 507 832 578 potest.
871 499 1062 561 Stoicorum
1077 501 1208 582 quidem
1227 507 1271 561 82.

61 581 168 641 facilis
190 581 357 641 conclusio
380 589 446 641 est:
470 583 526 661 qui
548 601 647 661 quum
660 580 758 641 finem
774 581 1019 642 bonorumesse
1034 586 1210 662 senserint,

60 680 248 745 congruere
276 670 415 722 naturae
446 680 585 742 cumque
615 679 653 722 ea
674 663 915 723 convenienter
943 665 1080 743 viveret,
1112 687 1212 744 quum

59 742 95 802 id
116 746 160 803 sit
181 743 216 801 in
237 744 386 824 sapiente
409 744 522 819 situm,
544 763 610 804 non
633 742 742 804 officio
755 743 875 820 solnm,
896 763 1014 805 verum
1038 746 1139 805 etiam
1153 767 1210 828 po-

57 832 198 898 testat03
220 833 377 906 sequatur
397 842 529 885 necesse
551 833 609 895 est,
631 831 679 899 ut,
703 827 797 886 cuius
819 826 854 884 in
865 833 1028 904 potestate
1042 847 1205 888 summum
1229 842 1255 893 b.

58 905 195 981 bonum,
217 906 253 965 in
276 905 424 966 eiusdem
445 907 517 968 vita
540 905 634 966 beata
655 907 708 968 sit.
742 905 794 966 Ita
815 906 855 967 fit
875 925 1006 990 semper
1027 909 1097 968 vita
1112 909 1210 971 beata

58 988 228 1068 sapientis.
271 988 392 1058 Habes,
415 1007 496 1068 quae
518 988 701 1049 fortissime
724 984 764 1048 de
785 987 882 1048 beata
901 990 972 1050 vita
993 986 1061 1049 dici
1075 998 1209 1072 putem3

58 1078 102 1144 et,
122 1067 288 1167 quomodo
310 1089 398 1130 nunc
420 1079 480 1140 est,
513 1071 579 1128 nisi
611 1066 691 1149 quid
712 1076 751 1128 tu
772 1069 892 1130 melius
914 1070 1080 1160 attuleris,
1110 1073 1208 1133 etlam

44 1168 255 1215 ‘verissimas

140 1249 179 1309 A.
203 1249 326 1311 Melius
348 1246 501 1328 equidem
523 1251 646 1310 afferre
666 1248 753 1308 nihil
775 1266 927 1328 possum3
959 1249 1018 1311 sed
1045 1270 1064 1311 a
1091 1261 1125 1313 te
1146 1254 1209 1314 im·
1230 1260 1272 1323 29

58 1433 175 1485 additur
199 1434 248 1485 vel
273 1433 329 1485 non
353 1433 478 1498 additur,
505 1433 591 1485 habes
616 1449 750 1506 magnam
774 1448 809 1484 ex
827 1432 973 1486 Ciceronis
998 1432 1080 1485 libris
1099 1451 1132 1487 co
1153 1434 1210 1486 iam
1266 1488 1270 1498 ¹

60 1503 213 1555 collectam
231 1521 247 1554 a
266 1503 421 1567 Gahblero,
448 1505 513 1554 viro
532 1503 706 1567 doctissimo,
735 1502 766 1553 in
784 1501 883 1554 Jahnii
907 1501 1023 1556 Annali.
1044 1504 1126 1557 Philo
1153 1543 1160 1556 .
1181 1512 1210 1558 et

57 1573 195 1647 Paedagg.
218 1575 295 1628 1829.
317 1573 353 1626 11.
374 1576 399 1628 4.
420 1591 447 1642 p.
468 1575 520 1629 393
538 1590 598 1646 sq.¹
616 1575 677 1627 Mr.
729 1599 731 1608 ι
912 1586 920 1594 ‘

129 1644 165 1695 In
183 1644 318 1712 sapientis
337 1645 420 1696 sitam
437 1659 490 1695 aaa
507 1642 600 1708 officio
617 1643 715 1704 solum,
733 1659 826 1696 aeram
845 1641 930 1696 etiam
945 1644 1095 1711 potestate]
1114 1645 1208 1718 Vulgo

58 1713 89 1765 ia
107 1715 241 1781 sapiente,
260 1731 313 1765 nec
331 1714 416 1766 aliter
434 1712 561 1765 Codices.
597 1712 637 1765 At
654 1729 715 1778 nos,
734 1713 897 1779 iisinvitis,
916 1714 1049 1766 Lambini
1062 1716 1208 1767 coniectu·

57 1800 120 1835 ram
139 1801 234 1856 sumus
253 1783 389 1852 amplexi,
408 1801 494 1918 quam
512 1783 637 1852 postulat
655 1783 756 1837 oratic.
792 1784 829 1836 D.

129 1853 160 1904 in
178 1854 303 1921 sapiente
320 1853 413 1917 mlum,
464 1853 642 1927 „Ingeniosa
659 1861 702 1905 est
719 1853 852 1907 Lambini
876 1853 1037 1906 emendatio
1060 1871 1076 1905 a
1093 1853 1208 1906 Davisio

56 1931 189 1992 recepta:
217 1939 357 1975 necuere
380 1923 446 1975 satis
465 1940 568 1995 magna
589 1923 647 1974 fuit
674 1940 756 1975 eausa
773 1924 947 1993 spernendae
971 1922 1102 1975 omnium
1118 1924 1210 1976 libro·

56 2009 123 2042 rum
142 1993 330 2057 auctoritatis,
351 1995 401 2062 qui
419 1992 450 2043 in
468 1993 593 2044 lectione
611 1991 737 2060 sapiente
762 1992 978 2047 consentiunt.“
1003 1990 1093 2045 Bauli.
1131 1994 1208 2058 „sic

58 2060 206 2129 [sapiente]
234 2063 305 2114 libri
331 2079 436 2115 omnes.
474 2063 571 2116 Placet
595 2071 701 2127 tamen,
730 2063 806 2131 quod
830 2063 941 2132 recepit
962 2062 1032 2119 Dav.
1058 2063 1090 2116 in
1108 2063 1160 2116 Ed.
1181 2066 1207 2119 2.

56 2132 204 2200 sapientis,
235 2142 269 2184 ut
287 2133 409 2201 pendeat
437 2133 470 2184 ab
495 2131 591 2199 officio
615 2142 645 2185 et
666 2132 836 2201 potestate.“
860 2134 927 2186 Era.
963 2134 1146 2202 Receperunt
1163 2151 1209 2188 ea-

54 2202 160 2271 pientis
182 2202 328 2260 FAWolf.
359 2201 444 2255 Scbz.
469 2203 515 2259 Or.
541 2202 631 2255 Nobb.
656 2203 730 2254 Tbn.
767 2204 832 2278 Ego
856 2221 926 2256 vero
950 2203 1066 2256 restitui
1084 2205 1208 2271 sapiente
1303 2216 1307 2225 ⁸

58 2289 94 2325 ex
112 2273 196 2326 codd.
218 2281 248 2326 et
266 2289 331 2324 cum
348 2274 381 2326 11.
400 2274 527 2338 Klotzio,
551 2273 584 2323 V.
605 2273 635 2326 G.
661 2272 703 2338 (in
728 2272 839 2336 delinit,
867 2273 946 2327 Seeb.
974 2281 1002 2324 et
1025 2273 1071 2324 Kl.
1090 2272 1206 2324 Annall.

56 2342 176 2396 Philoll.
197 2345 274 2399 1833.
294 2345 319 2398 5.
339 2361 367 2412 p.
387 2347 422 2399 62
440 2341 495 2413 sq.)
513 2343 611 2395 locum
630 2345 670 2394 ita
688 2342 843 2414 intelligo:
862 2341 910 2392 Da
929 2340 1005 2393 die's
1023 2340 1098 2393 dem
1110 2342 1208 2397 Wei-

59 2430 121 2465 sen
151 2414 314 2478 zusteht,
352 2412 459 2465 nicht
487 2430 553 2463 nur
585 2411 674 2464 nach
703 2412 828 2464 seiner
854 2411 1015 2477 Pflicht,
1052 2411 1208 2464 sondern

57 2482 152 2535 auch
174 2479 266 2536 nach
293 2482 574 2547 seinerlllacht5
599 2498 633 2534 so
651 2481 748 2555 folgt
772 2479 1010 2556 nothwendig
1033 2508 1067 2519 -
1088 2482 1208 2535 Confert
1249 2494 1252 2499 “

58 2553 119 2605 Cic.
140 2553 174 2605 de
192 2554 257 2607 Sen.
278 2555 322 2619 16,
340 2555 384 2617 26,
403 2553 452 2605 ubi
471 2560 514 2605 est
533 2569 617 2620 aeque
633 2555 722 2605 solam
740 2552 833 2618 officio
852 2553 953 2604 —sed
977 2559 1005 2604 et
1024 2552 1208 2605 delectatione

59 2650 93 2660 -
111 2629 138 2676 et
156 2655 189 2664 -
207 2623 287 2692 capia
305 2639 407 2676 reram.
428 2623 495 2676 cod.
515 2622 611 2674 Duisb.
632 2623 743 2674 omittit
761 2624 801 2676 sit
820 2640 886 2675 cum
906 2630 1029 2691 quatuor
1048 2624 1117 2677 Oxx.
1138 2618 1205 2676 God.

55 2694 140 2746 Vind.
160 2697 184 2748 1.
204 2694 291 2747 habet
308 2693 347 2744 se't
364 2692 405 2746 id.
425 2695 509 2746 Bern.
529 2708 591 2744 cam
608 2691 640 2746 id
652 2691 697 2753 sit
715 2693 728 2744 i
737 2691 794 2745 asi
799 2697 810 2744 t
828 2693 858 2746 ia
876 2694 1000 2759 sapiente
1023 2692 1121 2745 eitam.
1159 2691 1208 2746 Se·

42 2765 149 2826 ‚cunda
166 2781 265 2815 manus
283 2763 352 2817 insit
371 2764 448 2816 linea
466 2772 627 2815 transversa
646 2762 754 2814 delevit
773 2769 803 2816 et
840 2764 934 2814 unctis
953 2763 1073 2815 notavit.
1111 2764 1170 2816 Mr.
1222 2768 1225 2774 '

129 2840 172 2894 at,
191 2834 269 2887 cuius
285 2832 317 2885 in
340 2839 478 2901 potestate
496 2848 630 2886 summum
657 2832 775 2898 bonam]
836 2832 879 2884 od.
905 2832 988 2883 Vind.
1011 2830 1206 2886 1111111111

56 2903 95 2957 ia.
134 2905 227 2956 Verba
244 2908 376 2972 sequatur
394 2935 426 2945 -
446 2905 477 2957 in
491 2909 631 2972 potestate
649 2903 751 2955 desunt
775 2902 807 2952 iu
825 2901 892 2955 cod.
913 2902 985 2956 Gud.
1005 2904 1030 2956 2.
1057 2904 1093 2955 ln
1110 2901 1207 2955 Duisb.

57 2978 132 3026 Mon.
155 2979 179 3028 1.
199 2975 311 3048 legitur
327 2989 460 3027 summam
477 2975 575 3026 bonam
594 2975 662 3036 sa't,
681 2972 826 3041 posterior
844 2972 953 3024 omittit
971 2989 1091 3040 sequens
1109 2971 1151 3034 in,
1173 2980 1208 3023 ut

57 3045 124 3098 God.
145 3045 235 3098 Rehd.
256 3045 290 3096 ln
307 3044 363 3097 hoc
380 3061 450 3097 vero
468 3043 580 3116 legitur
597 3057 730 3095 summam
748 3042 845 3094 bonam
863 3046 933 3105 est,
952 3041 1029 3094 eius
1050 3039 1109 3094 vita
1127 3043 1218 3107 beata,

57 3115 109 3167 sit:
136 3115 168 3166 in
186 3131 243 3186 quo
262 3115 391 3189 agnoscis
410 3130 527 3165 manum
553 3113 725 3165 correctoris
742 3111 905 3182 saepissime
924 3112 1094 3165 Ciceronem
1117 3113 1208 3165 corri-
1311 3122 1312 3126 ’

56 3185 161 3260 gentis.
198 3186 290 3237 Habet
308 3183 370 3236 eius
389 3184 492 3236 omisso
509 3181 540 3233 ia
558 3191 588 3234 et
606 3184 668 3235 dem
687 3183 774 3235 etiam
792 3200 865 3234 unus
884 3183 934 3235 Ox.
971 3185 1036 3235 Post
1058 3182 1141 3236 beata
1160 3200 1208 3235 ex-

57 3256 130 3308 cidit
148 3257 187 3309 111
206 3257 237 3307 in
256 3254 339 3307 Vind.
366 3258 391 3308 l.
427 3253 486 3308 Mr.

128 3325 174 3378 Ita
193 3326 223 3391 fi
229 3330 241 3378 t
259 3341 367 3393 semper
384 3322 445 3376 nita
463 3323 543 3374 beata
560 3321 706 3388 sapientis]
742 3322 893 3393 „Accepit
911 3331 940 3374 et
958 3322 1049 3376 edidit
1066 3323 1106 3376 sic
1124 3325 1207 3375 Lam-

56 3396 140 3449 binus
160 3414 176 3447 a
192 3397 331 3462 Victoria,
352 3403 382 3447 et
400 3394 505 3450 melius
524 3393 640 3445 omnino
660 3400 703 3443 est
721 3392 841 3445 inPall.
861 3393 966 3462 primo,
986 3392 1084 3457 tertio,
1105 3395 1206 3464 quinto

26 3492 29 3495 <
56 3483 89 3519 ac
108 3467 191 3519 Fabr.
227 3466 322 3540 Vulgo
339 3464 383 3517 ita
401 3464 451 3517 sit
470 3490 503 3499 -
521 3465 581 3515 otta
599 3461 709 3514 beata.“
728 3461 810 3516 Geta.
848 3463 927 3528 Quod
949 3463 990 3515 ait
1009 3463 1099 3516 Gebh.
1117 3464 1207 3548 vulgo

56 3537 117 3611 legi
135 3536 175 3588 sit
198 3545 241 3588 est
264 3537 296 3588 in
321 3536 374 3588 Ed.
396 3533 482 3588 Goth.
504 3533 585 3584 cuius
612 3533 670 3583 tria
688 3532 723 3584 ad
740 3551 857 3586 manum
883 3541 949 3584 sunt
968 3532 1099 3601 exempla
1115 3535 1206 3588 variis

55 3608 129 3659 locis
146 3606 291 3675 variisque
310 3607 390 3657 annis
410 3601 519 3657 excusa.
555 3604 595 3655 Le
617 3602 678 3652 itur
695 3604 743 3668 sit,
763 3620 917 3673 operarum
937 3620 1044 3667 errore,
1069 3603 1156 3658 etiam
1174 3605 1206 3668 in

55 3677 130 3730 Edd.
149 3675 234 3726 Verb.
253 3675 401 3727 Davisiana
419 3673 516 3729 Rathii
535 3681 564 3724 et
612 3672 687 3724 obbii
705 3674 826 3726 minore.
864 3673 987 3747 Legitur
1004 3674 1084 3728 teate
1101 3675 1207 3728 vitain

57 3746 145 3800 Codd.
172 3742 271 3795 Duisb.
301 3746 388 3797 ltlarb.
414 3753 444 3796 et
468 3747 542 3797 Mon.
563 3745 587 3796 2
626 3742 661 3793 ln
688 3761 766 3814 seqq.
796 3762 869 3796 unus
889 3744 938 3796 Ox.
963 3743 1049 3809 habet
1072 3746 1206 3816 manando

55 3833 135 3872 vere
154 3821 204 3867 eet.
224 3814 308 3866 Vind.
330 3817 354 3866 1.
373 3814 484 3866 omittit
501 3820 540 3865 tu.
560 3806 648 3865 Rebd.
672 3812 759 3867 habet
788 3815 920 3868 attuleris
946 3815 1054 3868 melius.
1084 3818 1158 3868 ltlon.
1179 3818 1204 3868 1.

57 3897 87 3942 et
106 3888 157 3939 Ox.
177 3883 211 3935 D.
231 3891 371 3958 pergunt:
397 3883 482 3936 Atti.
509 3883 605 3935 Etiam
618 3882 776 3940 verissime.
814 3885 921 3938 Melina
939 3885 1081 3953 equidems
1104 3884 1206 3954 quibus

57 3957 168 4012 accedit
186 3955 259 4007 alius
279 3953 365 4007 etiam
383 3953 432 4007 Ox.
469 3953 506 4005 Iu
523 3969 580 4004 uno
600 3954 649 4007 Ox.
670 3963 712 4006 est
731 3961 762 4005 et
785 3956 941 4009 verissime.
978 3953 1039 4005 Mr.

129 4063 196 4132 cap.
216 4062 259 4114 29.
297 4057 405 4113 Melias
432 4055 582 4126 equidem]
619 4058 667 4112 Sic
694 4059 764 4132 Reg.
795 4058 941 4111 Pithoean.
968 4055 1042 4109 Med
1075 4064 1105 4111 et
1135 4058 1204 4109 Bak.

58 4134 153 4206 Vulgo
172 4130 289 4198 quidem.
327 4128 363 4182 D.

127 4201 235 4259 Melias
254 4197 434 4268 equidem]
471 4197 516 4253 111
532 4197 689 4298 legendnm
706 4212 760 4265 pro
778 4196 895 4272 uulgato
918 4197 1038 4266 quidem,
1064 4213 1100 4249 ex
1119 4196 1205 4252 Godd.

55 4274 124 4349 Reg.
150 4290 207 4327 uno
226 4273 304 4328 beid.
330 4281 358 4326 et
381 4268 559 4325 Davisianis.‘
596 4265 683 4320 Boot.
720 4269 902 4336 Recepernnt
925 4266 1053 4336 equidem
1076 4268 1146 4320 Ern.
1175 4278 1205 4322 et

56 4361 135 4415 seqq.
147 4344 241 4413 ‘idque
259 4343 339 4414 prius
359 4347 527 4411 receperant
545 4338 622 4392 vict.
642 4338 674 4391 G.
693 4337 791 4394 Herw.
813 4340 837 4392 l.
857 4339 883 4394 2.
911 4337 980 4396 Rob.
1000 4337 1098 4408 Steph.
1118 4339 1203 4393 Leod.
